2376 3924
356 245 465 294 arnna
482 243 534 308 111,
555 244 630 293 oar.
650 245 758 295 ca-oo.
987 241 1048 306 135

72 457 222 521 memque
246 436 288 500 ad
311 458 385 500 eum
408 431 550 500 deferte?
596 435 669 499 Hoc
691 454 770 499 casu
793 432 900 518 aquila
922 455 1047 498 conser-

71 548 168 604 vatur
191 538 337 604 omnibus
361 542 484 627 primae
516 539 654 604 cohortis
683 536 922 603 centurionibus
952 540 1047 602 inter-

71 644 163 706 fectis
186 652 314 728 praeter
336 646 514 729 principem
537 645 685 729 priorem.

158 745 208 810 65.
232 746 367 831 Iamque
390 747 578 831 Pompeiani
600 769 720 830 magna
743 744 842 809 caede
865 751 1048 807 nostrorum

72 852 185 914 castris
208 849 387 913 Marcellini
410 848 716 935 appropinquabant
737 870 802 913 non
817 848 972 911 mediocri
986 855 1047 910 ter·

70 975 144 1016 rore
177 952 262 1016 illato
291 952 422 1038 reliquis
450 952 644 1035 cohortibus,
674 961 706 1016 et
728 953 773 1016 M.
797 951 967 1034 Antonius,
992 953 1068 1037 quir

71 1060 255 1145 proximum
277 1056 382 1122 locum
405 1058 638 1143 praesidiorum
661 1055 804 1138 tenebat,
837 1078 877 1119 ea
905 1077 941 1118 re
969 1077 1048 1119 nun·

71 1165 149 1225 tiata
179 1182 252 1226 cum
281 1161 465 1227 cohortibus
487 1179 539 1224 ΧΠ
562 1160 762 1225 descendens
791 1181 834 1223 ex
861 1158 929 1223 loco
957 1180 1048 1244 supe-

70 1269 154 1329 riore
177 1264 379 1330 cernebatur.
426 1263 525 1329 Cuius
548 1264 707 1328 adventus
729 1264 943 1348 Pompeianos
966 1284 1048 1326 corn·

71 1372 187 1454 pressit
209 1379 400 1453 nostrosque
422 1369 573 1450 fimavit,
596 1376 633 1431 ut
655 1389 689 1431 se
712 1389 755 1430 ex
776 1368 918 1430 maximo
933 1367 1048 1429 timore

71 1473 265 1556 colligerent.
311 1474 424 1557 Neque
454 1472 554 1536 multo
577 1480 649 1558 post
671 1470 792 1535 Caesar
814 1471 1069 1554 significationes
1158 1498 1160 1501 v

71 1599 129 1662 per
152 1576 282 1640 castella
304 1576 392 1640 fumo
415 1575 511 1657 facta,
544 1584 581 1639 ut
603 1582 673 1639 erat
695 1576 867 1660 superioris
895 1575 1048 1659 temporis

71 1679 279 1762 consuetudo,
303 1679 450 1767 deductis
473 1677 669 1765 quibusdam
692 1676 876 1743 cohortibus
899 1698 942 1741 ex
957 1699 1047 1762 prae-

71 1785 159 1848 sidiis
196 1784 311 1848 eodem
344 1786 441 1848 venit.
489 1784 554 1865 Qui
587 1784 714 1867 cognito
748 1782 940 1846 detrimento
974 1802 1069 1846 cumr

70 1887 352 1952 animadvertisset
379 1888 569 1973 Pompeium
597 1896 692 1951 extra
722 1888 914 1951 munitiones
943 1907 1048 1971 egres·

70 2015 151 2074 sum,
175 1992 353 2056 secundum
375 2014 466 2056 mare
488 1999 525 2055 ut
546 1989 647 2055 libere
676 1989 824 2077 pabulari
852 1999 960 2076 posset
987 2011 1049 2054 nec

69 2099 174 2159 minus
203 2096 327 2160 aditum
353 2094 492 2160 navibus
520 2093 666 2177 haberet,
701 2103 897 2160 commutata
924 2097 1048 2159 ratione

69 2198 153 2280 belli,
177 2199 328 2283 quoniam
351 2201 550 2283 propositum
571 2220 636 2262 non
651 2205 810 2280 tenuerat,
834 2207 941 2262 castra
956 2200 1048 2261 iuxta

70 2303 260 2387 Pompeium
282 2303 408 2365 munire
431 2303 531 2365 iussit.

156 2406 207 2468 66.
232 2405 307 2486 Qua
335 2404 480 2488 perfecta
508 2405 684 2468 munitione
713 2403 976 2467 animadversum
999 2412 1048 2467 est

70 2535 89 2574 a
112 2507 366 2594 speculatoribus
389 2506 546 2589 Caesaris,
581 2506 728 2573 cohortes
758 2506 925 2592 quasdam,
960 2505 1048 2591 quod

69 2617 170 2678 instar
193 2612 325 2697 legionis
339 2611 515 2694 videretur,
539 2632 609 2676 esse
623 2620 697 2697 post
711 2609 825 2675 silvam
840 2611 920 2675 etin
934 2618 1048 2673 vetera

70 2727 177 2781 castra
199 2717 283 2781 duci.
321 2714 510 2781 Castrorum
532 2717 579 2781 sic
601 2716 679 2780 situs
703 2723 781 2779 erat.
821 2713 1068 2801 Superioribuss

70 2821 184 2885 (liebus
207 2843 293 2885 nona
316 2819 464 2885 Caesaris
486 2820 579 2905 legio,
610 2841 684 2884 cum
706 2841 741 2883 se
764 2818 934 2884 obiecisset
954 2819 1046 2882 Pom-

70 2926 192 3011 peianis
215 2926 313 3010 copiis
336 2932 434 3008 atque
458 2945 565 3008 opere,
598 2932 635 2988 ut
656 2921 959 3004 demonstravimus,
989 2923 1046 2985 cir·

70 3030 295 3110 curnrnuniret,
329 3036 437 3091 castra
470 3049 508 3091 eo
540 3027 610 3092 loco
644 3029 758 3113 posuit.
803 3027 896 3091 Haec
933 3024 1068 3089 silvams

69 3131 235 3218 quandam
259 3129 490 3215 contingebant
504 3150 610 3215 neque
626 3129 751 3215 longius
767 3153 786 3194 a
801 3131 883 3192 mari
899 3128 1046 3215 passibus

69 3253 132 3300 000
155 3234 301 3299 aberant.
325 3234 403 3299 Post
424 3242 548 3299 mutato
564 3234 693 3299 consilio
709 3232 904 3320 quibusdam
919 3232 959 3296 de
975 3250 1067 3297 cau-⁴

68 3342 112 3404 sis
135 3338 256 3404 Caesar
283 3335 379 3423 paulo
401 3336 492 3403 ultra
509 3359 584 3403 eum
611 3336 717 3402 locum
739 3345 846 3401 castra
874 3335 1046 3419 transtulit,

68 3445 245 3529 paucisque
273 3443 463 3507 intermissis
485 3441 600 3509 diebus
623 3441 738 3508 eadem
760 3442 933 3526 Pompeius
956 3461 1046 3505 occu-

68 3555 206 3638 paverat
227 3556 269 3630 et,
293 3546 380 3638 quod
403 3567 441 3613 so
463 3545 533 3613 loco
554 3544 663 3639 plures
685 3554 756 3615 erat
786 3544 927 3635 legiones
958 3543 1046 3614 habi·
