2376 3924
91 222 157 271 VIII
382 222 593 274 ADNOTATIO
614 223 760 273 CRITICA

195 428 218 461 c.
237 411 279 474 35,
298 415 327 462 3:
347 425 469 477 quaeque
492 409 628 474 ciuitates,
656 412 728 477 quod
755 414 851 478 optimi
874 413 939 463 libri
961 413 1071 477 habent,

92 514 185 547 omnes
211 504 272 562 post
289 497 453 564 Frigellium
477 497 595 547 editores
619 505 791 563 receperunt3
817 504 898 550 antea
916 513 987 565 quae
1005 497 1072 552 civi·

92 587 165 635 totes
183 583 355 648 vulgabatur.
373 609 409 621 -
426 581 450 651 §.
465 585 493 632 4:
514 581 573 635 dies
592 581 749 648 quindecim
767 582 940 651 supplicatio
959 583 1072 638 decretu

91 667 150 738 est]
175 669 286 734 Frigell,
314 670 428 719 Dlibner
453 667 570 730 dierum,
598 670 703 731 Dinter,
727 670 1016 736 Kran-Dittenberger
1040 671 1072 723 in

92 755 152 808 dies
172 756 349 821 scripserunt3
367 757 468 806 retinui
486 756 616 806 lihrorum
630 758 800 822 scripturam,
819 773 880 807 cum
899 760 1071 809 accusativus

91 843 220 907 temporis
248 843 417 893 substantivo
436 842 541 892 verbali
567 843 707 908 appositus
733 858 787 892 non
810 843 897 909 magis
920 844 1004 895 mirus
1029 846 1070 907 sit,

92 944 173 994 quam
200 931 372 980 accusativus
395 929 440 980 vel
465 929 601 981 ablativus
624 931 678 980 loci
703 945 762 979 cum
787 929 944 980 verbalibus
969 936 1071 980 motum

92 1015 308 1082 significantibus
328 1021 505 1067 constructus.

194 1121 225 1170 B.
245 1119 276 1169 G.
295 1120 345 1180 111,
366 1120 389 1181 1,
409 1121 438 1168 6:
459 1117 509 1186 [ud
526 1117 716 1185 hiemandum]
737 1118 839 1168 delevit
855 1119 968 1169 Kraner.

195 1223 218 1256 c.
237 1207 262 1269 8,
280 1205 308 1255 4:
330 1202 536 1271 acceperint
560 1220 621 1253 cum
639 1204 769 1268 Frigellio
795 1205 897 1269 scripsi,
917 1221 977 1254 cum
997 1219 1071 1257 acee-

91 1297 205 1359 peraiit‚
229 1292 301 1358 quod
328 1291 390 1340 libri
414 1290 540 1341 meliores
559 1289 668 1352 habent,
693 1291 797 1340 ratione
817 1293 993 1354 grammatica
1018 1290 1071 1340 dis·

93 1379 246 1430 suadeatur.

195 1498 217 1531 c.
236 1483 260 1544 9,
273 1485 302 1533 3:
322 1497 391 1547 quae
404 1487 465 1547 post
477 1479 587 1549 copitito
601 1478 732 1532 Caesaris
751 1479 875 1532 adventu
887 1481 917 1529 in
930 1479 1071 1530 codicibus

91 1568 218 1633 leguntur
236 1567 411 1621 certiores
430 1565 523 1632 facti
541 1567 702 1616 documento
722 1572 793 1628 sunt,
813 1567 895 1616 etiam
914 1566 942 1614 in
956 1566 1072 1631 optimos

91 1654 176 1704 libros
203 1655 297 1719 inepte
324 1655 566 1719 interpretamenta
592 1653 742 1716 irrepsisse.
769 1679 801 1689 —
825 1652 862 1706 ib.
882 1651 906 1717 ἕ.
926 1653 955 1701 6:
973 1665 1073 1717 quam

89 1738 263 1809 plurimum]
288 1756 384 1790 vocem
403 1754 494 1804 quum,
520 1752 590 1804 quae
608 1738 637 1785 in
656 1737 795 1787 codicibus
818 1738 911 1802 inepto
930 1737 990 1787 loco
1009 1743 1072 1787 ante

91 1823 234 1878 Romulius
264 1826 364 1892 legitur
391 1826 506 1889 ideoque
536 1825 570 1874 ab
598 1824 723 1874 omnibus
753 1822 894 1888 hucusque
922 1823 1072 1875 editoribus

92 1913 193 1962 omissa
223 1919 272 1975 est,
303 1912 336 1961 de
364 1912 425 1962 loco
456 1927 505 1961 suo
536 1926 602 1961 casu
627 1910 761 1960 demotum
788 1915 862 1960 retus
889 1915 952 1960 ante
977 1908 1071 1976 pluri·

91 2012 166 2050 mum
184 2000 271 2064 posui.

196 2117 218 2152 c.
239 2104 278 2164 12,
299 2104 328 2151 1:
349 2116 411 2154 cum
429 2115 463 2152 ex
482 2100 540 2152 olto
559 2114 588 2153 se
601 2103 696 2152 aestus
709 2098 893 2165 incitus-lessi,
912 2096 986 2165 quod
1006 2095 1071 2166 [bis]

92 2184 198 2239 accidit
217 2200 323 2252 selltpel'
341 2185 476 2238 horarum
493 2183 563 2238 XII
576 2183 689 2254 spatio]
713 2183 755 2236 bis
769 2185 824 2234 iam
837 2200 897 2234 cum
907 2183 1072 2249 Nipperdeio

94 2272 234 2322 includere
257 2272 342 2321 malui
367 2287 447 2337 quam
471 2287 565 2336 parum
590 2275 696 2336 gratam
714 2270 800 2335 Hugii
823 2270 945 2334 recipere
965 2269 1073 2319 coniec-

92 2364 181 2409 turum
208 2357 281 2422 quod
311 2355 337 2408 is
370 2354 484 2410 occidit.
514 2358 607 2406 arrisit
638 2356 689 2406 hoc
719 2355 916 2406 recentioribus
943 2354 1007 2405 inde
1037 2355 1072 2406 ab

92 2443 221 2493 Diibnero
241 2443 399 2492 editoribus.
426 2443 454 2491 in
473 2442 561 2507 priore
581 2441 701 2492 editione
720 2442 882 2491 sententiam
900 2442 940 2490 ita
958 2441 1073 2492 adorna·

92 2544 193 2588 veram,
212 2534 242 2578 ut
259 2533 320 2593 post
339 2526 445 2580 accidit
466 2528 609 2577 incidendo
627 2528 712 2576 verba
731 2541 838 2593 sculpes
855 2525 990 2578 hoiolum
1007 2525 1078 2579 XII

93 2613 189 2681 spatio
208 2614 383 2678 explicationi
401 2615 532 2664 inservire
551 2614 677 2664 facerem.

197 2732 219 2766 c.
240 2720 279 2779 13,
298 2718 327 2766 6:
348 2714 419 2784 [hoe]
441 2716 493 2766 del.
512 2717 625 2782 Frigell.
645 2744 677 2754 -
697 2716 730 2764 de
750 2716 884 2780 scriptura
902 2714 1072 2784 adiqebatur

93 2801 117 2872 ξ.
136 2805 152 2854 8
172 2808 199 2854 et
218 2802 297 2872 adipi
316 2820 339 2853 c.
359 2804 399 2866 14,
418 2804 434 2851 4
453 2820 477 2854 v.
498 2818 579 2868 supra
597 2804 633 2853 ud
650 2803 686 2864 ΙΙ,
705 2803 747 2864 21,
766 2803 790 2850 3.

196 2922 219 2956 c.
238 2908 279 2966 20,
300 2908 328 2954 1:
348 2919 418 2971 quoe
433 2920 505 2972 pars
517 2943 523 2956 .
534 2944 541 2957 .
553 2940 558 2953 .
569 2942 575 2955 .
588 2909 629 2958 est
642 2904 729 2957 tertia
745 2903 856 2956 Galliae
868 2902 1072 2976 aestimanda]

93 2993 185 3058 recepi
203 2993 274 3042 hanc
293 3007 310 3042 a
327 2993 455 3043 Diibnero
475 2993 503 3040 in
527 2993 617 3042 adnot.
644 2993 702 3043 crit.
726 2991 892 3056 propositam
911 2990 1072 3052 lectionem

92 3078 157 3128 libri
175 3078 276 3127 habent
295 3092 329 3129 ecc
348 3076 434 3130 tertio
456 3075 566 3129 Galliae
584 3081 625 3129 est
644 3074 831 3128 aestimando.
845 3104 878 3113 -
891 3076 915 3143 ξ.
935 3079 962 3125 2:
975 3075 1073 3128 multis

90 3168 241 3230 praeterea
258 3162 328 3216 uiris
352 3162 476 3228 fortibus
496 3162 596 3215 Tolosa
620 3166 645 3215 et
664 3161 805 3228 Narbone,
831 3176 902 3228 quae
920 3166 988 3214 sulit
1006 3161 1074 3215 ciui-

93 3254 166 3303 tates
189 3248 299 3301 Galliae
314 3248 479 3315 provinciae
497 3248 643 3315 firsitimae,
666 3249 711 3316 [eu
729 3248 773 3301 bis
792 3245 965 3316 ropionibus]
984 3247 1074 3300 uomi-

66 3362 70 3371 ·
92 3336 185 3388 viatim
198 3334 336 3405 euocatis]
356 3337 440 3385 verba
452 3336 559 3386 inclusa
572 3352 604 3386 ex
616 3338 854 3400 interpretamento
868 3340 927 3385 orta
940 3335 1073 3389 existimo.

41 3436 47 3509 p
92 3421 274 3489 Nipperdoius
293 3421 470 3472 Ciacconium
490 3427 597 3472 secutus
623 3421 749 3473 voculam
780 3435 814 3473 cuc
845 3420 946 3470 delevit
974 3426 1001 3470 et
1028 3419 1073 3472 bis

92 3507 253 3577 reqiouibus
274 3524 334 3558 cum
353 3508 577 3558 antecedentibus
597 3507 744 3560 coniunxit.
