2376 3924
386 224 498 274 LIBER
515 224 546 282 V,
576 223 654 278 ΟΑΡ,
673 224 784 274 61-54.
1005 223 1070 287 ,137

94 416 233 480 circiter
255 431 311 496 LX,
337 435 440 500 eoque
463 422 538 501 post
562 414 680 479 horam
708 436 831 478 nonam
856 412 923 477 diei
947 409 1075 477 Caesar

93 518 315 603 pervenisset,
339 526 420 583 ante
441 516 589 583 mediam
604 527 737 584 noctem
753 516 798 581 ad
813 525 929 602 portas
946 519 1074 581 castro·

94 643 168 686 rum
183 619 311 686 clamor
327 629 487 704 oreretur,
504 642 569 708 quo
586 619 733 685 clamore
750 619 953 702 significatio
969 620 1074 684 victo-

94 727 167 790 riae
192 723 444 811 gratulatioque
467 724 510 790 ab
533 725 647 791 Remis
672 724 824 790 Labieno
848 724 953 789 lieret.
998 722 1097 788 Heca

94 828 186 894 fama
203 828 249 894 ad
263 828 428 894 Treveros
443 827 577 915 perlate
592 829 852 913 Indutiomarus,
869 829 925 914 qui
940 836 1075 915 postero

96 932 151 997 die
167 941 282 998 castra
294 931 440 998 Labieni
454 952 649 1019 oppugnare
662 931 870 1015 decreverat,
885 940 988 996 ncotu
1001 953 1075 1016 pro-

94 1036 182 1119 fugit
206 1037 388 1122 copiasque
411 1058 525 1102 omnes
542 1036 577 1101 in
592 1035 757 1102 Treveros
781 1035 924 1102 reducit.
948 1032 1097 1100 Caesare

94 1137 241 1204 Fabium
264 1161 339 1204 cum
363 1161 424 1205 sue
447 1138 580 1223 legione
603 1140 746 1205 remittit
770 1140 804 1203 in
827 1136 980 1222 hiberna,
1004 1139 1077 1226 ipse

96 1262 173 1307 curn
195 1240 305 1308 tribus
328 1241 519 1327 legionibus
543 1245 670 1308 circum
687 1241 960 1310 Samarobrivam
978 1244 1076 1308 trinis

95 1344 247 1411 hibernis
263 1345 411 1412 hiemare
423 1348 599 1411 constituit
613 1355 656 1430 et,
675 1345 765 1432 quod
778 1349 865 1412 tanti
877 1356 987 1413 motus
997 1345 1077 1412 Gal·

96 1447 165 1514 liae
188 1450 403 1533 exstiterant,
433 1459 540 1516 totam
562 1450 706 1515 hiemem
728 1453 800 1536 ipse
823 1450 868 1516 ad
892 1453 1078 1517 exercitum

96 1573 234 1618 manere
258 1551 418 1618 decrevit.
462 1554 547 1619 Nam
572 1552 630 1619 illo
660 1554 868 1620 incommodo
894 1554 934 1619 de
958 1554 1097 1621 Sabinis

96 1666 204 1722 morte
225 1656 357 1743 perlato
374 1679 488 1723 omnes
513 1659 581 1724 fere
599 1656 735 1725 Galliae
751 1659 911 1725 civitates
930 1658 971 1724 de
987 1657 1076 1724 bello

99 1760 353 1844 consultabant,
368 1762 505 1829 nuntios
518 1761 773 1850 legationesque
789 1764 823 1827 in
839 1784 952 1828 omnes
965 1770 1078 1849 partes

100 1863 317 1930 dimittebant
341 1873 385 1948 et,
409 1864 490 1951 quid
512 1864 633 1952 reliqui
649 1864 783 1931 consilii
800 1874 960 1951 caperent
978 1874 1078 1951 atque

97 1966 189 2032 unde
210 1968 344 2033 initium
366 1967 447 2034 belli
470 1969 576 2052 fieret,
600 1967 824 2055 explorabant
848 1977 1079 2055 nocturnaque

98 2072 134 2135 in
157 2069 242 2135 locis
266 2069 409 2136 desertis
433 2070 580 2137 concilia
603 2070 787 2138 habebant.
834 2073 951 2158 Neque
974 2071 1101 2137 ullum⁵

98 2173 170 2238 fere
185 2175 289 2239 totius
304 2174 424 2240 hiemis
440 2183 570 2263 tempus
588 2177 660 2241 sine
677 2174 904 2241 sollicitudine
920 2174 1079 2241 Caesaris

99 2277 303 2356 intercessit,
327 2279 408 2363 quin
423 2276 570 2366 aliquem
587 2279 628 2344 de
651 2277 803 2344 consiliis
827 2301 867 2343 ac
891 2289 983 2345 motu
999 2277 1079 2345 Gal-

97 2379 207 2445 lorum
228 2382 382 2447 nuntium
405 2385 584 2469 acciperet.
608 2384 647 2448 ln
671 2383 723 2448 his
748 2383 791 2448 ab
814 2382 921 2449 Lucio
944 2383 1102 2467 Rosciae

99 2503 199 2568 quem
227 2482 353 2568 legioni
386 2485 662 2552 tertiaedecimae
696 2488 917 2574 praefecerat,
956 2489 1081 2553 certior

97 2588 211 2655 factus
227 2597 278 2655 est
294 2610 436 2674 magnas
450 2589 625 2657 Gallorum
636 2594 752 2678 copias
766 2614 880 2658 earum
893 2591 1080 2675 civitatum,

99 2713 187 2778 quae
203 2692 400 2758 Armoricae
424 2692 648 2781 appellantur,
673 2695 890 2783 oppugnandi
909 2696 959 2761 sui
977 2717 1080 2762 causa

33 2862 41 2875 ,
99 2798 301 2863 convenisse
323 2818 431 2882 neque
452 2796 586 2882 longius
619 2798 713 2863 milia
741 2821 903 2885 passuum
936 2807 1011 2864 octo
1036 2800 1080 2865 ab

98 2900 251 2966 hibernis
276 2901 346 2966 suis
369 2901 506 2985 afuisse,
530 2901 591 2967 sed
613 2904 731 2968 nuntio
756 2902 862 2968 allato
880 2902 922 2968 de
937 2905 1102 2968 victorias

98 3004 260 3072 Caesaris
277 3003 485 3088 discessisse,
502 3004 587 3071 adeo
602 3015 641 3072 ut
656 3006 758 3090 fugae
774 3005 892 3072 similis
912 3007 1081 3072 discessus

98 3108 285 3175 videretur.

203 3210 255 3277 54.
271 3210 318 3280 At
329 3209 459 3279 Caesar
469 3212 678 3300 principibus
695 3215 858 3300 cuiusque
870 3215 1020 3279 civitatis
1038 3212 1083 3277 ad

99 3339 137 3383 se
159 3316 313 3382 evocatis
343 3315 430 3382 alias
458 3316 659 3400 territando,
693 3338 769 3383 cum
800 3340 836 3381 se
867 3318 962 3398 scire,
997 3336 1082 3401 quae

97 3419 231 3504 fierent,
239 3418 466 3505 denuntiaret,
475 3418 945 3504 aliascohortandomagnam
952 3429 1082 3506 partem

100 3520 238 3592 Galliae
260 3525 296 3590 in
319 3523 429 3590 officio
452 3526 570 3591 tenuit.
594 3525 720 3591 Tamen
738 3522 897 3608 Senones,
921 3544 1007 3610 quae
1031 3532 1105 3589 est²
