2376 3924
134 253 197 316 240
473 252 582 301 BELLI
601 251 774 303 araretur
799 318 801 323 ,

134 444 234 528 patris
261 445 358 526 gestis
389 464 494 527 neque
526 451 594 507 tam
626 442 795 507 excellenti
828 445 987 508 maiorum
1009 444 1115 530 digni-

135 555 201 609 tate
226 555 318 631 parta
347 568 452 631 neque
480 548 578 610 tantis
597 545 763 612 clientelis
790 549 992 633 nominisque
1020 548 1115 614 clari-

113 658 201 716 state
230 649 394 735 praeditus
427 652 460 713 in
493 648 726 735 rempublicam
759 659 808 715 est
840 652 1013 734 ingressus
1060 655 1117 718 Tu

136 763 248 817 contra
282 762 314 816 et
348 754 448 838 patris
482 751 648 817 nobilitate
682 763 715 817 et
748 753 905 838 dignitate
932 762 964 817 et
992 777 1051 840 per
1080 766 1116 822 te

135 861 203 944 ipse
226 859 303 921 satis
326 858 424 920 animi
446 856 669 942 magnitudine
693 856 923 943 diligentiaque
945 859 1116 942 praeditus

135 984 241 1026 nonne
264 962 394 1024 eniteris
417 970 449 1024 et
471 960 683 1046 proficisceris
706 961 748 1025 ad
772 970 924 1046 paternas
947 963 1116 1030 clientelas

135 1065 291 1129 auxilium
319 1063 377 1128 tibi
405 1066 516 1149 reique
547 1062 695 1151 publicae
723 1074 821 1150 atque
852 1068 970 1150 optimo
995 1069 1116 1153 cuique

135 1159 382 1254 efflagitatum?
722 1187 723 1191 ’

223 1273 274 1337 23.
299 1274 359 1338 His
381 1272 490 1337 verbis
513 1274 649 1338 hominis
671 1275 854 1358 gravissimi
868 1276 1019 1340 incitatus
1036 1275 1117 1341 adu·

136 1377 327 1443 lescentulus
351 1400 425 1441 cum
447 1376 603 1441 naviculis
624 1377 866 1463 cuiusquemodi
884 1380 1012 1463 generis
1028 1397 1116 1463 xxx,

136 1482 214 1547 inibi
237 1484 348 1567 paucis
370 1483 526 1562 rostratis,
560 1480 723 1566 profectus
746 1478 787 1544 ab
811 1481 908 1545 Utica
936 1483 969 1544 in
992 1481 1117 1548 Mauri·

136 1588 258 1651 taniam
280 1605 482 1670 regnumque
505 1582 650 1668 Bogudis
679 1592 729 1648 est
755 1586 919 1668 ingressus
948 1584 1117 1671 expedito

137 1713 200 1775 que
216 1692 362 1753 exercitu
376 1709 510 1752 numero
535 1709 712 1769 servorum,
735 1685 909 1752 liberorum
930 1705 957 1751 11
979 1687 1117 1774 milium,

137 1796 227 1859 cuius
251 1802 377 1878 partem
399 1794 564 1872 inermem,
600 1800 726 1876 partem
753 1800 913 1856 armatam
941 1791 1116 1879 habuerat,

138 1898 180 1963 ad
204 1897 357 1983 oppidum
373 1895 537 1959 Ascurum
551 1894 707 1958 accedere
723 1897 842 1981 coepit3
866 1898 900 1959 in
915 1917 979 1980 quo
994 1897 1117 1983 oppido

116 1999 334 2087 apraesidium
349 2000 410 2063 fuit
424 2001 558 2083 regium.
582 1999 735 2083 Pompeio
751 1998 944 2063 adveniente
960 1999 1117 2085 oppidani

137 2126 240 2190 usque
264 2125 301 2167 eo
325 2104 412 2189 passi
444 2103 576 2187 propius
611 2102 778 2184 accedere,
813 2101 917 2167 donec
950 2102 993 2167 ad
1026 2105 1116 2189 ipsas

138 2216 247 2296 portas
271 2229 309 2270 ac
331 2227 460 2270 murum
489 2208 774 2291 appropinquaret,
810 2205 915 2272 subito
946 2211 1117 2294 eruptione

137 2314 224 2378 facta
247 2318 424 2396 prostratos
454 2311 706 2395 perterritosque
729 2310 943 2395 Pompeianos
965 2313 1000 2376 in
1022 2324 1117 2378 mare

116 2439 304 2502 suavesque
338 2416 457 2500 passim
491 2413 722 2499 compulerunt.
767 2414 819 2479 Ita
846 2437 882 2479 re
910 2414 994 2481 male
1021 2426 1118 2502 gesta

139 2523 251 2589 Gneus
285 2521 457 2606 Pompeius
490 2517 574 2582 filius
609 2539 710 2581 naves
741 2518 816 2583 inde
854 2520 973 2585 avertit
1008 2541 1118 2607 neque

140 2636 251 2713 postea
284 2626 358 2690 litus
392 2625 498 2709 attigit
530 2622 730 2706 classemque
753 2623 796 2688 ad
818 2623 938 2689 insulas
959 2623 1118 2692 Baleares

139 2753 251 2795 versus
275 2731 442 2794 convertit.

226 2834 277 2897 24.
301 2834 407 2918 Scipio
435 2834 564 2897 interim
593 2853 666 2896 cum
695 2832 733 2894 iis
761 2833 870 2916 copiis,
904 2852 985 2918 quas
1019 2833 1118 2919 paulo

140 2948 215 3003 ante
238 2938 541 3018 demonstravimus,
564 2937 680 3001 Uticae
695 2934 812 3019 grandi
828 2934 988 3020 praesidio
1004 2937 1118 3005 relicto

140 3042 303 3130 profectus
337 3043 477 3126 primum
510 3039 683 3103 Adrumeti
716 3047 824 3103 castra
860 3040 959 3124 ponit,
996 3039 1119 3108 deinde

140 3146 184 3211 ibi
208 3166 327 3232 paucos
350 3143 419 3207 dies
443 3153 657 3208 commoratus
675 3152 773 3207 noctu
794 3144 910 3207 itinere
932 3142 1018 3209 facto
1040 3166 1119 3211 oum

140 3250 279 3315 Labieni
305 3257 338 3312 et
359 3248 467 3312 Petrei
501 3249 599 3333 copiis
633 3269 667 3311 se
701 3249 874 3333 coniungit,
912 3255 1010 3333 atque
1042 3252 1120 3317 unis

141 3356 254 3418 castris
288 3352 380 3417 factis
415 3370 455 3416 111
488 3350 575 3414 milia
613 3373 767 3437 passuum
801 3352 896 3437 longe
933 3351 1118 3421 considunt

120 3460 313 3544 tEquitatus
336 3458 464 3521 interim
486 3478 598 3521 eorum
621 3457 742 3520 circum
757 3455 906 3522 (laesuris
921 3456 1120 3525 munitiones

140 3565 255 3648 vagari
278 3572 375 3647 atque
398 3584 462 3644 eos,
486 3564 541 3647 qui
564 3559 740 3646 pabulandi
763 3569 820 3626 aut
842 3556 985 3645 aquandi
1007 3562 1121 3644 gratia
