2376 3924
124 217 183 283 188
425 218 475 268 DE
493 218 614 269 BELLO
635 217 795 270 GALLICO

119 408 225 474 imbre
248 431 315 474 non
340 408 491 473 inutilem
515 407 603 474 banc
628 408 672 474 ad
696 409 897 495 capiendum
920 408 1098 474 consilium

118 523 352 600 tempestatem
376 512 562 579 arbitratus
587 521 650 597 est,
685 513 773 598 quod
796 513 897 600 paulo
927 514 1098 579 incautius

118 617 290 683 custodias
314 617 350 682 in
372 638 466 682 muro
492 615 675 702 dispositas
690 616 840 699 videbat,
865 639 1009 704 suosque
1025 617 1097 684 lan·

118 722 253 806 guidius
278 723 311 786 in
336 743 434 807 opere
449 721 578 786 versari
602 721 701 785 iussit
725 729 768 805 et,
791 721 872 807 quid
894 721 966 787 fieri
983 721 1098 806 vellet,

97 826 277 892 sostendit.
294 824 569 910 Legionibusque
585 826 676 890 intra
691 825 809 891 vineas
833 827 868 890 in
892 825 1025 892 occulto
1043 849 1098 892 ex·

116 931 241 1019 peditis
255 931 461 1013 cohortatus,
477 928 709 1015 utaliquando
724 951 784 1015 pro
801 931 906 996 tantis
923 928 1097 996 laboribus

117 1036 261 1101 fructum
285 1035 450 1100 victoriae
471 1033 694 1119 perciperent,
711 1034 763 1116 iis,
780 1034 836 1120 qui
851 1034 949 1120 primi
965 1057 1097 1101 murum

117 1140 361 1220 ascendissent,
373 1140 523 1224 praemia
536 1139 708 1224 proposuit
720 1137 949 1224 militibusque
963 1139 1097 1222 signum

95 1242 222 1309 adedit.
246 1242 301 1309 Illi
325 1242 437 1309 subito
460 1266 504 1309 ex
527 1242 681 1309 omnibus
703 1241 858 1329 partibus
875 1241 1097 1308 evolaverunt

116 1369 311 1433 murumque
335 1347 491 1413 celeriter
514 1345 775 1432 compleverunt.

216 1450 267 1516 28.
285 1451 410 1517 Hostes
427 1473 463 1516 re
478 1472 567 1515 nova
583 1450 753 1536 perterriti
769 1471 862 1515 muro
879 1449 1097 1537 turribusque

118 1555 240 1623 deiecti
258 1557 291 1621 in
307 1555 379 1621 foro
397 1577 437 1620 ac
453 1554 538 1621 locis
554 1553 801 1640 patentioribus
826 1556 997 1621 cuneatim
1013 1576 1095 1620 con-

117 1662 286 1742 stiterunt,
315 1660 379 1727 hoc
403 1660 525 1743 animo,
554 1669 601 1740 ut,
626 1661 654 1724 si
679 1681 745 1745 qua
769 1667 930 1747 exparte
959 1657 1095 1726 obviam

94 1761 257 1851 r[contra]
280 1766 462 1848 veniretur,
478 1765 553 1831 acie
575 1765 742 1829 instructa
760 1763 1003 1849 depugnarent.
1025 1762 1095 1830 Ubi

116 1869 283 1933 neminem
306 1870 340 1933 in
364 1890 506 1954 aequum
522 1866 632 1933 locum
649 1889 723 1932 sese
741 1867 928 1951 demittere,
945 1866 1006 1933 sed
1021 1870 1094 1934 toto

117 1971 264 2057 undique
286 1992 380 2036 muro
403 1970 628 2037 circumfundi
651 1970 818 2054 viderunt,
835 1971 946 2056 veriti,
969 1982 1013 2037 ne
1029 1993 1095 2038 om·

116 2077 195 2141 nino
220 2097 295 2162 spes
318 2074 421 2160 fugae
443 2075 628 2159 tolleretur,
663 2074 806 2142 abiectis
831 2076 932 2141 armis
955 2074 1093 2141 ultimas

94 2177 230 2266 aoppidi
246 2188 361 2264 partes
377 2180 564 2244 continenti
582 2181 707 2267 impetu
722 2180 925 2264 petiverunt,
946 2200 1093 2264 parsque

114 2282 172 2366 ibi,
189 2305 264 2348 cum
281 2290 426 2367 angusto
443 2282 537 2348 exitu
552 2291 726 2369 portarum
746 2303 784 2346 se
807 2283 872 2368 ipsi
895 2292 1094 2368 premerent,

115 2409 136 2452 a
158 2386 334 2470 militibus,
367 2408 447 2472 pars
472 2388 540 2451 iam
564 2407 702 2470 egressa
724 2387 830 2474 portis
855 2385 898 2452 ab
923 2385 1093 2473 equitibus

115 2499 166 2556 est
184 2492 373 2559 interfecta.
397 2493 467 2557 Nec
490 2491 553 2557 fuit
577 2493 763 2577 quisquam,
786 2492 843 2579 qui
859 2492 1006 2579 praedae
1024 2501 1092 2558 stu·

92 2594 220 2660 aderet.
245 2594 301 2661 Sic
317 2604 350 2661 et
367 2593 501 2661 Genabi
517 2594 623 2660 caede
639 2603 671 2661 et
689 2593 805 2661 labore
822 2596 933 2682 operis
957 2596 1093 2661 incitati

114 2720 181 2763 non
198 2707 312 2764 aetate
328 2699 501 2783 confectis,
518 2721 585 2764 non
600 2697 808 2781 mulieribus,
824 2720 891 2765 non
904 2697 1093 2765 infantibus

91 2812 345 2886 spepercerunt.
389 2802 545 2890 Denique
568 2825 611 2868 ex
634 2804 724 2868 omni
757 2824 905 2886 numero,
938 2803 995 2889 qui
1028 2802 1094 2870 fuit

113 2906 250 2970 circiter
271 2905 399 2970 milium
427 2921 485 2988 XL,
509 2906 569 2971 vix
591 2923 702 2990 Dxxx,
736 2906 792 2992 qui
816 2907 922 2993 primo
945 2904 1093 2971 clamore

113 3007 230 3073 audito
255 3031 291 3074 se
315 3031 357 3073 ex
381 3009 503 3096 oppido
527 3011 707 3093 eiecerant,
731 3008 916 3076 incolumes
940 3007 986 3074 ad
1007 3008 1090 3075 Ver-

91 3112 356 3196 ocingetorigem
368 3124 603 3198 pervenerunt.
620 3113 711 3195 Quos
724 3113 783 3179 ille
794 3113 900 3180 multa
912 3115 978 3179 iam
991 3120 1092 3180 nocte

115 3213 247 3279 silentio
272 3236 315 3280 ex
337 3216 419 3299 fuga
443 3217 576 3302 excepit
592 3218 731 3302 veritus,
753 3239 796 3282 ne
820 3239 886 3303 qua
907 3218 943 3282 in
966 3217 1091 3283 castris

114 3341 156 3383 ex
185 3340 298 3383 eorum
327 3339 493 3383 concursu
522 3327 555 3384 et
582 3319 815 3386 misericordia
843 3320 938 3405 vulgi
967 3318 1105 3387 seditio·

111 3430 271 3505 oreretur,
294 3421 409 3507 procul
433 3423 468 3486 in
490 3423 548 3487 via
572 3421 744 3510 dispositis
767 3423 990 3491 familiaribus
1015 3424 1087 3491 suis

114 3525 389 3614 principibusque
415 3526 593 3593 civitatum
616 3537 653 3593 ut
681 3527 905 3617 disparandos
922 3527 1090 3595 deducen-
