2376 3924
357 219 467 269 niens
486 219 547 282 vu,
567 219 643 271 cnr.
663 220 772 270 ls-sa.
981 219 1044 284 203

69 410 190 476 sulita!
229 408 336 475 Simul
359 410 394 474 in
415 409 544 476 medios
568 409 682 477 hostes
707 412 826 496 irrupit
851 410 1067 497 duobusque⁵

70 515 261 580 interfectis
284 514 431 600 reliquos
455 538 475 580 a
498 524 597 600 porta
620 513 756 599 paulum
780 513 958 580 submovit.
982 513 1065 580 (lo-e

69 617 231 684 nantibus
247 617 408 683 auxiliari
425 620 505 697 suis,
516 615 677 702 ‘frustra'
695 619 813 704 inquit,
831 613 941 683 ‘meae
953 621 1045 684 vitae

70 721 249 787 subvenire
278 723 457 804 conamini,
492 743 589 807 quem
623 723 691 786 iam
721 723 860 804 sanguis
888 722 1044 808 viresque

70 826 241 891 deficiunt.
265 825 410 891 Proinde
436 824 536 909 abite,
562 826 639 891 dum
663 836 714 892 est
736 826 895 910 facultas,
918 847 1045 912 vosque

67 929 113 994 ad
135 928 305 1013 legionem
326 931 487 1014 recipite!
533 930 586 995 Ita
613 950 769 1016 pugnans
804 937 878 1015 post
907 928 1044 1015 paulum

68 1031 218 1098 concidit
242 1053 282 1098 ac
308 1033 377 1098 suis
402 1032 504 1098 saluti
527 1033 601 1098 fuit.

154 1135 205 1201 51.
222 1136 347 1221 Nostri,
364 1158 439 1202 cum
451 1135 598 1223 undique
611 1147 848 1223 premerentur,
865 1154 952 1205 XLVI
970 1158 1044 1202 cen·

68 1239 258 1306 turionibus
277 1242 411 1307 amissis
436 1241 559 1307 deiecti
579 1251 656 1307 sunt
672 1241 755 1307 loco.
781 1241 847 1307 Sed
863 1242 1044 1308 intoleran-

68 1345 135 1409 tius
154 1340 272 1409 Gallos
288 1345 503 1431 insequentes
520 1344 608 1428 legio
629 1344 758 1410 decima
774 1344 934 1431 tardavit,
959 1369 1045 1433 quae

66 1469 128 1532 pro
151 1446 302 1513 subsidio
325 1447 425 1534 paulo
448 1448 606 1534 aequiore
621 1448 695 1513 loco
712 1451 922 1515 constiterat.
946 1451 1065 1516 Hanc2

67 1573 183 1616 rursus
206 1567 281 1618 X111.
304 1551 448 1635 legionis
472 1551 625 1616 cohortes
650 1562 863 1638 exceperunt,
892 1574 978 1638 quae
1002 1576 1044 1618 ex

66 1657 190 1722 castris
214 1653 398 1721 minoribus
423 1655 565 1721 eductae
588 1678 664 1722 cum
686 1655 763 1721 Tito
788 1655 905 1722 Sextio
929 1656 1043 1741 legato

67 1768 227 1845 ceperant
251 1758 362 1824 locum
379 1759 592 1845 superiorem.
615 1759 796 1843 Legiones,
819 1758 878 1824 ubi
900 1761 1065 1846 primums

66 1863 248 1949 planiciem
270 1862 469 1946 attigerunt,
499 1861 632 1928 infestis
656 1872 774 1927 contra
797 1861 911 1928 hostes
936 1866 1044 1948 signis

66 1968 303 2032 constiterunt.
326 1965 587 2048 Vercingetorix
602 1965 646 2030 ab
662 1964 836 2032 radicibus
852 1966 948 2033 collis
966 1987 1066 2033 suos4

66 2075 157 2138 intra
181 2072 384 2137 munitiones
399 2070 546 2136 reduxit.
568 2071 619 2135 Εο
638 2070 692 2135 die
707 2069 832 2136 milites
849 2081 926 2137 sunt
942 2072 1042 2158 paulo

65 2179 176 2242 minus
200 2175 404 2261 septingenti
430 2173 623 2240 desiderati.

151 2279 202 2344 52.
219 2280 357 2345 Postero
375 2279 429 2344 die
441 2277 570 2345 Caesar
585 2281 742 2345 contione
759 2279 929 2346 advocata
946 2290 1043 2347 teme-

66 2386 202 2450 ritatem
225 2382 512 2470 cupiditatemque
534 2382 678 2448 militum
702 2382 926 2468 reprehendit,
955 2385 1044 2470 quod

66 2487 132 2552 sibi
155 2489 221 2573 ipsi
242 2486 497 2569 iudicavissent,
521 2507 586 2572 quo
609 2485 856 2572 procedendum
880 2496 938 2552 aut
962 2488 1045 2574 quid

65 2591 234 2675 agendum
263 2590 445 2674 videretur,
480 2612 588 2676 neque
616 2591 713 2674 signo
748 2591 932 2676 reeipiendi
963 2590 1042 2657 dato

65 2697 299 2762 constitissent
321 2715 429 2779 nequo
452 2692 495 2759 ab
519 2692 663 2759 tribunis
686 2693 831 2759 militum
853 2693 1043 2782 legatisque

64 2799 427 2884 retineri'potuissent.
472 2796 649 2884 Exposuit,
688 2797 768 2882 quid
791 2798 952 2884 iniquitas
976 2798 1063 2864 loeis

62 2912 188 2990 posset,
211 2901 293 2988 quid
315 2903 388 2988 ipse
410 2900 456 2967 ad
477 2900 661 2967 Avaricum
684 2902 856 2984 sensisset,
879 2923 955 2968 cum
971 2905 1043 2968 sine

66 3008 153 3073 duce
176 3015 210 3073 st
235 3008 308 3072 sine
332 3007 485 3092 equitatu
509 3005 726 3092 deprehensis
751 3005 903 3071 hostibus
928 3007 1041 3093 explo-

64 3121 175 3178 ratam
190 3111 371 3177 victoriam
394 3109 589 3193 dimisisset,
613 3133 654 3175 ne
669 3131 809 3196 parvum
823 3110 922 3175 modo
940 3109 1041 3176 detri-

63 3225 213 3282 mentum
229 3215 264 3279 in
279 3214 495 3279 'contentione
517 3222 654 3299 propter
676 3215 889 3300 iniquitatem
904 3213 970 3279 loci
986 3235 1041 3279 ao-

63 3319 203 3386 cideret.
228 3318 364 3401 Quanto
387 3339 488 3404 opere
511 3338 624 3383 eorum
648 3318 750 3382 animi
773 3316 1062 3402 magnitudinems

63 3423 301 3505 admiraretur,
324 3443 407 3508 quos
429 3443 496 3486 non
520 3429 709 3487 castrorum
731 3422 945 3503 munitiones,
974 3441 1041 3487 non

64 3525 211 3595 altitudo
226 3526 365 3623 montis,
377 3546 444 3592 non
460 3546 574 3592 murus
587 3523 702 3610 oppidi
714 3523 853 3590 tardare
865 3524 1040 3609 potuisset,
