2378 3922
163 235 206 298 50
483 233 533 282 nx
552 231 671 282 annno
691 230 804 282 crvnx

160 418 298 486 ducibus
329 417 502 483 crudelitas
532 422 564 483 in
595 419 763 506 supplicio,
798 441 883 485 nova
912 422 1023 505 religio
1052 421 1143 483 iuris·

161 522 289 588 iurandi
318 543 409 607 spem
435 525 613 608 praesentis
642 521 813 588 deditionis
846 523 973 589 sustulit
1005 533 1143 588 mentes-

162 649 225 712 que
258 625 394 691 militum
428 628 587 691 convertit
619 635 652 689 et
684 649 754 691 rem
788 627 831 691 ad
865 630 1033 714 pristinam
1066 627 1144 692 belli

161 732 319 795 rationem
341 728 476 814 redegit.

248 833 299 897 77.
323 832 453 916 Caesar,
478 834 533 917 qui
554 832 671 897 milites
694 833 955 899 adversariorum
977 838 1011 900 in
1034 845 1143 901 castra

161 959 219 1024 per
256 945 382 1022 tempus
420 933 567 1019 colloquii
602 946 775 1019 venerant,
814 959 939 1003 summa
977 938 1144 1025 diligentia

140 1041 308 1126 aconquiri
341 1048 373 1103 et
406 1040 524 1103 remitti
557 1038 655 1104 iubet.
702 1040 767 1106 Sed
800 1064 842 1106 ex
875 1065 1009 1108 numero
1043 1043 1143 1109 tribu-

162 1167 278 1210 norum
300 1143 436 1207 militum
464 1146 752 1229 centurionumque
781 1147 923 1211 nonnulli
951 1169 1010 1212 sua
1032 1148 1143 1212 volun·

161 1259 227 1315 tate
250 1249 338 1335 apud
356 1270 430 1311 eum
446 1258 679 1313 remanserunt.
704 1251 793 1333 Quos
815 1251 867 1315 ille
889 1261 1000 1338 postea
1023 1273 1142 1336 magno

161 1357 194 1418 in
226 1353 347 1418 honore
381 1349 509 1436 habuit3
545 1355 747 1417 centuriones
782 1356 815 1418 in
848 1357 971 1440 priores
1002 1355 1142 1439 ordines,

162 1459 286 1542 equites
316 1457 478 1522 Romanos
509 1458 542 1520 in
575 1455 782 1548 tribunicium
805 1460 943 1522 restituit
976 1459 1141 1523 honorem.

250 1561 298 1625 78.
323 1560 559 1626 Premebantur
585 1559 756 1625 Afraniani
789 1560 1010 1647 pabulatione,
1045 1585 1143 1649 aqua·

161 1665 281 1731 bantur
304 1687 411 1749 aegre.
435 1666 604 1729 Frumenti
627 1667 753 1750 copiam
768 1664 933 1749 legionarii
955 1667 1144 1732 nonnullam

161 1768 342 1852 habebant,
373 1768 460 1853 quod
483 1768 609 1833 dierum
630 1785 708 1832 xxm
736 1767 779 1833 ab
808 1768 917 1834 Ilerda
944 1770 1144 1835 frumentum

161 1874 238 1936 iussi
275 1882 367 1937 erant
404 1873 535 1955 efferre,
578 1874 692 1936 cetrati
732 1872 970 1958 auxiliaresque
1010 1872 1142 1957 nullam,

162 1996 299 2060 quorum
333 1985 426 2040 erant
459 1984 491 2039 et
518 1975 688 2040 facultates
716 1975 758 2040 ad
787 1975 969 2062 parandum
1003 1980 1143 2062 exiguae

140 2088 208 2145 aet
239 2101 374 2164 corpora
418 2082 543 2144 insueta
588 2079 630 2143 ad
675 2102 773 2143 onera
811 2081 978 2165 portanda.
1025 2081 1152 2166 Itaque

162 2205 299 2267 magnus
333 2206 445 2248 eorum
473 2183 588 2248 cotidie
619 2206 772 2248 numerus
802 2185 844 2248 ad
871 2183 1045 2249 Caesarem
1072 2208 1142 2271 per-

141 2287 315 2371 afugiebat.
360 2287 400 2351 In
428 2287 477 2351 his
512 2296 582 2351 erat
610 2289 766 2371 angustiis
795 2310 855 2351 res.
902 2288 967 2354 Sed
995 2311 1037 2351 ex
1071 2310 1143 2373 pro-

161 2394 271 2477 positis
305 2389 442 2454 consiliis
476 2389 602 2454 duobus
635 2390 816 2476 explicitius
848 2389 1021 2454 videbatur
1065 2391 1142 2472 Iler·

161 2497 237 2560 dam
258 2497 394 2577 reverti,
424 2493 577 2578 quodibi
601 2493 732 2578 paulum
757 2495 910 2558 frumenti
934 2495 1140 2579 reliquerant.

160 2599 210 2664 lbi
241 2621 275 2663 se
303 2599 461 2682 reliquum
489 2597 655 2661 consilium
678 2598 894 2683 explicaturos
921 2598 1138 2665 confidebant.

139 2706 303 2769 4Tarracc
341 2701 455 2766 aberat
491 2701 631 2785 longius3
678 2724 741 2787 quo
786 2705 888 2787 spatio
927 2702 1034 2788 plures
1071 2726 1141 2767 rem

161 2829 254 2892 posse
293 2828 386 2869 casus
430 2808 574 2891 recipere
612 2805 849 2889 intellegebant.
895 2807 968 2870 Hoc
1004 2806 1141 2891 probato

139 2910 289 2977 tconsilio
324 2932 367 2972 cx
400 2913 512 2974 castris
541 2911 797 2996 proficiscuntur.
844 2909 964 2975 Cacsar
995 2913 1143 2995 equitatu

160 3017 352 3100 praemisso,
387 3016 442 3098 qui
475 3016 684 3079 novissimum
718 3037 835 3098 agmen
866 3023 1014 3100 carperet
1044 3025 1142 3100 atque

160 3117 340 3203 impediret,
367 3120 435 3203 ipse
459 3140 532 3182 cum
555 3117 733 3201 legionibus
756 3117 971 3203 subsequitur.
1010 3117 1143 3182 Nullum

160 3221 382 3286 intercedebat
412 3230 553 3307 tempus,
589 3225 667 3306 quin
700 3225 838 3287 extremi
871 3245 945 3286 cum
979 3220 1143 3306 equitibus

161 3327 403 3413 proeliarentur.

248 3431 297 3494 79.
322 3431 434 3496 Genus
457 3439 527 3494 erat
548 3430 610 3494 hoc
625 3452 762 3515 pugnae.
786 3431 969 3516 Expeditae
993 3431 1143 3496 cohortes

150 3537 368 3600 novissimum
402 3556 521 3622 agmen
558 3533 753 3600 claudebant
789 3534 960 3621 pluresque
998 3537 1032 3599 in
1064 3533 1144 3599 locis
