2376 3924
497 246 574 297 cnr.
593 246 704 298 as-ar.
1021 244 1085 309 245

108 440 142 502 in
165 447 271 503 castra
293 439 460 522 recipiunt.
500 437 573 518 Quo
601 434 686 499 facto
710 443 821 520 postea
843 444 918 500 sunt
941 434 1085 499 deterriti

109 542 263 628 oppidum
285 550 453 628 temptare.
552 588 566 601 2.

195 646 246 710 30.
270 646 377 731 Scipio
399 647 529 710 interim
550 645 618 709 fere
642 643 758 709 cotidie
780 665 845 708 non
864 643 962 729 longe
984 667 1004 708 a
1019 646 1085 709 suis

109 753 232 832 castris,
266 749 414 836 passibus
449 765 523 832 cce,
560 750 720 813 instruere
754 749 858 813 aciem
891 770 930 812 ac
963 750 1104 813 maiore⁸

108 863 201 939 parte
231 854 295 919 diei
323 862 514 939 consumpta
542 874 654 918 rursus
683 854 717 917 in
744 860 851 916 castra
873 873 908 916 se
930 854 1083 936 recipere.

109 958 209 1040 Quod
231 980 305 1023 cum
328 958 580 1044 saepiusfieret,
604 978 711 1041 neque
734 977 776 1020 ex
799 955 948 1022 Caesaris
971 957 1106 1019 00010100

109 1065 280 1147 quisquam
309 1062 453 1149 prodiret
481 1084 587 1146 neque
614 1063 746 1148 propius
775 1063 843 1125 eius
866 1063 974 1147 copias
996 1082 1084 1125 acoe-

109 1166 210 1249 deret,
240 1167 395 1253 despecta
417 1168 572 1252 patientia
595 1163 744 1230 Caesaris
767 1166 994 1249 exercitusque
1017 1167 1085 1229 eius

108 1267 213 1356 [Iuba]
242 1271 402 1334 universis
430 1271 529 1355 copiis
556 1267 721 1353 productis
750 1266 992 1353 elephantisque
1021 1278 1085 1333 tur-

106 1376 176 1438 ritis
199 1391 273 1436 xxx
296 1382 370 1438 ante
394 1375 497 1437 aciem
518 1373 681 1437 instructis
701 1392 801 1457 quam
815 1370 967 1437 latissime
983 1373 1086 1457 potuit

108 1486 258 1562 porrecta
280 1479 425 1562 equitum
455 1475 665 1562 peditumque
693 1474 899 1540 multitudine
921 1496 986 1540 uno
1008 1485 1085 1540 tem-

108 1603 186 1667 pore
219 1602 409 1668 progressus
442 1580 531 1646 haud
560 1581 605 1645 ita
634 1579 728 1666 longe
750 1603 771 1644 a
793 1578 943 1645 Caesaris
971 1581 1085 1644 castris

108 1687 248 1750 constitit
268 1687 303 1748 in
325 1707 449 1770 campo.

193 1788 244 1852 31.
270 1787 397 1870 Quibus
419 1788 517 1853 rebus
540 1789 675 1879 cognitis
698 1785 819 1853 Caesar
840 1786 931 1851 iubet
957 1786 1083 1869 milites,

109 1895 163 1979 qui
196 1902 292 1957 extra
325 1894 518 1958 munitiones
552 1902 777 1979 processerant
809 1887 952 1978 [quique]
986 1889 1085 1977 pabu-

108 1997 197 2062 landi
219 2006 276 2061 aut
298 1995 442 2082 lignandi
464 2015 564 2061 00000
586 2007 643 2062 aut
665 1999 763 2063 etiam
790 1996 956 2062 muniendi
979 1997 1085 2081 gratia

107 2100 227 2165 vallum
257 2102 417 2186 petierant
445 2122 594 2186 quaeque
625 2101 668 2166 ad
691 2123 763 2165 eam
786 2123 856 2165 rem
878 2122 958 2186 opus
981 2106 1083 2181 erant,

108 2225 218 2267 omnes
241 2206 326 2268 intra
354 2206 548 2269 munitiones
575 2205 758 2268 minutatim
783 2203 994 2287 modesteque
1016 2204 1085 2266 sine

107 2306 247 2370 tumultu
268 2316 325 2371 aut
346 2316 469 2372 terrore
493 2329 527 2371 00
550 2309 694 2393 recipere
717 2317 815 2392 atque
838 2310 990 2393 inopere
1013 2328 1084 2371 oon-

108 2411 230 2473 sistere.
275 2408 448 2494 Equitibus
482 2419 600 2492 autem,
635 2411 691 2495 qui
718 2412 751 2474 in
780 2412 916 2475 statione
944 2403 1105 2492 lucranti

107 2513 274 2600 praecipit,
296 2520 332 2576 ut
353 2532 456 2597 usque
472 2533 509 2576 00
525 2512 630 2576 looum
646 2512 837 2595 obtinerent,
861 2515 973 2597 inquo
989 2512 1084 2598 paulo

108 2627 183 2681 ante
206 2617 433 2699 constitissent,
456 2616 560 2681 donec
583 2616 625 2680 ab
648 2615 740 2680 hoste
762 2615 863 2680 telum
885 2617 1018 2680 missum
1041 2616 1083 2681 ad

108 2743 141 2784 se
165 2720 364 2806 perveniret3
403 2719 489 2805 quod
519 2721 545 2785 si
573 2721 705 2805 propius
733 2719 951 2802 accederetur,
986 2741 1085 2805 quam

107 2824 329 2888 honestissime
362 2845 397 2888 se
433 2825 519 2889 intra
555 2825 747 2888 munitiones
784 2825 974 2910 reciperent.
1018 2822 1105 2889 Aliis

108 2942 236 3012 quoque
271 2928 427 3013 equitatui
460 2926 567 3009 edicit,
597 2929 644 2992 uti
677 2948 734 2992 suo
769 2928 905 3012 quisque
938 2926 1007 2992 looo
1030 2950 1084 3013 pa·

106 3040 197 3094 ratus
220 3039 429 3114 armatusque
451 3037 581 3115 praesto
604 3038 698 3094 esset.
742 3027 789 3095 At
816 3029 898 3097 haec
926 3051 992 3094 non
1013 3031 1105 3117 10004

108 3156 166 3220 per
195 3155 229 3197 se
259 3154 378 3216 coram,
412 3154 487 3198 cum
519 3132 561 3197 de
583 3132 667 3197 vallo
701 3132 991 3220 prospecularetur,
1025 3133 1083 3198 sed

107 3237 246 3301 mirabili
268 3238 390 3322 peritus
412 3238 547 3302 scientia
568 3234 711 3304 bellandi
733 3238 766 3302 in
789 3239 950 3323 praetorio
966 3236 1083 3302 sedens

108 3364 166 3426 per
194 3340 410 3426 speculatores
444 3350 478 3406 et
509 3343 638 3406 nuntios
670 3340 861 3427 imperabat,
896 3361 979 3426 quae
1012 3340 1083 3406 fieri

107 3445 246 3510 volebat.
291 3443 585 3509 Animadvertebat
606 3446 702 3526 euim,
737 3464 935 3529 quamquam
956 3444 1104 3527 magnis⁵

108 3557 216 3613 essent
238 3550 337 3635 copiis
359 3546 539 3615 adversarii
561 3548 645 3633 usti,
678 3557 790 3617 tamen
817 3570 914 3635 saepe
936 3571 957 3614 a
978 3568 1014 3612 00
1035 3546 1081 3613 fu·
