2376 3924
373 206 484 258 LIBER
501 206 575 269 VIII,
596 207 672 259 CAP.
691 207 801 258 62-56.
1014 209 1077 273 263

100 395 222 480 quibus
247 400 324 481 cogi
346 406 460 483 posset
485 406 622 462 senatus
647 398 682 463 id
704 399 858 485 probare,
894 398 982 496 quod
1013 401 1076 486 ipsi

100 501 369 566 constituissent.
528 586 529 589 Ἴ

187 602 238 668 54.
254 605 311 669 Fit
330 604 452 670 deinde
469 616 606 672 senatus
622 607 822 691 consultum,
838 617 875 672 ut
893 607 937 671 ad
952 606 1076 672 bellum

100 707 297 774 Parthicum
313 707 402 792 legio
418 732 486 774 una
498 733 520 774 a
531 708 593 774 On.
605 711 774 795 Pompeio,
789 710 897 777 altera
910 733 930 775 a
943 709 980 775 O.
993 709 1076 774 an-

102 835 180 880 sare
202 817 409 897 mitteretur,
439 834 545 899 neque
570 813 712 880 obscure
737 814 822 880 duae
846 816 995 900 legiones
1019 818 1076 880 uni

103 921 335 988 detrahuntur.
358 919 446 983 Nam
469 916 530 982 On.
543 920 720 1005 Pompeius
744 920 909 1005 legionem
926 922 1099 1004 primam,2

102 1047 203 1110 quam
226 1024 271 1088 ad
287 1020 470 1088 Caesarem
492 1025 642 1106 miserat,
666 1024 854 1089 confectam
879 1047 921 1088 ex
945 1023 1078 1090 delectu

101 1131 298 1214 provinciae
314 1127 483 1209 Caesaris,
508 1151 581 1194 eam
604 1139 775 1214 tamquam
800 1153 842 1194 ex
859 1152 917 1194 suo
941 1151 1078 1194 numero

104 1232 208 1297 dedit.
233 1230 361 1296 Caesar
377 1241 501 1314 tamen,
526 1254 599 1298 cum
618 1231 660 1296 de
675 1233 851 1299 voluntate
867 1234 1002 1298 minime
1020 1231 1101 1296 ‹lu-r

100 1335 194 1402 bium
207 1345 294 1401 esset
308 1335 578 1401 adversariorum
591 1359 735 1419 suorum,
748 1337 904 1423 Pompeio
913 1337 1079 1420 legionem
1110 1361 1128 1394 ο

102 1443 232 1505 remisit
257 1451 291 1506 et
315 1463 374 1506 suo
398 1444 533 1506 nomine
556 1441 886 1528 quintamdecimam,
922 1463 1021 1526 quam
1044 1441 1078 1504 in

103 1541 219 1610 Gallia
235 1546 392 1610 citeriore
407 1544 584 1627 habuerat,
601 1567 644 1609 ex
661 1554 798 1609 senatus
816 1543 970 1611 consulto
987 1542 1080 1607 iubet

102 1647 206 1713 tradi.
229 1648 269 1712 ln
294 1649 365 1713 eius
389 1648 500 1714 locum
523 1649 828 1714 tertiamdecimam
851 1648 1020 1734 legionem
1045 1649 1078 1710 in

102 1751 240 1817 Italiam
262 1753 378 1835 mittit,
403 1775 488 1839 quae
510 1752 683 1839 praesidia
707 1735 867 1835 tueretur,
892 1777 934 1818 ex
958 1751 1078 1838 quibus

102 1855 282 1941 praesidiis
299 1855 551 1940 quintadecima
568 1857 809 1922 deducebatur.
825 1857 903 1942 Ipse
915 1857 1101 1921 exercituir

105 1959 277 2025 distribuit
302 1960 459 2026 hiberna:
496 1959 533 2026 O.
557 1961 759 2027 Trebonium
785 1985 860 2027 cum
890 1961 1079 2045 legionibus

104 2074 262 2150 quattuor
277 2066 312 2128 in
327 2063 446 2148 Belgio
463 2063 621 2148 collocat,
637 2063 673 2129 O.
686 2065 831 2132 Fabium
847 2089 923 2132 cum
938 2064 1081 2130 totidem

104 2171 138 2233 in
150 2167 285 2234 Aeduos
300 2168 447 2235 deducit.
471 2168 527 2235 Sic
541 2173 629 2236 enim
642 2170 861 2237 existimabat
876 2171 1096 2235 tutissimams

103 2274 175 2337 fore
199 2269 357 2357 Galliam,
393 2275 421 2338 si
450 2272 588 2358 Belgae,
623 2297 762 2360 quorum
790 2277 938 2340 maxima
962 2275 1080 2352 virtus,

104 2376 225 2459 Aedui,
249 2398 389 2462 quorum
405 2380 592 2444 auctoritas
610 2403 739 2445 summa
757 2390 855 2462 esset,
873 2375 1080 2444 exercitibus

104 2482 366 2547 continerentur.
390 2482 467 2567 Ipse
491 2484 525 2546 in
548 2482 684 2548 Italiam
706 2484 877 2569 profectus
901 2493 962 2547 est.

191 2582 242 2649 55.
267 2584 341 2667 Quo
366 2609 442 2651 cum
464 2588 626 2670 venisset,
650 2589 826 2671 cognoscit
849 2610 908 2673 per
931 2583 967 2650 Ο.
991 2583 1081 2649 Μ51·

105 2689 228 2755 5511515
243 2688 416 2756 consulem
430 2689 580 2772 legiones
597 2690 681 2756 duae
697 2690 740 2756 ab
758 2714 793 2755 se
809 2692 979 2773 remissas,
996 2711 1081 2774 quae

77 2821 82 2831 ⁵
106 2817 148 2858 ex
173 2803 311 2859 senatus
335 2793 490 2859 consulto
508 2793 669 2886 deberent
685 2794 730 2860 ad
745 2794 940 2861 Parthicum
956 2792 1081 2858 bellum

107 2897 194 2979 duci,
211 2896 272 2962 On.
287 2897 444 2984 Pompeio
467 2897 613 2964 traditas
638 2908 739 2986 atque
763 2902 797 2964 in
812 2898 916 2964 Italia
931 2907 1081 2963 retentas

107 3023 192 3066 esse.
216 3001 290 3067 Hoc
306 3002 399 3067 facto
416 3024 617 3088 quamquam
629 3003 715 3068 nulli
732 3013 804 3069 5151
822 3003 969 3086 dubium,
987 3002 1103 3089 quid-r

106 3127 184 3170 nam
220 3114 339 3170 contra
372 3104 554 3172 Gaesarem
587 3117 774 3194 pararetur,
809 3118 921 3173 tamen
956 3107 1082 3174 Caesar

107 3210 218 3274 omnia
233 3209 395 3295 patienda
412 3233 486 3276 csse
504 3214 633 3295 statuit,
651 3211 762 3297 quoad
778 3211 843 3277 sibi
868 3234 942 3297 spes
967 3211 1082 3295 aliqua

105 3312 352 3398 relinqueretur
374 3315 446 3380 iure
468 3317 579 3401 potius
598 3315 811 3402 disceptandi
828 3337 928 3401 quam
943 3313 1081 3396 bellige-

106 3416 218 3482 randi.
241 3417 435 3487 Oontendit.
453 3469 460 3483 .
478 3470 485 3484 .
504 3470 511 3486 .

495 3594 697 3604 —n———a-
