2376 3924
388 239 499 290 monn
516 240 564 302 vr,
584 239 660 291 cnr.
679 241 789 291 21—25.
1015 229 1074 306 157

95 426 247 492 desidiae
268 428 472 494 minuendae
495 451 599 495 causa
622 430 695 495 fieri
718 431 929 516 praedicant.
962 432 1096 518 Atque!

94 529 152 595 ubi
175 531 248 616 quis
273 554 316 596 ex
338 531 548 619 principibus
571 534 606 597 in
630 533 774 598 concilio
800 534 886 600 dixit
904 558 939 601 se
957 535 1075 602 ducem

95 633 175 717 fore,
188 635 244 719 qui
258 637 351 721 sequi
364 634 481 719 velint,
497 637 732 722 profiteantur,
745 649 954 722 consurgunt
967 641 1001 721 ii,
1018 642 1076 726 qui

96 748 128 802 et
151 760 290 803 causam
312 747 345 803 et
368 739 535 805 hominem
558 741 705 826 probant
729 763 889 828 suumque
911 742 1075 807 auxilium

94 839 297 926 pollicentur
313 849 416 926 atque
439 841 483 907 ab
505 842 723 908 multitudine
739 842 995 928 collaudantur3
1019 847 1097 932 quis

95 967 138 1008 ex
160 944 213 1008 his
238 945 346 1008 secuti
375 965 442 1009 non
473 954 562 1029 sunt,
591 948 626 1010 in
656 946 865 1013 desertorum
894 970 935 1014 ac
963 948 1074 1034 prodi-

93 1057 202 1111 torum
235 1069 372 1113 numero
408 1046 588 1132 ducuntur,
627 1053 838 1139 omniumque
875 1051 928 1117 his
964 1074 1075 1117 rerum

93 1161 212 1237 postea
234 1151 317 1216 fides
343 1151 534 1235 derogatur.
579 1153 757 1240 Hospitem
780 1154 911 1220 violare
932 1155 984 1220 fas
1008 1171 1097 1238 non⁹

93 1264 229 1340 putant3
253 1257 309 1341 qui
332 1277 541 1343 quacumque
566 1256 606 1323 de
628 1280 734 1324 causa
758 1259 803 1324 ad
827 1281 884 1323 eos
900 1269 1073 1341 venerunt,

94 1358 137 1427 ab
160 1359 286 1423 iniuria
309 1358 500 1444 prohibent,
530 1370 667 1426 sanctos
697 1360 834 1445 habent,
864 1362 984 1449 hisque
1007 1386 1074 1427 om-

93 1463 186 1525 nium
210 1461 327 1527 domus
351 1473 468 1548 patent
493 1465 671 1551 victusque
695 1467 971 1531 communicatur.

197 1564 249 1629 24.
265 1566 316 1632 Ac
332 1567 398 1633 fuit
413 1576 516 1633 antea
533 1578 674 1655 tempus,
691 1590 767 1634 cum
781 1567 966 1634 Germanos
981 1567 1072 1633 Galli

94 1671 220 1734 virtute
237 1678 445 1756 superarent,
462 1669 552 1737 ultro
568 1671 658 1737 bella
676 1673 849 1755 inferrent,
865 1680 1001 1758 propter
1017 1672 1073 1736 ho-

94 1774 220 1837 minum
231 1771 480 1839 multitudinem
492 1776 633 1861 agrique
650 1777 798 1860 inopiam
815 1786 910 1840 trans
923 1775 1073 1840 Rhenum

95 1876 245 1942 colonias
259 1881 443 1944 mitterent.
459 1880 579 1965 Itaque
595 1901 645 1962 ea,
663 1901 749 1966 quae
765 1879 976 1944 fertilissima
990 1877 1095 1943 Ger-²

93 1983 226 2046 maniae
249 1989 338 2066 suut,
361 1981 439 2048 loca
455 1984 583 2048 circum
599 1982 807 2068 Hercyniam
824 1982 955 2066 silvam,
973 2004 1073 2069 quam

92 2083 315 2149 Eratostheni
330 2093 363 2150 et
380 2084 583 2170 quibusdam
603 2084 744 2151 Graecis
761 2086 852 2151 fama
867 2095 983 2151 notam
1000 2108 1073 2150 esse

93 2187 202 2271 video,
227 2209 326 2273 quam
342 2188 392 2253 illi
410 2187 594 2274 Orcyniam
611 2188 796 2276 appellant,
811 2189 939 2254 Volcae
953 2189 1073 2253 'Pecto-

94 2313 193 2376 sages
217 2300 469 2377 occupaverunt
499 2301 600 2379 atque
630 2291 677 2358 ibi
706 2293 948 2376 consederunt3
986 2310 1095 2378 quaes

94 2416 175 2478 gens
192 2393 317 2461 adhoc
333 2403 464 2480 tempus
480 2395 532 2459 his
558 2395 696 2461 sedibus
720 2419 795 2461 sese
820 2398 970 2460 continet
987 2417 1072 2460 sum-

93 2520 247 2585 mamque
262 2498 365 2564 habet
379 2501 532 2564 iustitiae
545 2508 578 2564 et
590 2498 736 2566 bellicae
749 2500 861 2565 laudis
875 2501 1073 2585 opinionem.

93 2603 187 2668 Nunc
211 2624 341 2689 quoque
364 2604 398 2668 in
423 2603 541 2669 eadem
558 2603 695 2689 [inopia]
714 2613 867 2688 egestate
890 2603 1095 2688 patientia-⁴

94 2728 157 2792 que
173 2704 335 2772 Germani
358 2715 566 2791 permanent,
591 2706 708 2772 eodem
723 2710 817 2773 victu
841 2715 873 2771 et
890 2704 984 2770 cultu
1001 2727 1072 2769 cor-

92 2812 183 2895 poris
206 2819 361 2894 utuntur3
397 2808 507 2875 Gallis
531 2819 645 2876 autem
666 2811 917 2897 provinciarum
939 2811 1095 2895 propin-⁵

94 2916 205 2998 quitos
230 2924 264 2980 et
285 2915 591 2979 transmarinarum
613 2936 724 2979 rerum
753 2914 875 2979 notitia
898 2911 1004 2978 multa
1028 2912 1073 2976 ad

93 3018 223 3105 copiam
252 3027 354 3104 atque
381 3040 462 3084 usus
491 3017 655 3102 largitur3
691 3016 858 3103 paulatim
887 3016 1094 3082 assuefactis

94 3122 246 3206 superari
268 3121 450 3206 multisque
473 3122 558 3186 victi
580 3119 719 3207 proeliis
741 3143 784 3185 ne
801 3143 837 3186 se
857 3121 991 3207 quidem
1008 3121 1072 3204 ipsi

92 3223 259 3291 cumillis
283 3226 411 3291 virtute
435 3233 645 3310 comparant.

195 3326 247 3394 25.
262 3328 372 3395 Huius
384 3328 577 3414 Hercyniae
590 3328 709 3412 silvae,
725 3349 811 3415 quae
824 3349 924 3413 supra
939 3328 1071 3391 demon-

93 3439 203 3498 strata
232 3441 294 3517 est,
327 3430 474 3498 latitudo
511 3454 634 3498 novem
662 3432 791 3498 dierum
821 3433 885 3497 iter
914 3430 1074 3517 expedito

91 3543 206 3622 patet3
220 3556 287 3605 non
303 3537 395 3603 enim
408 3535 510 3602 aliter
523 3536 614 3603 finiri
629 3545 751 3624 potest,
774 3557 882 3622 nsque
897 3555 1071 3599 mensuras
