2378 3922
95 222 159 272 XIV
393 218 605 270 ADNOTATIO
626 219 772 271 CRITICA

100 415 128 460 et
146 410 251 474 aliquot
269 409 417 459 deteriores
436 408 511 458 codd.
530 407 639 468 habent,
659 424 720 458 cum
739 407 903 474 Nipperdeio
931 408 1036 458 Kraner
1054 413 1082 459 et

101 496 198 546 Dinter
216 501 385 560 receperunt.

200 598 222 631 c.
243 583 284 647 11,
296 581 326 630 4:
345 584 378 632 nt
397 595 480 646 qnam
488 578 632 646 plurimae
641 579 758 646 possit
770 617 777 632 .
787 620 793 632 .
804 618 811 632 .
822 594 908 633 roanos
920 578 1080 649 instituat]

99 669 224 719 meliores
244 667 352 733 quidem
371 667 435 717 libri
450 670 547 733 poscet
566 665 701 729 exhibent,
720 666 769 717 sed
788 668 991 718 coniunctivum
1003 681 1080 732 prae·

100 756 185 806 sentis
205 754 391 805 necessarium
416 769 475 804 esse
499 753 579 803 docui
597 755 626 802 in
649 751 744 804 libello
762 744 886 804 ‘Studien
906 751 977 806 cett'
995 770 1021 819 p.
1039 753 1081 815 40,

100 857 127 890 n.
156 841 198 890 49.

202 942 225 976 c.
246 927 286 986 12,
307 927 337 975 1:
361 922 536 976 Britanniae
560 939 633 991 pore
662 923 782 977 irtterior
810 924 845 977 ab
872 923 910 977 iis
937 923 1082 991 incolitur,

98 1025 167 1077 qnoc
184 1015 269 1063 notor
287 1009 320 1062 in
338 1008 434 1062 insola
452 1009 464 1060 i
470 1024 513 1076 ps
524 1025 542 1061 a
560 1011 693 1062 mensoria
708 1008 857 1077 proditum
870 1009 978 1077 dicunt,
998 1009 1082 1063 mori-

102 1095 172 1149 tino
187 1110 261 1163 pars
281 1094 315 1147 ab
334 1094 380 1161 iis,
400 1093 449 1162 qni
463 1094 591 1162 praedae
612 1095 656 1164 [oc
674 1095 737 1149 belli
755 1095 909 1164 inferendo]
939 1111 1028 1150 conso
1049 1111 1083 1149 en

101 1181 199 1252 Belqio
227 1178 470 1249 transierant]
494 1181 622 1247 Nipperd.
648 1187 676 1234 et
700 1182 823 1249 plerique
844 1184 1008 1234 recentiores
1027 1183 1084 1233 edi·

101 1277 175 1320 tores
193 1267 278 1336 ipsi
297 1270 472 1333 scripserunt.
490 1274 519 1318 at
530 1268 596 1319 licet
614 1269 738 1319 meliores
752 1269 860 1320 codices
878 1268 937 1336 ipsi
954 1269 1083 1330 habeant,

96 1363 187 1406 tamen
207 1371 268 1405 cum
288 1370 324 1420 pa
335 1371 393 1404 rum
411 1354 518 1417 referat,
537 1355 584 1419 qui
602 1356 732 1406 memoria
749 1355 818 1405 illud
835 1355 972 1421 proditum
984 1356 1084 1417 dicant,

101 1443 182 1492 immo
201 1443 331 1507 primaria
350 1442 500 1491 sententiae
518 1441 561 1491 vis
584 1441 613 1490 in
633 1456 664 1490 eo
689 1446 820 1502 versetur,
844 1440 917 1505 qnod
934 1438 1084 1491 incolarum

103 1543 166 1592 pars
184 1528 213 1577 in
232 1527 323 1577 insula
341 1525 353 1577 i
359 1540 433 1593 psa
453 1532 524 1587 nata,
548 1542 611 1592 pars
631 1543 664 1576 ex
686 1527 783 1591 Belgio
807 1526 952 1578 advenisse
970 1526 1084 1588 dicatur,

102 1611 113 1663 i
120 1627 210 1678 pao,
236 1613 308 1678 quod
327 1613 404 1665 codd.
423 1614 500 1663 Leid.
520 1617 543 1675 1,
569 1614 677 1678 Scalig„
696 1613 790 1664 Ouiae.
808 1614 949 1678 praebent,
973 1618 1004 1663 ut
1022 1613 1086 1662 olim

102 1703 142 1749 sic
161 1701 242 1750 etiam
263 1716 335 1750 nunc
353 1699 562 1765 praeferendum
581 1715 641 1750 esse
660 1699 733 1749 duxi.
746 1726 782 1736 —
793 1699 878 1749 verba
901 1697 945 1766 [ac
963 1696 1026 1750 beiti
1044 1697 1086 1750 in·

101 1782 224 1852 ferendo]
239 1788 340 1851 'spuria
358 1801 418 1836 esse
443 1786 535 1835 docuit
552 1785 649 1835 Heller
668 1784 776 1850 (Philol.
795 1784 902 1834 XVIIII
920 1801 946 1850 p.
965 1785 1035 1836 502¹.
1052 1811 1086 1821 —

100 1871 137 1923 ib.
165 1870 449 1941 transierant]
481 1872 631 1938 perlectum
659 1871 927 1924 transierunt
956 1867 1085 1934 Nipperd.

102 1964 130 2008 et
140 1958 245 2024 Frigell
265 1975 298 2009 ex
310 1959 489 2008 deterioribus
503 1958 607 2023 aliquot
626 1958 766 2008 codicibus
779 1961 954 2023 receperunt;
967 1961 1085 2005 attamen

102 2044 400 2110 plusquamperfectum
419 2057 473 2094 non
492 2042 570 2094 modo
595 2046 758 2109 optimorum
776 2043 907 2093 librorum
926 2042 1086 2091 auctoritate

106 2129 210 2192 nititur,
238 2129 286 2179 sed
306 2130 388 2179 etiam
406 2130 467 2194 ipsa
484 2130 613 2194 temporis
638 2131 742 2179 ratione
761 2129 908 2194 flagitatur,
937 2130 959 2178 si
978 2126 1086 2192 quidem

103 2231 165 2264 cum
183 2215 359 2280 sequentibus
369 2218 589 2280 permanserunt
606 2243 631 2252 -
645 2213 732 2267 colore
743 2217 894 2281 coeperant
908 2217 1086 2278 comparatur.

103 2328 138 2338 -
155 2300 193 2349 ib.
213 2301 237 2365 g.
255 2301 285 2347 4:
304 2303 428 2352 ntnntnr
446 2304 498 2352 ont
517 2315 580 2352 nere
601 2300 664 2367 [ont
682 2314 794 2353 nnrnnro
813 2298 910 2367 onreo]
931 2302 983 2351 ant
1005 2295 1087 2349 taleis

103 2383 223 2454 ferreis]
247 2386 332 2434 verba
350 2386 458 2436 inclusa
476 2386 510 2436 ab
529 2386 714 2451 superioribus
729 2386 879 2436 editoribus
892 2384 1003 2450 explosa
1015 2399 1087 2433 nuno

109 2486 140 2520 eo
159 2469 269 2521 defendi
296 2472 394 2535 solent,
421 2470 494 2535 quod
520 2475 590 2522 teste
608 2472 776 2530 Mommseno
803 2471 886 2536 (Hist.
911 2470 951 2521 rei
974 2468 1087 2520 Roman.

104 2572 205 2606 numm.
223 2572 249 2621 p,
269 2557 327 2619 683)
347 2558 375 2606 in
394 2557 537 2606 Britannia
555 2559 656 2623 reperti
674 2558 729 2607 sint
746 2558 850 2607 nummi
868 2557 945 2606 aurei
962 2554 1088 2606 Caesaris

105 2648 194 2694 aetate
212 2644 384 2693 vetustiores.
403 2658 458 2708 qua
476 2642 509 2693 de
522 2659 551 2693 re
564 2658 727 2709 quamquam
745 2643 877 2693 iudicium
890 2642 961 2692 ferre
974 2656 1089 2707 nequeo,

105 2733 196 2779 tamen
214 2744 311 2794 parum
330 2729 479 2780 verisimile
497 2729 605 2780 videtur
624 2729 736 2780 Caesari
755 2728 788 2778 de
801 2729 994 2779 Britannorum
1013 2743 1089 2778 num·

105 2816 156 2865 mis
174 2816 263 2866 aureis
283 2815 432 2880 quidquam
450 2819 616 2881 compertum
640 2815 733 2877 tuisse,
757 2817 781 2865 ei
803 2814 913 2880 quidem
932 2813 1027 2864 Cicero
1045 2812 1090 2862 vel

107 2901 142 2950 ab
160 2902 220 2966 ipso
241 2900 359 2951 Caesare
376 2901 422 2952 vel
440 2917 457 2952 a
475 2902 577 2963 Quinto
601 2901 683 2952 fratre
707 2917 755 2967 per
773 2902 878 2952 litteras
896 2916 930 2950 ex
948 2899 1089 2950 Britannia

107 2986 183 3036 datas
203 2986 316 3037 edoctus
341 2993 390 3051 est,
414 2979 452 3036 ‘in
471 2987 614 3037 Britannia
636 2987 705 3036 nihil
728 3002 788 3038 esse
812 3001 899 3052 neque
923 2985 984 3036 auri
1002 2997 1089 3046 neque

108 3071 223 3137 argenti'
246 3073 291 3140 (ad
309 3073 373 3124 fam.
393 3073 452 3133 VII,
471 3075 495 3136 l,
515 3073 550 3140 1),
575 3079 602 3124 et
620 3064 720 3138 ‘neque
738 3073 844 3139 argenti
863 3069 1012 3136 scripulum
1030 3082 1089 3118 esse

106 3157 193 3209 ullum
211 3159 240 3208 in
259 3159 308 3209 illa
325 3159 417 3210 insula
439 3175 528 3225 neque
552 3161 637 3210 ullam
656 3174 731 3225 spem
755 3158 874 3225 praedae
893 3156 998 3207 nisiex
1016 3169 1089 3204 man-

108 3242 197 3310 cipiie'
229 3243 275 3313 (ad
300 3241 421 3307 nn.1v‚
442 3246 482 3308 16,
502 3247 554 3308 13).
582 3250 701 3297 ceterum
732 3252 774 3295 sat
802 3243 884 3295 facile
914 3241 1091 3308 intellegitur,

109 3330 181 3379 unde
205 3329 253 3381 ille
271 3345 402 3384 rrnnimns
421 3345 527 3384 aurens
551 3332 580 3380 in
599 3330 724 3380 Caesaris
742 3330 832 3381 locum
852 3330 887 3380 sit
904 3329 1006 3382 illatus.
1030 3344 1091 3379 cum

108 3416 180 3464 enim
198 3416 261 3466 voci
279 3431 369 3468 aere
387 3417 599 3483 superscriptum
620 3420 692 3466 esset
708 3430 820 3468 namuco
839 3429 919 3468 aereo
937 3414 1019 3481 idque
1037 3414 1092 3466 iam

108 3517 125 3552 a
142 3500 264 3552 librariis
289 3504 316 3551 in
342 3504 402 3567 ipsa
426 3502 551 3552 Caesaris
574 3501 658 3551 verba
685 3502 859 3566 insereretur,
887 3507 946 3552 orta
974 3505 1016 3551 est
1043 3501 1093 3551 illa
