2376 3924
131 247 191 310 166
454 248 505 299 DE
524 247 645 298 BELLO
665 246 778 298 elvlul

126 444 278 520 certaque
293 437 379 501 vitae
395 436 549 518 condicio,
564 446 600 501 ut
613 437 688 501 dato
704 438 831 501 nomine
846 435 986 501 militum
1001 432 1115 503 e'ssent

124 559 273 622 numero;
303 540 330 603 si
353 541 424 624 quis
446 562 466 603 a
494 539 622 604 domino
651 540 921 625 prehenderetur,
950 561 1115 606 consensu

104 642 258 708 “militum
281 642 488 728 eripiebatur,
512 646 567 728 qui
589 647 656 707 vim
679 665 819 727 suorum,
849 641 936 728 quod
958 644 994 708 in
1016 644 1113 708 simili

123 745 217 832 culpa
232 747 459 830 versabantur,
482 749 542 832 ipsi
565 770 624 833 pro
647 769 704 811 suo
721 746 863 833 periculo
876 745 1111 814 defendebant.

100 849 166 913 δΗί
198 872 313 935 regum
346 852 466 914 amicos
494 850 537 915 ad
564 859 701 914 mortem
730 851 921 935 deposcere,
952 848 987 914 hi
1021 849 1112 918 bona

120 947 315 1038 locupletum
343 953 500 1040 diripere,
537 954 688 1039 stipendii
716 953 857 1039 augendi
893 974 993 1018 causa
1021 957 1111 1041 regis

120 1056 250 1121 domum
262 1057 419 1142 obsidere,
432 1080 532 1144 regno
545 1058 715 1143 expellere,
728 1057 806 1122 ahos
818 1077 983 1122 arcessere
995 1067 1110 1122 vetere

121 1159 262 1243 quodam
283 1155 499 1226 Alexandrini
534 1165 697 1226 exercitus
725 1163 869 1226 instituto
900 1170 1108 1226 consuerant.

98 1263 223 1328 cErant
245 1273 414 1350 praeterea
436 1269 580 1351 equitum
609 1265 696 1331 milia
718 1266 791 1331 duo.
836 1266 1111 1330 Inveteraverant

118 1366 151 1431 hi
168 1390 277 1433 omnes
293 1369 510 1455 compluribus
526 1369 747 1434 Alexandriae
763 1366 867 1449 bellis3
884 1367 1110 1434 Ptolemaeum

119 1480 244 1556 patrem
258 1475 292 1536 in
307 1495 445 1557 regnum
460 1472 669 1555 reduxerant,
693 1471 801 1536 Bibuli
816 1471 898 1537 filios
914 1471 996 1536 duos
1008 1473 1108 1537 inter·

117 1574 270 1659 fecerant,
294 1576 378 1642 bella
401 1600 474 1642 cum
490 1575 662 1663 Aegyptiis
684 1584 861 1661 gesserant.
895 1575 996 1641 Hunc
1010 1598 1108 1642 usum

125 1682 171 1743 rei
194 1681 339 1746 militaris
361 1680 536 1746 habebant.

212 1783 282 1849 111.
317 1786 377 1849 His
407 1787 505 1870 copiis
535 1784 638 1848 fidens
666 1783 809 1849 Achillas
843 1771 1129 1870 paucitatemque

123 1887 258 1953 militum
280 1885 428 1952 Caesaris
458 1888 637 1973 despiciens
667 1886 846 1974 occupabat
868 1884 1107 1952 Alexandriam

120 2001 344 2076 praeteream
368 1993 476 2078 oppidi
498 2003 639 2080 partem,
663 2015 761 2079 quam
784 1990 1003 2057 Caesareum
1026 1990 1106 2055 mili-

117 2093 203 2159 tibus
225 2095 373 2179 tenebat,
402 2099 505 2182 primo
533 2099 655 2182 impetu
677 2095 809 2161 domum
832 2097 900 2159 eius
922 2096 1105 2180 irrumpere

117 2208 266 2283 conatus3
306 2200 363 2265 sed
393 2198 515 2264 Caesar
544 2199 704 2285 dispositis
732 2220 791 2284 per
818 2200 889 2262 vias
916 2196 1105 2264 cohortibus

95 2303 271 2389 aimpetum
283 2307 350 2369 eius
366 2307 523 2369 sustinuit.
558 2303 747 2388 Eodemque
764 2311 909 2388 tempore
921 2312 1105 2388 pugnatum

116 2415 165 2471 est
187 2407 230 2472 ad
252 2418 390 2495 portum,
414 2431 453 2474 ao
476 2408 569 2493 longe
592 2406 769 2471 maximam
791 2428 830 2471 ea
852 2427 904 2470 res
927 2404 1036 2471 attulit
1057 2406 1104 2471 di·

115 2512 328 2577 micationem.
368 2512 470 2579 Simul
493 2514 578 2576 enim
601 2510 740 2576 diductis
763 2511 862 2596 copiis
878 2507 1026 2596 pluribus
1040 2511 1104 2574 viis

97 2616 331 2704 pugnabatur,
356 2625 388 2682 et
409 2639 529 2702 magna
543 2613 747 2680 multitudine
761 2636 863 2679 naves
877 2612 991 2699 longas
1007 2634 1102 2679 occu·

93 2736 194 2808 lpare
226 2721 334 2786 hostes
368 2720 583 2803 conabantur3
620 2738 758 2804 quarum
796 2726 891 2782 erant
923 2734 946 2780 L
979 2715 1104 2783 auxilio

115 2825 232 2888 missae
261 2823 303 2888 ad
332 2825 522 2909 Pompeium
548 2821 733 2908 proelioque
761 2823 794 2885 in
816 2818 985 2886 Thessalia
1014 2820 1104 2887 facto

115 2927 247 2991 domum
274 2926 452 3010 redierant,
480 2927 552 2992 illae
582 2928 729 2992 triremes
757 2945 868 2990 omnes
890 2932 923 2988 et
945 2924 1104 3011 quinque·

114 3052 218 3096 remes
246 3039 341 3117 aptae
370 3032 610 3118 instructaeque
639 3029 786 3095 omnibus
813 3029 912 3094 rebus
940 3025 984 3092 ad
1011 3028 1103 3093 navi·

114 3135 273 3222 gaudum,
310 3145 438 3221 praeter
474 3136 533 3200 has
566 3154 659 3217 xxn,
699 3157 782 3220 quae
815 3128 967 3220 praesidii
1000 3132 1104 3199 eausa

93 3238 334 3304 ⁴Alexandriae
357 3261 427 3303 esse
443 3248 645 3321 consuerant,
669 3246 850 3303 constratae
866 3257 994 3320 omues,
1019 3256 1104 3322 quas

107 3346 135 3408 si
171 3345 426 3429 occupavissent,
461 3342 562 3408 classe
590 3341 722 3408 Caesari
756 3350 868 3427 erepta
901 3347 1034 3426 portum
1060 3362 1104 3407 ac

107 3468 197 3512 mare
226 3455 329 3512 totum
354 3449 388 3512 in
421 3469 479 3512 sua
515 3455 673 3533 potestate
707 3446 882 3529 haberent,
915 3439 1105 3513 commem

90 3550 304 3638 ⁵auxiliisque
326 3550 500 3618 Caesarem
528 3550 745 3638 prohiberent.
788 3550 865 3637 Itaq·
