2376 3924
331 220 381 270 AD
400 219 499 270 CAES.
516 220 620 273 Bana.
640 220 707 270 CIV.
725 223 747 283 I,
765 223 888 272 23-85.
1009 221 1076 272 XIII

94 411 151 460 iam
180 409 261 460 docui
288 409 413 460 editione.
445 425 526 475 supra
550 426 573 460 c.
591 410 633 474 25,
651 413 667 460 2
685 416 825 461 narratum
848 417 902 472 est,
931 411 1075 462 Caesarem

94 496 271 546 Domitianas
294 495 417 546 cohortes
437 495 548 546 Corfinii
570 501 663 561 captas
685 498 811 562 protinus
835 499 864 547 in
885 497 1007 548 Siciliam
1024 498 1076 546 mi-

95 580 212 647 sisse¹);
242 597 288 632 eas
315 583 427 646 triginta
452 586 507 631 tres
534 597 645 632 numero
676 581 760 632 fuisse
789 582 922 645 (cohortes
949 581 1073 648 amplias

95 667 191 723 XXX
209 685 232 718 c.
252 670 292 729 17,
310 669 335 731 2)
361 681 395 720 ex
418 683 442 717 e.
461 670 493 717 16
516 673 604 734 patet,
633 669 682 718 ubi
704 667 773 718 XIII
791 684 808 718 a
826 668 962 729 Vibullio,
990 669 1041 718 XX
1059 684 1076 718 a

95 756 218 805 Domitio
237 760 346 805 coactas
365 769 424 804 esse
442 753 552 819 legitur.
569 754 622 804 hae
640 759 731 804 tamen
750 759 780 804 ut
793 753 939 804 dediticiae
952 753 1077 818 aliquan·

96 848 156 892 tum
177 841 405 906 infrequentiores
429 839 513 889 fnisse
532 845 560 889 et
576 841 605 888 in
623 840 763 905 legionum
781 840 895 891 formam
913 841 1075 890 constitutae

98 944 153 977 non
172 928 226 977 nisi
243 928 345 977 iustum
364 927 477 977 duarum
496 926 634 992 legionum
649 942 792 977 numerum
808 925 930 991 explesse
942 925 1076 976 videntur.

96 1015 127 1064 id
144 1013 210 1064 inde
226 1013 336 1080 probari
353 1013 469 1074 videtur,
488 1011 561 1078 quod
578 1012 612 1062 de
631 1012 736 1062 duabus
756 1012 912 1078 legionibus
929 1027 946 1062 a
959 1010 1076 1062 Curione

98 1117 132 1152 ex
152 1099 248 1150 Sicilia
268 1101 297 1149 in
315 1100 435 1150 Africam
461 1100 628 1149 transmissis
655 1098 727 1148 infra
750 1101 774 1159 2,
793 1099 868 1159 28,1
896 1098 1076 1164 praedicatur,

98 1185 211 1237 easdem
227 1185 319 1246 fuisse,
338 1177 415 1250 ‘quas
432 1184 616 1249 superioribus
628 1184 794 1249 temporibus
809 1183 927 1234 Corfinio
939 1187 1078 1248 receperat

78 1269 220 1325 ‘Caesar'
250 1273 342 1337 itaque
361 1270 430 1321 duae
449 1271 551 1320 alterae
570 1269 701 1334 legiones,
725 1286 793 1335 quas
813 1270 924 1321 Siciliae
942 1269 1077 1335 praesidio

98 1359 224 1425 reliquit,
254 1357 288 1408 de
315 1372 362 1408 sex
389 1356 446 1406 illis
473 1354 547 1405 haud
574 1354 656 1405 dubie
682 1355 805 1415 suerunt,
837 1351 905 1422 q'nas
923 1355 1031 1412 Caesar¹
1042 1355 1078 1404 ad

99 1445 277 1496 Brundisium
302 1444 431 1494 habuisse
451 1444 473 1504 1,
492 1443 534 1506 ib,
554 1446 568 1493 1
587 1448 719 1493 narratur.
750 1457 864 1507 quarum
890 1442 1028 1508 legionum
1056 1443 1079 1490 si

99 1547 182 1583 unam
202 1547 264 1581 cum
281 1529 391 1580 Valerio
410 1530 438 1578 in
459 1528 623 1588 Sardiniam,
654 1527 722 1578 duas
743 1542 806 1577 eum
824 1527 941 1578 Curione
958 1528 987 1576 in
1006 1526 1075 1576 Sici-

99 1618 168 1667 IIam
186 1618 268 1676 misIt,
286 1615 407 1680 reliquas
426 1619 504 1664 erant
521 1619 575 1663 tres
594 1612 748 1680 etquidem
768 1628 826 1679 eae,
844 1628 911 1678 quas
926 1613 1076 1663 Massiliam

101 1704 202 1755 deinde
228 1702 360 1754 adductas
383 1717 400 1751 a
422 1701 540 1752 Caesare
559 1716 582 1750 c.
600 1701 634 1750 36
651 1699 784 1752 videmus.
817 1716 878 1750 cum
902 1700 985 1765 iffl‘tur
1004 1715 1027 1748 c.
1045 1699 1079 1748 30

102 1805 160 1840 non
186 1790 240 1838 nisi
265 1788 389 1854 legiones
408 1786 520 1837 Curioni
538 1786 571 1837 de
588 1786 753 1837 Brundisino
777 1787 898 1837 exercitu
921 1786 1079 1836 commissas

102 1874 251 1926 verisimile
279 1875 314 1923 sit
340 1874 558 1940 commemorari,
585 1873 695 1938 scripsi:
725 1870 757 1924 irs
780 1870 909 1925 Siciliam
928 1869 1076 1923 Oart'orrem

99 1975 155 2032 pro
179 1963 313 2028 praetore
339 1974 401 2011 cam
427 1957 581 2027 lepiom'bas
608 1957 755 2012 arabas.
794 1973 847 2023 quo
872 1957 952 2008 modo
984 1963 1075 2007 antem

103 2047 239 2111 corrumpi
265 2045 384 2110 potuerit
406 2059 549 2106 numerus,
575 2043 640 2094 inde
658 2045 792 2109 aperitur,
819 2043 892 2108 quod
910 2044 1018 2094 dativus
1034 2042 1080 2092 vel

103 2133 240 2185 ablativus
253 2131 358 2181 numeri
376 2128 433 2181 rico
450 2131 479 2178 in
496 2130 575 2179 libris
592 2129 666 2179 haud
683 2145 745 2180 raro
764 2132 793 2180 in
810 2129 884 2179 hunc
895 2128 1005 2179 modurn
1017 2143 1080 2178 exa·

103 2225 179 2270 ratur
197 2222 251 2268 est:
270 2215 340 2275 Ha·
359 2216 404 2266 vel
423 2214 501 2279 Hb’;
520 2232 553 2266 ex
564 2214 646 2266 affixa
656 2215 707 2265 illa
719 2214 840 2266 litterula
858 2214 873 2266 b
892 2220 966 2265 ortus
981 2213 1078 2264 deinde

105 2310 146 2356 est
172 2319 300 2353 numerus
327 2303 387 2356 ΠΙ.
422 2303 494 2352 hanc
520 2301 735 2352 emendationem
762 2303 927 2352 recentiores
953 2299 1081 2366 deinceps

104 2394 266 2456 receperunt
289 2389 416 2439 editores.

209 2491 232 2525 c.
244 2477 286 2538 34,
300 2478 328 2526 1:
346 2474 464 2527 missam
480 2475 515 2524 in
532 2474 741 2539 Hispaniam.
753 2471 912 2539 aPompet'o
926 2471 1079 2525 Vibullium

103 2560 234 2631 Rufum]
252 2563 285 2612 in
303 2562 507 2627 Hispaniam
526 2561 663 2627 supplevit
680 2560 775 2610 Aldus.

209 2682 233 2716 e.
244 2667 286 2727 35,
298 2665 328 2713 4:
346 2662 494 2731 prmct'pee
511 2677 575 2715 roro
593 2676 652 2715 csse
669 2676 767 2714 caram
781 2658 913 2728 partiam
928 2658 988 2728 [Oa.
1001 2659 1083 2712 Pom·

101 2752 201 2823 proca
212 2755 239 2804 et
252 2749 281 2804 G.
295 2747 452 2818 Gaesarem]
468 2754 608 2817 patronos
624 2747 765 2815 civitatis,-
783 2761 901 2814 qaorum
913 2746 985 2800 alter
998 2761 1081 2816 apros

108 2838 259 2894 Volcarum
270 2835 495 2890 Arecomicorum
506 2839 533 2888 et
545 2834 710 2889 Helviorum
724 2832 836 2901 publice
853 2832 891 2884 tte
907 2833 1081 2900 concesserit,

105 2924 180 2977 alter
198 2921 266 2976 bello
284 2921 371 2974 clatos
390 2920 504 2989 Sallyas
522 2918 704 2989 attribuerit]
731 2923 852 2985 ineptam
875 2919 1006 2970 librorum
1027 2921 1082 2971 lec·

104 3014 208 3062 tionem
234 3007 325 3061 or'ctas
355 3006 466 3060 Gallias
496 3006 677 3072 Glandorpius
705 3007 822 3056 correxit
850 3004 937 3058 oiston
965 3004 1078 3074 Sallyas

210 3178 377 3231 1)1)οιιὶιὶιιιιιι
396 3177 495 3220 cohortes
515 3177 541 3219 ab
558 3175 634 3218 minio
651 3176 747 3218 Pollione
764 3176 788 3218 in
801 3175 899 3218 Siciliam
918 3187 966 3217 esse
980 3176 1082 3217 deductas

107 3251 159 3292 inde
172 3248 279 3301 suspitari
292 3248 356 3300 litet,
380 3248 437 3298 qnod
449 3247 579 3290 Plutarchus
593 3245 639 3288 Cat.
655 3248 680 3288 tt
694 3248 716 3288 et
728 3245 841 3298 Appianas
855 3246 875 3287 b,
890 3245 932 3286 civ.
947 3245 976 3295 ΙΙ,
990 3247 1016 3285 to
1033 3243 1083 3284 Pol·

106 3320 187 3362 lienem
200 3320 251 3360 ante
264 3316 377 3360 Curionem
389 3316 413 3357 in
425 3315 521 3358 Siciliam
534 3317 624 3358 missum
637 3327 684 3358 esse
703 3314 792 3366 eiusque
810 3315 904 3355 adventu
917 3313 1019 3354 Catonem
1032 3322 1084 3363 pro·

106 3389 192 3441 fugisse
204 3390 301 3429 narrant.
315 3385 365 3428 huic
378 3385 411 3428 rei
424 3389 590 3428 consentaneum
603 3387 648 3437 est,
672 3384 727 3436 qnod
740 3382 810 3426 Pollio
823 3395 871 3424 cum
885 3382 962 3423 iisdem
976 3379 1081 3421 militibus

107 3458 174 3500 etlam
193 3456 217 3497 in
236 3455 332 3497 Africam
351 3457 488 3496 transvectus
508 3457 541 3496 est
562 3458 583 3496 et
601 3452 692 3496 Curione
712 3451 782 3494 occiso
803 3450 916 3503 imperinm
936 3448 1040 3500 suscepit.
1061 3460 1093 3490 ι.

108 3526 165 3578 App.
180 3525 197 3570 l.
210 3525 226 3567 1.
242 3535 261 3567 o.
276 3526 309 3566 45.
323 3528 357 3567 46.
