2376 3924
110 219 174 283 240
416 220 466 269 DE
484 219 604 270 BELLO
626 219 784 271 GALLICO

118 413 255 495 (magna
282 411 370 476 enim
392 409 572 478 multitudo
595 432 768 477 carrorum
791 414 892 477 etiam
917 413 1093 498 expeditos

119 516 213 600 sequi
230 512 347 580 Gallos
364 515 562 598 consuevit),
586 517 737 601 oppressi
760 514 836 581 luce
852 517 968 603 copias
985 537 1094 582 arma·

119 627 227 683 torum
251 641 311 704 pro
336 621 403 685 suis
427 621 597 683 instruunt
622 621 755 701 castris,
779 642 821 684 ne
841 621 934 704 prius
950 620 1094 685 Romani

119 723 277 808 persequi
301 743 336 786 se
359 723 558 807 inciperent,
582 743 681 806 quam
704 721 838 806 longius
856 743 976 806 agmen
992 725 1087 810 impe·

96 825 341 890 adimentorum
366 847 500 889 suorum
523 827 755 910 processisset.
779 825 826 893 At
842 825 970 891 Caesar
985 848 1094 912 neque

118 931 315 994 resistentes
339 927 591 1012 aggrediuudos
615 937 711 993 tanto
736 929 833 994 collis
849 951 994 995 ascensu
1008 930 1094 995 iudi·

118 1033 230 1115 cabat,
261 1055 368 1118 neque
391 1054 457 1097 non
481 1054 587 1118 usque
611 1054 649 1096 eo
673 1030 823 1115 legiones
851 1033 1093 1117 admovendas,

117 1146 154 1201 ut
179 1135 353 1200 discedere
377 1159 420 1201 ex
444 1157 481 1200 eo
505 1133 578 1200 loco
599 1137 671 1200 sine
687 1137 836 1221 periculo
854 1137 992 1202 barbari
1008 1137 1093 1203 mili·

94 1239 208 1304 rtibus
225 1238 432 1304 instantibus
449 1261 515 1303 non
537 1248 686 1324 possent.
709 1240 772 1321 Ita,
796 1262 870 1305 cum
892 1240 1017 1326 palude
1032 1242 1092 1306 im·

116 1340 231 1428 pedite
255 1365 275 1406 a
299 1345 421 1407 castris
446 1352 563 1408 castra
583 1342 690 1407 dividi
707 1343 847 1427 videret,
872 1366 958 1430 quae
981 1353 1092 1435 trans-

117 1445 218 1511 eundi
235 1446 418 1513 difficultas
435 1446 645 1512 celeritatem
657 1448 854 1534 insequendi
868 1448 1006 1514 tardare
1018 1469 1092 1535 pos·

118 1559 178 1633 set,
202 1559 302 1637 atque
326 1550 362 1614 id
384 1553 509 1635 iugum,
534 1551 622 1636 quod
639 1561 733 1616 trans
749 1550 907 1649 paludem
923 1573 1031 1638 paene
1047 1551 1092 1617 ad
1127 1555 1131 1561 ’

116 1654 262 1719 hostium
283 1664 397 1719 castra
418 1656 612 1741 pertineret,
631 1653 792 1720 mediocri
813 1654 904 1720 valle
926 1676 946 1718 a
968 1655 1092 1720 castris

117 1757 1093 1844 eorumintercisumanimumadverteret,pontibuspalude

117 1870 291 1927 constrata
307 1861 457 1945 legiones
475 1862 624 1927 traducit
641 1861 862 1946 celeriterque
878 1864 913 1926 iu
930 1883 1092 1927 summam

117 1965 297 2052 planiciem
309 1966 379 2048 iugi
392 1967 555 2051 pervenit,
571 1987 656 2051 quae
671 1964 794 2030 declivi
810 1965 947 2048 fastigio
961 1964 1092 2029 duobus

94 2069 160 2134 sab
183 2068 346 2133 lateribus
370 2069 591 2134 muniebatur.
626 2068 678 2135 Ibi
702 2069 892 2152 legionibus
916 2070 1091 2133 instructis

117 2174 162 2239 ad
185 2173 336 2238 ultimum
359 2173 475 2256 iugum
497 2173 650 2258 pervenit
673 2172 847 2257 aciemque
863 2193 901 2236 eo
925 2170 1000 2236 loco
1016 2191 1092 2236 con·

117 2278 237 2360 stituit,
261 2276 349 2341 unde
372 2285 536 2341 tormento
552 2277 655 2341 missa
673 2274 740 2341 tela
756 2277 791 2340 in
806 2276 952 2340 hostium
968 2296 1092 2340 cuneos

116 2383 225 2447 conici
249 2389 394 2468 possent.

209 2484 258 2549 15.
282 2483 427 2550 Barbari
450 2483 568 2550 confisi
591 2483 656 2548 loci
680 2492 812 2566 natura,
840 2505 914 2548 cum
931 2482 1093 2549 dimicare

115 2613 182 2654 non
194 2597 399 2670 recusarent,
418 2589 446 2653 si
461 2589 547 2654 forte
560 2589 703 2654 Romani
722 2587 835 2654 subire
853 2585 974 2652 collem
992 2608 1090 2654 cona-

119 2703 245 2777 rentur,
274 2693 437 2779 paulatim
465 2694 581 2778 copias
606 2691 807 2758 distributas
831 2691 1001 2757 dimittere
1025 2714 1092 2757 non

117 2806 264 2882 possent,
280 2820 323 2862 ne
340 2796 481 2884 dispersi
497 2796 784 2884 perturbarentur,
801 2798 836 2861 in
852 2797 927 2861 acie
938 2817 1092 2882 perman-

94 2923 106 2962 2
118 2909 242 2964 serunt.
259 2899 409 2982 Quorum
424 2902 612 2988 pertinacia
625 2903 762 2985 cognita
775 2899 905 2966 Caesar
916 2917 964 2963 xx
975 2899 1092 2965 cohor·

115 3003 206 3068 tibus
230 3005 405 3069 instructis
429 3008 618 3091 castrisque
642 3028 679 3071 eo
702 3005 777 3070 loco
806 3006 942 3070 metatis
967 3005 1091 3069 muniri

94 3107 208 3172 aiubet
227 3116 352 3173 castra.
377 3107 553 3175 Absolutis
578 3109 732 3195 operibus
756 3130 816 3194 pro
832 3107 922 3174 vallo
939 3106 1090 3191 legiones

116 3213 300 3277 instructas
317 3210 474 3296 collocat,
492 3216 620 3298 equites
634 3214 776 3279 frenatis
789 3215 882 3300 equis
896 3214 929 3277 in
943 3213 1091 3277 statione

93 3314 273 3400 rdisponit.
297 3315 482 3400 Bellovaci,
507 3339 580 3382 cum
595 3318 764 3383 Romanos
780 3317 825 3382 ad
848 3315 1091 3402 insequendum

115 3429 253 3505 paratos
277 3420 432 3487 viderent
454 3443 561 3507 neque
582 3431 783 3508 pernoctare
800 3429 858 3488 aut
874 3421 1000 3486 diutius
1017 3442 1090 3507 per·

115 3545 252 3589 manere
277 3526 349 3589 sine
369 3523 519 3611 periculo
535 3523 653 3592 eodem
668 3526 742 3591 loco
758 3533 906 3612 possent,
925 3523 995 3590 tale
1010 3546 1090 3591 con·
