2376 3924
394 261 505 313 LIBER
521 261 571 322 111.
591 259 669 313 CAR
688 262 782 312 8-10,
1036 263 1078 324 99

96 452 291 539 expulerunt
305 461 338 517 et
358 475 476 539 magno
491 475 625 518 numero
640 452 809 517 interfecto
824 452 964 538 reliquos
980 461 1077 538 atque

96 558 201 641 ipsum
238 557 412 622 Octavium
460 558 493 620 in
533 578 634 621 naves
679 555 853 640 confugere
893 565 1077 640 coegerunt.

97 656 171 745 [Hic
199 660 259 722 fuit
287 661 533 745 oppugnationis
562 655 690 744 exitus]
734 659 870 744 lamque
901 658 1003 722 hiems
1026 682 1100 744 ape

98 760 345 847 propinquabat,
369 771 402 826 et
423 766 521 826 tantis
545 762 745 827 detrimentis
767 764 906 846 receptis
923 763 1079 828 Octavius

98 866 269 949 desperata
292 868 530 952 oppugnatione
554 866 662 952 oppidi
685 865 929 951 Dyrrhachium
952 887 1022 930 sese
1037 865 1079 929 ad

96 970 286 1053 Pompeium
307 971 437 1054 recepit.

186 1072 233 1136 10.
258 1072 563 1137 Demonstravimus
578 1074 617 1138 L.
635 1072 812 1138 Vibullium
834 1075 965 1155 Rufum,
989 1075 1080 1139 Pom·

97 1178 148 1261 pei
171 1178 380 1262 praefectum,
405 1177 501 1242 bisin
518 1186 709 1264 potestatem
731 1181 916 1264 pervenisse
933 1177 1080 1242 Caesaris

98 1289 194 1365 atque
229 1281 270 1344 ab
305 1303 342 1344 eo
376 1303 445 1344 esse
479 1280 660 1362 dimissum,
695 1282 793 1346 semel
828 1281 870 1346 ad
893 1281 1079 1370 Corfinium,

98 1385 214 1447 iterum
236 1386 269 1447 in
285 1384 452 1469 Hispania.
486 1385 583 1448 Hunc
605 1407 662 1470 pro
686 1387 750 1449 suis
773 1384 938 1450 beneficiis
961 1383 1104 1454 Caesam»

98 1486 250 1551 idoneum
283 1486 499 1571 iudicaverat,
534 1509 631 1572 quem
665 1510 738 1551 cum
766 1489 927 1553 mandatis
957 1487 999 1552 ad
1023 1488 1080 1553 On.

99 1590 288 1673 Pompeium
309 1592 460 1672 mitteret,
485 1590 688 1676 eundemque
712 1591 800 1676 apud
817 1590 874 1655 On.
892 1593 1081 1677 Pompeium

99 1695 324 1757 auctoritatem
352 1692 474 1758 habere
503 1693 719 1778 intellegebat.
765 1695 847 1758 Erat
868 1706 977 1760 autem
1000 1694 1103 1768 hae03

98 1817 224 1861 summa
251 1797 495 1863 mandatorum:
533 1797 654 1862 debere
682 1806 856 1883 utrumque
885 1800 1081 1884 pertinaciae

98 1902 197 1967 tinem
224 1902 330 1967 facere
360 1911 393 1967 et
420 1902 462 1968 ab
491 1904 589 1966 armis
616 1901 783 1967 discedere
811 1923 917 1987 neque
945 1902 1081 1988 amplius

98 2006 260 2072 fortunam
283 2006 464 2092 periclitari.
511 2007 596 2073 Satis
618 2027 688 2071 esse
711 2028 830 2091 magna
852 2009 1014 2091 utrimque
1036 2009 1102 2080 inq

98 2108 267 2174 commoda
289 2119 439 2196 accepta,
469 2131 552 2195 quae
575 2132 633 2195 pro
656 2108 824 2195 disciplina
846 2120 879 2173 et
899 2111 1081 2196 praeceptis

99 2210 221 2275 habere
249 2221 394 2297 possent,
427 2221 464 2276 ut
491 2210 632 2296 rehquos
666 2233 760 2276 casus
793 2214 959 2277 timerent:
993 2211 1103 2290 illum5

98 2315 193 2380 ltaha
226 2315 398 2401 expulsum
431 2318 549 2381 amissa
577 2315 684 2381 Sicilia
712 2324 745 2379 et
767 2315 917 2382 Sardinia
944 2314 1083 2380 duabus·

100 2441 163 2505 que
179 2419 344 2504 Hispaniis
367 2427 401 2483 et
421 2417 607 2483 cohortibus
629 2417 665 2480 ln
687 2417 782 2481 Itaha
804 2426 902 2503 atque
925 2419 1084 2504 Hispania

100 2526 220 2588 civium
248 2525 468 2588 Romanorum
502 2531 633 2586 centum
665 2529 763 2606 atque
788 2539 878 2605 xxx3
913 2543 947 2585 se
981 2529 1084 2586 morte

101 2625 248 2691 Curionis
271 2636 303 2691 et
325 2625 517 2691 detrimento
538 2624 686 2690 Africani
708 2627 871 2690 exercitus
893 2634 983 2690 tanto
1006 2625 1084 2690 mili-

99 2742 234 2815 tumque
257 2729 421 2794 deditione
444 2729 487 2794 ad
509 2727 683 2794 Curictam.
729 2728 870 2795 Proinde
892 2727 953 2793 sibi
975 2750 1015 2793 ac
1036 2732 1103 2804 reia

100 2832 248 2920 pubhcae
271 2840 458 2919 parcerent,
489 2851 576 2912 cam,
613 2841 771 2917 quantum
792 2834 827 2918 ip
848 2830 932 2899 bello
954 2833 1084 2899 fortuna

101 2947 222 3023 posset,
251 2939 316 3001 iam
343 2938 405 3023 ipsi
432 2935 642 3001 incommodis
671 2939 737 3002 suis
758 2938 836 3002 satis
859 2946 967 3003 essent
988 2937 1084 3003 docu-
1114 3007 1119 3020 ,

100 3052 217 3106 mento.
249 3041 322 3106 Hoc
343 3063 445 3106 unum
467 3062 537 3105 esse
559 3049 686 3126 tempus
702 3039 743 3106 de
758 3063 839 3128 pace
854 3042 983 3128 agendi,
1006 3042 1104 3117 dumq

101 3145 162 3210 sibi
192 3155 329 3232 uterque
360 3145 538 3215 confideret
571 3154 604 3210 et
631 3167 726 3232 pares
754 3146 850 3212 ambo
877 3147 1083 3231 viderentur,

101 3250 127 3313 si
149 3270 228 3314 vero
251 3247 343 3314 alteri
372 3248 504 3335 paulum
531 3249 627 3314 modo
655 3247 820 3315 tribuisset
847 3250 991 3333 fortuna,
1019 3273 1084 3316 non

101 3374 328 3419 escensurum
351 3352 593 3418 condicionibus
616 3355 705 3440 pacis
732 3375 823 3437 eum,
857 3356 912 3439 qui
940 3357 1085 3440 superior

98 3454 283 3542 -videretur,
313 3477 420 3543 neque
448 3455 517 3524 fore
542 3476 651 3543 aequa
679 3465 772 3544 parte
794 3465 996 3541 contentum,
1030 3460 1085 3543 qui

104 3581 140 3626 se
162 3563 270 3629 omnia
292 3559 482 3629 habiturum
510 3559 697 3627 confideret.
742 3559 954 3628 Condiciones
987 3564 1113 3649 pacis„

889 3662 924 3715 qs
