2376 3924
411 235 520 286 LIBER
534 236 554 294 1,
574 235 651 286 cnP.
665 238 775 286 63-66.
1037 237 1079 301 43

102 449 193 490 mora
214 428 402 512 interposita
425 449 496 509 eos,
526 427 644 513 quide
674 430 769 492 tertia
796 428 905 512 vigilia
928 429 1080 508 exissent,

103 538 177 593 ante
200 530 313 594 horam
336 530 399 594 diei
421 547 509 596 vnn.
534 540 817 616 consequerentur.

188 631 238 696 65.
264 634 353 714 Quos
375 633 432 698 ubi
447 634 602 698 Afranius
625 633 736 720 procul
757 637 843 698 visos
866 657 939 698 curn
954 635 1080 698 Petreio

103 739 279 822 conspexit,
303 760 388 801 nova
410 761 445 802 re
468 741 657 824 perterritus
680 739 756 804 locis
772 737 990 824 superioribus
1010 761 1081 802 con-

103 843 182 904 stitit
205 843 371 927 aciemque
393 843 531 906 instruit.
566 841 687 907 Caesar
709 845 743 907 in
766 845 886 928 campis
902 845 1103 908 exercituma

102 946 216 1028 reficit,
240 967 280 1009 nc
304 946 467 1009 defessum
489 946 619 1030 proelio·
632 945 765 1028 obiciat3
794 967 906 1010 rursus
929 955 1081 1010 conantes

103 1049 255 1135 progredi
276 1051 456 1134 insequitur
479 1059 511 1113 et
533 1060 686 1114 moratur.
731 1051 781 1115 1111
809 1053 989 1115 necessario
1017 1073 1103 1116 mae

103 1156 216 1236 turius,
241 1176 339 1238 quam
362 1156 609 1235 constituerant,
633 1164 740 1219 castra
762 1164 894 1239 ponunt.
920 1154 1083 1221 Suberant

104 1262 189 1323 enim
211 1268 345 1341 montes,
370 1268 466 1344 atque
490 1283 509 1322 a
531 1258 659 1323 milibus
682 1282 835 1344 passuum
851 1279 872 1323 v
889 1262 1003 1323 itinera
1025 1259 1096 1323 dis·-

103 1364 199 1427 1161111
226 1373 324 1447 atque
353 1372 491 1447 angusta
521 1362 735 1447 excipiebant.
781 1364 862 1427 Hos.
879 1371 1004 1426 montes
1037 1365 1104 1426 1111

104 1478 206 1531 trasse
235 1465 423 1552 cupiebant,
454 1475 490 1530 ut
521 1469 700 1551 equitatum
727 1467 907 1550 effugerent
934 1464 1082 1530 Caesaris

105 1570 336 1657 praesidiisque
371 1572 404 1635 in
437 1572 593 1656 angustiis
627 1570 787 1634 collocatis
821 1573 1001 1634 exercitum
1036 1572 1082 1633 iti·
1182 1559 1185 1566 ¹

104 1698 181 1738 nere
204 1673 427 1760 prohiberent,
450 1676 510 1760 ipsi
533 1676 601 1738 sine
624 1673 765 1759 periculo
788 1698 827 1738 ao
848 1676 963 1738 timore
985 1673 1083 1738 Hibe-

104 1802 177 1843 rum
205 1781 313 1865 copias
341 1780 558 1868 traducerent.
606 1778 702 1862 Quod
730 1779 790 1843 fuit
818 1778 877 1842 illis
901 1778 1106 1843 conandumo

104 1894 200 1969 atque
224 1887 310 1949 omni
324 1886 448 1948 ratione
464 1882 685 1966 efficiendum
710 1881 767 1946 sed
783 1884 880 1946 totius
896 1881 959 1946 diei
975 1897 1084 1968 pugna
1155 1905 1160 1910 ·

104 1998 215 2073 atque*
229 1989 352 2052 itineris
382 1986 493 2051 labore
517 1986 633 2051 defessi
664 2009 733 2051 rem
756 1988 788 2050 in
811 1997 975 2073 posterum
998 1985 1094 2050 diem

104 2091 306 2156 distulerunt
352 2090 474 2156 Caesar
497 2113 625 2176 quoque
648 2094 681 2156 in
704 2093 851 2177 proximo
875 2089 953 2155 colle
977 2099 1084 2154 castra

104 2199 201 2282 ponit.

190 2301 242 2364 66.
276 2298 387 2365 Media
419 2300 547 2364 circiter
580 2306 673 2363 nocte
701 2296 754 2382 iis',
790 2300 844 2384 qui
876 2295 1085 2384 [ad]aquandi

105 2426 203 2468 causa
230 2402 357 2489 longius
386 2427 406 2468 1
434 2405 548 2468 castris
577 2412 817 2489 processerant,
852 2402 893 2467 ab
923 2401 1085 2486 equitibus

105 2510 260 2593 correptis
276 2509 313 2572 fit
328 2506 375 2572 ab·
385 2507 435 2572 his
451 2510 568 2572 certior
580 2506 701 2572 Caesar
713 2508 812 2570 duces
824 2506 1085 2569 adversariorum

105 2611 230 2674 silentio
253 2613 361 2696 copias
384 2613 498 2676 castris
521 2611 669 2676 educere,
709 2612 782 2692 Quo
806 2611 933 2694 cognito
957 2611 1106 2692 signumr

105 2715 177 2778 dari
199 2713 288 2778 iubet
311 2723 343 2779 et
357 2737 438 2780 vasa
459 2714 588 2779 militari
611 2736 701 2778 more
725 2712 927 2778 conclamari.
966 2711 1015 2775 Illi
1031 2734 1084 2775 ex-

105 2818 215 2882 audito
239 2818 377 2884 clamore
400 2821 511 2902 veriti,
542 2841 583 2883 nc
612 2828 708 2882 noctu
736 2816 881 2902 impediti
904 2814 964 2880 sub
988 2837 1085 2880 onere

106 2922 279 3007 confligere
296 2931 489 3009 cogerentur
511 2930 568 2986 aut
590 2944 630 2985 ne
654 2921 695 2986 ab
719 2922 864 3006 equitatu
881 2918 1029 2984 Caesaris
1051 2922 1085 2984 in

105 3029 260 3113 angustiis
289 3034 494 3110 tenerentur,
523 3028 584 3090 iter
613 3027 817 3111 supprimunt
847 3027 1020 3110 copiasque
1052 3026 1084 3087 in

105 3133 218 3194 castris
247 3133 420 3196 continent.
466 3131 600 3194 Postero
622 3128 674 3192 die
697 3128 844 3191 Petreius
872 3149 945 3191 curn
974 3129 1107 3212 pauciss

105 3233 265 3318 equitibus
299 3233 422 3299 occulte
456 3233 498 3298 ad
532 3231 732 3318 exploranda
764 3231 834 3295 loca
862 3230 1083 3316 proficiscitur.

105 3337 177 3400 Hoc
200 3338 286 3402 idem
308 3338 345 3401 fit
368 3360 410 3400 ex
433 3337 547 3402 castris
569 3335 727 3401 Caesaris.
765 3335 905 3398 Mittitur
927 3336 965 3398 L.
990 3335 1085 3397 Deci-

106 3440 177 3504 dius
201 3442 290 3507 81111
319 3463 393 3505 cum
415 3441 542 3526 paucis,
571 3442 625 3526 qui
646 3439 707 3505 loci
730 3448 880 3503 naturam
903 3439 1083 3523 perspiciat.

105 3545 253 3630 Uterque
275 3544 362 3609 idem
385 3545 451 3612 suis
476 3546 656 3609 renuntiet:
684 3560 707 3608 v
729 3540 818 3607 1111111
839 3561 993 3611 passuum
1014 3561 1106 3624 pro-4
