2376 3924
134 224 195 289 143
442 224 492 274 nn
510 223 632 274 sunno
650 222 808 275 osnnioo

133 426 288 483 auctores
311 416 456 501 fuerant,
479 418 633 483 comitati
656 439 713 482 eos
730 440 774 481 ex
790 418 932 482 civitate
955 437 1111 482 excesse-

111 530 222 586 orunt.
256 518 479 604 Cingetorigi,
514 541 612 605 quem
635 519 679 585 ab
704 521 801 584 initio
823 521 1052 606 permansisse
1075 521 1111 584 in

133 625 242 689 officio
260 623 576 708 demonstravimus,
591 624 801 711 principatus
818 631 920 709 utque
935 625 1111 709 imperium

132 738 183 793 est
207 727 380 794 traditum.

234 831 265 896 9.
288 828 427 912 Caesar,
450 839 628 916 postquam
651 852 695 896 ex
709 830 877 918 Menapiis
894 833 928 896 in
943 831 1110 897 Treveros

130 937 235 1019 venit,
252 933 383 1000 duabus
399 933 441 1000 de
456 935 571 1000 causis
586 934 739 999 Rhenum
754 937 900 1000 transire
915 936 1110 1019 constituit3

112 1059 271 1123 aquarum
293 1060 361 1103 una
384 1047 467 1123 erat,
491 1038 581 1125 quod
603 1037 733 1105 auxilia
757 1048 876 1105 contra
899 1061 935 1104 se
952 1039 1109 1105 Treveris

131 1144 304 1225 miserant,
328 1141 448 1228 altera,
471 1165 513 1207 ne
537 1142 582 1208 ad
598 1164 654 1209 eos
670 1141 848 1209 Ambiorix
864 1150 1035 1229 receptum
1050 1141 1109 1208 ha·

111 1246 237 1312 rberet.
281 1245 345 1311 His
380 1248 576 1312 constitutis
610 1246 711 1312 rebus
743 1245 880 1333 paulum
910 1267 1012 1332 supra
1035 1268 1110 1310 eum

130 1348 251 1434 locum,
274 1370 338 1435 quo
363 1358 443 1415 ante
459 1351 644 1415 exercitum
665 1348 878 1434 traduxerat,
901 1350 1013 1414 facere
1028 1372 1109 1435 pon-

107 1462 197 1518 ctem
221 1453 380 1520 instituit.
404 1453 493 1519 Nota
517 1462 619 1539 atque
643 1454 800 1519 instituta
822 1455 956 1518 ratione
985 1474 1108 1537 magno

110 1558 273 1623 smilitum
297 1558 409 1623 studio
433 1559 551 1644 paucis
570 1556 688 1622 diebus
713 1578 795 1642 opus
812 1557 968 1621 efficitur.
992 1557 1108 1622 Firmo

130 1664 164 1726 in
180 1662 337 1728 Treveris
355 1662 400 1728 ad
422 1672 559 1748 pontem
575 1660 746 1746 praesidio
762 1659 892 1743 relicto,
914 1683 957 1726 ne
974 1662 1047 1746 quis
1064 1661 1108 1726 ab

129 1765 181 1829 bis
205 1764 317 1831 subito
342 1776 451 1832 motus
476 1774 637 1848 oreretur,
668 1765 816 1851 reliquas
840 1767 955 1851 copias
980 1766 1109 1851 equita·

108 1877 266 1955 stumque
289 1868 450 1935 traducit.
484 1868 575 1952 Ubii,
599 1870 759 1954 quiante
783 1867 918 1933 obsides
944 1867 1108 1933 dederant

130 1981 231 2059 atque
254 1975 289 2038 in
313 1972 519 2038 deditionem
538 1982 714 2056 venerant,
735 1971 906 2059 purgandi
929 1974 980 2036 sui
1003 1993 1108 2037 causa

130 2077 265 2143 adeum
287 2076 419 2161 legatos
442 2078 591 2160 mittunt,
616 2077 673 2162 qui
691 2075 835 2141 doceant
851 2097 959 2163 neque
978 2074 1107 2139 auxilia

130 2203 172 2244 ex
195 2202 256 2246 sua
283 2181 424 2246 civitate
452 2181 487 2244 in
509 2179 675 2246 Treveros
709 2181 825 2263 missa,
860 2201 968 2266 neque
996 2178 1040 2245 ab
1072 2203 1108 2246 se

109 2283 229 2349 rfidem
250 2283 397 2369 laesam3
419 2293 540 2371 petunt
563 2294 665 2371 atque
690 2294 799 2368 orant,
828 2294 865 2349 ut
889 2283 954 2350 sibi
976 2294 1106 2370 parcat,

128 2409 170 2451 ne
193 2389 359 2453 communi
383 2386 460 2453 odio
478 2384 723 2452 Germanorum
745 2387 942 2452 innocentes
965 2409 1026 2473 pro
1048 2410 1107 2452 no·

128 2489 281 2556 centibus
298 2512 424 2578 poenas
439 2490 607 2577 pendaut3
624 2492 652 2555 si
670 2489 811 2578 amplius
825 2489 980 2556 obsidum
991 2489 1106 2575 vellet,

106 2592 211 2658 adare
226 2594 438 2679 pollicentur.
462 2592 611 2678 Cognita
627 2591 756 2659 Caesar
771 2617 876 2660 causa
899 2596 1044 2682 repperit
1061 2595 1106 2661 ab

129 2695 247 2762 Suebis
271 2698 402 2781 auxilie
425 2700 529 2763 missa
553 2721 643 2782 esse3
666 2697 830 2764 Ubiorum
847 2697 1105 2764 satisfactionen

128 2801 264 2885 accipit,
289 2800 402 2867 aditus
425 2802 566 2888 viasque
590 2804 625 2866 in
650 2800 780 2868 Suebos
804 2803 980 2888 perquirit.

234 2900 281 2968 10.
298 2905 437 2970 Interim
448 2905 566 2991 paucis
579 2914 657 2991 post
671 2903 789 2970 diebus
805 2907 843 2970 fit
860 2905 903 2971 ab
918 2904 1017 2972 Ubiis
1033 2927 1105 2970 cer·

123 3008 194 3072 tior
217 3006 346 3073 Suebos
371 3029 484 3074 omnes
508 3009 544 3073 in
567 3030 669 3074 unum
699 3007 811 3073 locum
840 3011 956 3096 copias
983 3029 1105 3092 cogere

127 3119 229 3197 atque
251 3112 292 3176 iis
315 3112 521 3197 nationibus,
546 3134 632 3198 quae
655 3112 717 3177 sub
740 3134 854 3178 eorum
870 3113 939 3177 sint
953 3112 1103 3197 imperio,

128 3214 1103 3303 denuntiare,utauxiliapeditatusequitatusquemittant.

106 3318 528 3403 2Hisoognitisrebusrem
540 3319 968 3406 frumentariamprovidet,
980 3319 1104 3383 castris

127 3421 283 3489 idoneum
298 3421 410 3488 locum
426 3422 562 3508 deligit3
577 3423 676 3488 Ubiis
689 3423 843 3509 imperat,
855 3432 893 3489 ut
907 3443 1030 3510 pecora
1048 3420 1104 3486 de-

127 3524 254 3592 ducant
278 3547 403 3611 suaque
428 3526 539 3592 omnia
556 3548 598 3591 ex
615 3526 708 3609 agris
724 3526 759 3591 in
776 3525 1103 3613 oppidaconferant,
