2376 3924
392 253 501 305 mera
519 253 555 316 11,
575 252 652 303 our.
674 253 781 304 14-1n
1037 253 1078 318 69

99 453 174 511 sunt
195 445 268 510 usui
291 445 359 508 sine
383 442 525 530 periculo
549 450 727 529 supportat.
773 440 927 508 Celeriter
950 465 1002 507 res
1025 443 1103 508 ad-‚

99 551 315 626 ministratum
339 549 483 613 diuturni
505 547 624 612 laboris
647 546 877 612 detrimentum
893 547 1033 612 sollertia
1048 556 1081 612 et

99 655 218 718 virtute
231 652 367 717 militum
381 651 474 717 brevi
485 650 718 716 reconciliatur.
734 650 862 733 Portae,
875 649 992 734 quibus
1004 649 1081 722 locis

98 756 237 838 videtur,
261 758 436 842 eruptionis
459 777 558 820 causa
580 756 613 818 iu
635 775 727 819 muro
749 751 984 838 relinquuntur.

189 860 236 924 16.
262 858 360 941 Quod
374 858 431 924 ubi
446 858 555 923 hostes
576 855 740 940 viderunt,
764 878 813 938 ea,
837 878 922 942 quae
945 857 1001 922 diu
1016 856 1080 921 lon-

99 987 206 1050 goque
230 965 333 1050 spatio
361 963 451 1027 refici
474 984 539 1027 non
562 983 656 1047 posse
678 970 874 1047 sperassent,
903 984 1081 1047 paucorum

100 1069 227 1134 dierum
249 1089 348 1153 opera
371 1076 403 1131 et
429 1065 541 1131 labore
570 1067 615 1130 ita
643 1065 781 1147 refecta,
815 1074 852 1130 ut
878 1064 983 1130 nullus
1011 1089 1081 1152 per-

98 1171 195 1236 fidiae
228 1193 335 1257 neque
370 1172 530 1256 eruptioni
563 1169 652 1235 locus
689 1179 774 1235 esset
810 1192 871 1234 nec
908 1173 1082 1256 quicquam

99 1277 228 1340 omnino
243 1275 491 1360 relinqueretur,
516 1295 581 1359 qua
601 1282 659 1338 aut
672 1273 744 1339 telis
759 1272 913 1338 militibus
936 1284 993 1338 aut
1014 1277 1081 1360 igni

99 1377 249 1463 operibus
272 1379 381 1442 noceri
404 1385 526 1462 posset,
561 1377 740 1462 eodemque
762 1377 912 1463 exemplo
940 1380 1103 1448 sentiunta

99 1489 204 1546 totam
225 1480 359 1565 urbem,
394 1502 459 1567 qua
482 1483 523 1546 sit
545 1479 652 1546 aditus
675 1479 717 1544 ab
740 1489 843 1564 terra,
873 1502 965 1546 muro
988 1485 1081 1547 turri-

98 1584 226 1670 busque
254 1587 416 1651 circumiri
438 1606 547 1672 posse,
577 1586 623 1650 sic
651 1594 688 1649 ut
719 1586 795 1671 ipsis
825 1586 1020 1651 consistendi
1048 1588 1082 1651 in

99 1690 165 1752 suis
187 1688 421 1755 munitionibus
443 1689 532 1754 locus
554 1711 619 1753 non
635 1697 729 1772 esset,
753 1711 828 1754 cum
843 1710 947 1775 paene
963 1690 1081 1755 inaedi-

98 1793 197 1857 ficata
219 1788 275 1879 [in]
297 1794 399 1857 muris
422 1791 465 1857 ab
489 1793 637 1857 exercitu
659 1799 770 1856 nostro
792 1794 921 1857 moenia
935 1793 1081 1858 videren-

98 1905 151 1960 tur
174 1918 214 1961 ac
236 1895 337 1961 telum
359 1918 458 1961 manu
481 1897 692 1977 coniceretur,
724 1917 920 1982 suorumque
943 1905 1103 1967 tormen-a

97 2009 203 2065 torum
225 2022 329 2084 usum,
354 1999 472 2086 quibus
495 2001 555 2086 ipsi
577 2022 697 2085 magna
718 2001 953 2086 speravissent,
977 2003 1080 2087 spatio

97 2105 345 2190 propinquitatis
373 2105 506 2169 interire
535 2105 672 2189 parique
701 2103 888 2168 condicione
916 2126 959 2169 ex
988 2126 1080 2169 muro

98 2231 137 2271 ac
159 2207 302 2272 turribus
324 2207 466 2273 bellandi
481 2207 559 2272 data
576 2229 610 2272 se
625 2209 745 2272 virtute
760 2210 878 2273 nostris
894 2208 1080 2293 adaequare

99 2334 165 2376 non
188 2333 281 2396 posse
305 2311 504 2396 intellegunt,
528 2311 570 2376 ad
593 2310 725 2377 easdem
748 2310 920 2375 deditionis
943 2312 1079 2376 condici-

99 2438 178 2480 ones
200 2423 381 2481 recurrunt.

188 2519 236 2582 17.
261 2519 307 2584 Μ.
324 2519 432 2584 Varro
448 2519 481 2583 in
496 2517 648 2583 ulteriore
663 2519 824 2603 Hispania
839 2519 927 2582 initio
943 2521 1079 2604 cognitis

97 2624 135 2686 iis
159 2621 274 2706 rebus,
299 2632 480 2709 quaesunt
503 2625 536 2687 in
558 2622 652 2687 Italia
674 2631 796 2708 gestae,
820 2622 971 2687 diffidens
987 2625 1078 2690 Pom-

97 2727 220 2811 peianis
252 2726 351 2792 rebus
391 2728 582 2792 amicissime
616 2727 657 2791 de
690 2725 830 2792 Caesare
867 2726 1077 2812 loquebatur:

97 2840 371 2916 praeoccupatum
394 2852 465 2895 sese
487 2829 647 2916 legatione
670 2829 712 2895 ab
729 2829 786 2896 On.
800 2831 952 2916 Pompeio
975 2834 1101 2897 teneris

97 2933 287 2999 obstrictum
316 2935 398 3019 fide3
432 2935 703 3002 necessitudinem
732 2936 863 3022 quidem
892 2936 952 3002 sibi
980 2937 1078 3003 nihilo

96 3040 253 3103 minorem
281 3060 357 3104 cum
385 3038 527 3105 Caesare
553 3038 771 3122 intercedere,
800 3061 906 3124 neque
935 3062 969 3104 se
992 3043 1078 3124 igno-

95 3165 179 3226 rare,
192 3141 280 3228 quod
294 3151 379 3209 esset
390 3144 532 3210 officium
543 3144 651 3229 legati,
667 3145 723 3230 qui
732 3144 935 3209 fiduciariam
947 3166 1078 3229 operam

98 3245 269 3329 obtineret,
293 3268 378 3332 quae
400 3249 487 3312 vires
511 3269 598 3330 suae,
623 3269 706 3333 quae
729 3245 878 3311 voluntas
901 3270 979 3331 erga
1000 3247 1077 3312 Cae-

96 3372 203 3415 sarem
225 3352 324 3417 totius
346 3353 541 3436 provinciae.
579 3353 673 3417 Haec
695 3350 843 3416 omnibus
865 3351 992 3416 ferebat
1014 3373 1077 3416 ser-

96 3452 245 3519 monibus
267 3475 374 3539 neque
397 3475 431 3518 se
453 3455 487 3518 in
508 3455 607 3521 ullam
622 3463 749 3541 partem
763 3454 924 3519 movebat.
960 3456 1099 3521 Posteaa

95 3578 184 3639 vero,
207 3579 282 3623 cum
298 3555 473 3622 Caesarem
495 3558 538 3625 ad
560 3558 739 3624 Massiliam
761 3557 899 3624 detineri
915 3561 1077 3643 cognovit,
