2376 3924
149 248 212 313 294
447 247 558 297 snum
575 245 826 296 HlsramuusIs

148 459 232 501 unus
255 459 297 500 ex
319 438 436 501 nostris
458 435 634 520 respondit,
667 444 705 499 ut
726 433 819 499 sileat
839 433 977 499 verbum
999 434 1127 501 facere:

148 563 224 604 nam
246 539 280 604 id
302 541 454 625 temporis
477 540 587 603 conari
609 536 652 603 ad
673 560 803 602 murum
825 537 991 620 accedere,
1013 547 1051 603 ut
1073 561 1128 626 op·

149 644 260 729 pidum
276 645 421 729 capiant3
446 651 478 706 et
500 643 618 727 partim
639 649 830 727 tempestate
852 642 996 727 impediti
1012 642 1128 726 vigiles

148 771 212 813 non
257 754 406 834 poterant
450 745 647 829 diligentiam
691 753 866 830 praestare,
911 746 1029 831 partim
1073 745 1129 810 illo

127 872 301 936 aresponso
325 846 581 913 deterrebantur.
612 845 694 910 Cum
717 847 760 910 ad
793 857 920 932 portam
954 851 1127 935 appropin-

150 963 312 1039 quassent,
346 954 437 1037 signo
467 950 543 1014 dato
573 949 615 1014 ab
644 951 811 1035 oppidanis
842 961 917 1016 sunt
938 953 1070 1038 recepti,
1095 962 1130 1018 et

149 1058 273 1143 pedites
289 1056 433 1140 dispositi
456 1056 574 1138 partim
596 1053 640 1118 ibi
663 1063 897 1137 remanserunt,
922 1057 1047 1139 equites
1063 1055 1128 1121 cla-

148 1182 238 1225 more
261 1160 346 1224 facto
370 1161 571 1244 eruptionem
598 1159 629 1220 in
659 1157 921 1221 adversariorum
950 1167 1058 1223 castra
1080 1159 1128 1224 fe-

149 1272 272 1328 cerunt.
297 1264 350 1328 Sic
371 1264 404 1327 in
427 1261 479 1326 illo
502 1261 598 1340 facto,
623 1283 696 1324 eum
719 1259 927 1325 inscientibus
943 1260 1126 1347 accidisset,

148 1366 378 1431 existimabant
410 1387 510 1452 prope
544 1387 664 1449 magna
696 1387 772 1449 pars
805 1363 979 1449 hominum,
1014 1368 1129 1451 quiin

147 1473 196 1535 his
220 1473 332 1534 castris
355 1469 499 1552 luissent,
523 1490 557 1532 se
580 1489 680 1553 prope
703 1475 814 1552 captos
837 1489 916 1533 esse.

233 1574 263 1636 4.
287 1575 359 1638 Hoc
392 1575 489 1636 misso
523 1572 565 1636 ad
598 1571 707 1636 Uliam
744 1571 905 1655 praesidio
938 1570 1061 1638 Caesar
1090 1585 1130 1640 ut

148 1680 337 1763 Pompeium
359 1677 401 1740 ab
431 1700 470 1740 ea
499 1678 736 1761 oppugnatione
765 1675 950 1759 deduceret,
985 1675 1028 1741 ad
1051 1675 1129 1742 Ocr-

148 1781 269 1846 dubam
293 1779 457 1844 contendit
479 1801 586 1864 exque
609 1781 722 1843 itinere
746 1779 894 1845 loricatos
915 1781 1003 1844 viros
1025 1779 1128 1845 fortes

152 1907 225 1947 curn
249 1885 394 1967 equitatu
424 1891 499 1946 ante
533 1884 711 1968 praemisit3
747 1885 801 1968 qui
825 1881 919 1948 simul
940 1885 974 1947 in
996 1905 1129 1969 eonspe-

128 1995 239 2050 ²ctum
262 1986 370 2072 oppidi
394 2008 428 2050 se
450 1985 620 2068 dederunt,
644 1987 734 2070 equis
757 1988 964 2072 recipiuntur.
1010 1987 1083 2051 Hoc
1107 2012 1128 2052 a

149 2089 414 2156 Cordubensibus
437 2111 643 2175 nequaquam
672 2098 800 2175 poterat
822 2091 965 2155 animum
988 2089 1125 2156 adverti.

149 2191 494 2281 Appropinquantibus
510 2215 553 2257 ex
568 2193 685 2279 oppido
707 2193 791 2258 bene
813 2217 932 2280 magna
954 2193 1126 2260 multitudo

149 2298 192 2362 ad
216 2300 394 2383 equitatum
416 2298 652 2363 concidendum
668 2322 743 2364 cum
758 2302 910 2382 exissent,
934 2298 1067 2381 loricati,
1090 2309 1128 2364 ut

152 2423 250 2487 supra
273 2403 467 2488 scripsimus,
492 2425 535 2466 ex
558 2405 648 2487 equis
671 2403 909 2467 descenderunt
923 2410 956 2466 et
971 2423 1127 2487 magnum

150 2505 306 2597 proelium
328 2504 483 2587 fecerunt,
507 2507 613 2569 sicuti
630 2506 813 2570 exinfinita
836 2506 1001 2570 hominum
1022 2505 1126 2571 multi-

150 2608 261 2673 tudine
283 2611 378 2694 pauci
400 2610 433 2672 in
457 2607 609 2695 oppidum
631 2630 665 2672 se
687 2611 878 2695 reciperent.
916 2610 989 2674 Hoc
1011 2610 1126 2674 timore

128 2712 311 2777 sadduceos
348 2712 423 2777 Sex.
459 2711 631 2795 Pompeius
669 2710 791 2775 litteras
828 2712 921 2776 fratri
957 2714 1051 2794 misit,
1090 2722 1128 2776 ut

150 2817 297 2880 celeriter
320 2815 380 2879 sibi
407 2813 550 2879 subsidio
573 2814 707 2896 veniret,
730 2836 771 2877 ne
794 2816 882 2898 prius
905 2815 1027 2881 ansar
1050 2816 1127 2881 Cor-

150 2919 271 2983 dubam
287 2927 426 3004 caperet,
451 2939 549 3002 quam
571 2917 639 3002 ipse
661 2916 713 2981 illo
728 2920 878 2982 venisset.
901 2919 1016 3004 Itaque
1032 2919 1127 2985 facit:

127 3023 224 3086 4Ulia
247 3044 346 3109 prope
370 3031 465 3108 capta
487 3021 599 3086 litteris
622 3020 731 3085 fratris
761 3024 885 3086 excitus
919 3044 992 3086 eum
1026 3024 1126 3109 copiis

149 3127 192 3192 ad
215 3126 401 3191 Cordubam
422 3128 484 3189 iter
505 3125 613 3190 facere
636 3127 749 3210 coepit.

235 3231 264 3294 ὃ.
289 3230 411 3295 Caesar
433 3251 507 3293 cum
528 3228 571 3294 ad
585 3229 706 3294 flumen
721 3229 848 3293 Baetim
863 3230 1005 3293 venisset
1019 3251 1126 3315 neque

150 3345 281 3421 propter
311 3333 512 3399 altitudinem
540 3333 679 3397 fluminis
708 3334 846 3396 transire
868 3339 985 3416 posset,
1014 3332 1126 3418 lapidi·

151 3438 212 3502 bus
241 3437 336 3502 orbes
364 3437 474 3524 plenos
503 3437 645 3501 demisit:
682 3438 727 3500 ita
755 3437 888 3521 insuper
915 3443 1012 3520 ponte
1040 3435 1126 3503 facto

128 3544 259 3626 2c0pias
287 3542 330 3606 ad
360 3550 466 3606 castra
499 3542 660 3627 tripartito
693 3538 848 3604 traduxit.
893 3535 1043 3602 Tenebat
1071 3540 1126 3604 ad·
