2376 3924
91 198 232 249 XXXVIII
392 194 606 246 ADNO‘I'A'I'IO
627 192 772 244 ORITIOA

94 389 118 455 g.
145 389 176 437 t:
207 382 344 454 [ommibus
380 381 517 451 aduersis]
555 380 670 451 copaita
705 379 884 448 calamitate,
920 380 1070 446 interfecto

97 474 212 542 Correo,
238 471 342 525 amisso
366 469 496 538 equitata
514 473 540 522 et
558 466 725 534 fortissimis
745 466 909 538 peditibus]
938 484 998 518 cum
1016 474 1071 518 tra-

95 562 167 612 ditus
197 559 340 609 verborum
370 556 435 608 ordo
465 556 530 607 ferri
560 560 689 622 nequeat,
725 556 754 604 in
788 555 926 620 superiore
961 554 1071 620 quidem

94 647 213 698 editione
243 645 308 696 satis
338 644 420 694 habui
451 659 512 694 cnm
543 643 716 693 Hotomanus
748 648 925 707 transponere
955 641 1070 710 eopmita

95 731 258 786 calamitate
281 728 407 783 omriibas
433 727 573 796 aduersis,
602 728 649 779 sed
673 729 728 778 iam
747 733 804 779 tum
823 732 917 778 contra
934 728 1071 779 Faernnm

95 825 121 870 et
139 819 276 882 Ursinum,
300 819 346 883 qui
364 817 449 869 verba
467 815 580 885 eopaita
599 815 761 869 calamitate
780 815 946 879 deleverunt,
970 815 1071 876 monui,

95 906 208 957 alterum
226 906 316 971 potius
335 903 485 954 ablatIvum
507 901 634 955 osarmibas
654 899 781 954 aeloersis
800 901 1013 952 additamentum
1032 901 1072 950 vi-

95 993 153 1043 deri
179 991 348 1057 interpretis,
379 991 425 1054 qui
453 1005 514 1039 cum
538 989 572 1039 ab
596 989 685 1038 Hirtio
714 988 838 1054 singulae
863 987 1072 1037 Bellovacorum

95 1077 315 1143 reliquarumque
334 1076 474 1126 civitatum
493 1076 662 1125 calamitates
681 1078 911 1138 enumerarentur,
933 1078 1073 1138 tamquam

95 1180 226 1214 summam
255 1178 347 1214 earum
374 1162 491 1227 margini
518 1160 663 1227 adscripsit
689 1157 817 1212 ommibus
845 1156 981 1212 aduersis.
1017 1159 1072 1208 iam

96 1249 168 1299 hune
186 1248 344 1309 ablativum,
364 1247 410 1312 qui
422 1246 535 1296 Whittio
554 1261 661 1312 quoque
680 1251 706 1296 et
724 1245 854 1294 Dtibnero
868 1249 895 1295 st
907 1243 1072 1294 Vielhabero

97 1335 222 1402 (Ephsm.
242 1333 339 1399 Gymn.
358 1333 448 1384 Austr.
469 1332 660 1400 latapetra)
684 1337 824 1398 suspectus
848 1332 922 1382 visus
949 1334 1004 1391 est,
1032 1331 1071 1378 in-

97 1421 174 1472 clusi.
191 1419 457 1481 Kraner·Dittenb.‚
485 1418 589 1470 Holder
616 1417 729 1487 eopmita
747 1416 911 1472 calamitate
928 1417 1007 1468 uncis
1026 1431 1073 1465 no-

94 1511 194 1557 larunt.

200 1610 223 1645 c.
241 1594 283 1657 24,
304 1595 330 1643 lt
357 1590 466 1645 mallam
484 1591 542 1644 iam
566 1607 624 1645 esse
648 1591 802 1659 ciuitatem,
830 1607 900 1658 qaae
928 1590 1072 1661 [bellam]

95 1683 225 1747 pararet,
249 1695 302 1747 qao
321 1678 377 1733 sabi
393 1677 564 1748 retulerat]
595 1679 671 1729 codd.
690 1680 776 1745 Bong.
795 1683 822 1730 et
839 1679 930 1730 Maias.
954 1679 1073 1746 itemque

97 1766 203 1832 aliquot
214 1765 361 1817 deteriores
375 1780 460 1832 qaae
478 1764 604 1820 tellam
618 1768 768 1833 pararet
780 1765 894 1829 habent3
913 1766 941 1814 in
954 1765 1073 1816 Florian.

98 1858 125 1902 et
144 1853 205 1910 vm,
224 1857 251 1903 et
268 1853 395 1903 undecim
414 1853 491 1904 codd.
510 1853 697 1920 Oudendorpii
719 1868 790 1920 qaae
813 1851 939 1906 bellam
961 1850 998 1904 ia
1019 1867 1073 1919 pa·

98 1942 178 1991 raret
196 1944 290 1990 exstat.
320 1955 468 2006 pronomen
496 1937 533 1991 id
559 1945 621 2005 post
643 1937 741 1992 bellam
764 1940 846 2007 plane
864 1940 986 2004 ineptum
1004 1954 1073 2002 esse,

98 2040 191 2075 omnes
209 2025 337 2076 viderunt
355 2025 487 2091 editores3
516 2030 676 2077 nontamen
695 2026 842 2077 verisimile
861 2025 977 2089 videtur,
1001 2025 1075 2091 quod

97 2111 225 2162 Davisius
244 2113 396 2178 auspicatus
416 2118 470 2176 est,
497 2114 568 2164 hano
586 2112 711 2163 voculam
730 2127 763 2161 ax
781 2109 968 2182 adfirmaret]
987 2117 1073 2163 ortam

98 2214 170 2261 esse,
197 2198 279 2248 immo
298 2199 391 2266 inepta
408 2199 476 2251 haec
493 2201 575 2251 lectio
595 2200 756 2250 documento
776 2204 828 2262 est,
847 2199 972 2265 primitus
990 2198 1074 2249 verbo

95 2288 215 2351 pararet
233 2284 339 2336 nullum
358 2287 493 2337 obiectum
511 2287 594 2338 fuisse
613 2286 749 2351 additum,
776 2285 892 2337 athana
910 2285 944 2335 ob
964 2300 1074 2335 causam

98 2372 132 2421 ab
160 2371 222 2421 aliis
249 2373 444 2439 interpretibus
471 2373 583 2441 bellam,
615 2376 648 2425 ab
677 2373 740 2425 aliis
766 2371 798 2425 id
825 2388 884 2423 esse
911 2372 1074 2438 suppletum.

97 2461 241 2523 utrumque
259 2458 356 2509 deinde
376 2460 591 2526 supplementum
610 2464 749 2525 receptum
767 2465 808 2510 ast
827 2459 862 2508 ab
880 2458 1007 2520 librario,
1027 2459 1075 2524 qui

98 2541 274 2609 archetypum
301 2546 424 2596 codicum
451 2546 568 2598 Florius.
597 2553 624 2598 st
645 2546 707 2597 Vat.
734 2546 862 2597 exaravit.
894 2551 1012 2595 ceterum
1042 2560 1075 2594 ex

99 2631 234 2681 sententia
260 2632 321 2698 ipsa
346 2640 470 2700 apparet,
498 2632 596 2688 bellam
623 2634 674 2685 hoc
698 2635 758 2684 loeo
781 2650 835 2684 non
853 2634 888 2684 ab
906 2632 996 2682 Hirtio
1014 2633 1074 2700 ipso

99 2732 158 2767 esse
184 2718 323 2783 scriptum.
353 2720 445 2786 inepte
471 2722 543 2771 enim
570 2722 671 2771 dictum
699 2726 782 2783 esset,
811 2720 954 2771 Caesarem
972 2720 1070 2770 vidisse

98 2803 207 2857 reallam
225 2804 283 2857 iam
302 2820 360 2859 ease
378 2805 527 2876 civitatem,
546 2823 617 2875 qaae
635 2807 687 2863 bel
693 2807 760 2862 lam
773 2812 903 2877 pararet,
922 2822 985 2876 qao
1004 2805 1051 2860 sil

99 2889 295 2960 resisteret,
310 2898 448 2960 tamquam
467 2894 500 2945 de
519 2895 573 2946 alio
591 2895 675 2957 bello,
694 2911 775 2962 quam
794 2912 846 2962 quo
865 2896 918 2946 sibi
937 2895 1028 2945 resiste

100 2983 151 3041 tur,
171 2980 290 3044 cogitare
308 2980 448 3044 potuisset.
470 2982 563 3047 itaque
582 2982 639 3031 iure
658 2983 725 3032 mihi
748 2981 873 3036 bellam
891 2982 970 3032 uncis
988 2982 1024 3030 inv

100 3065 168 3114 sisse
187 3064 288 3116 videor.
308 3094 341 3103 —
360 3068 383 3130 5.
402 3068 432 3116 3:
450 3065 603 3135 illoram,
631 3070 704 3135 quod
722 3069 798 3120 codd.
820 3069 934 3131 habent,
962 3068 1025 3117 retii

100 3164 213 3202 eoram
241 3152 362 3202 scribunt
387 3154 694 3222 Kran.-Dittenberger,
717 3156 835 3220 Holdar3
864 3152 1016 3222 illyrios

99 3236 211 3302 Frigell,
229 3238 407 3292 Istroram
424 3240 536 3306 Madvig
555 3242 735 3292 coniecerunt.

204 3343 226 3379 c.
245 3329 286 3391 27,
305 3330 337 3378 2:
365 3332 392 3387 et
409 3328 569 3384 Romanam
592 3333 737 3383 aetermam
760 3329 900 3384 sastirrere
922 3329 983 3384 ltost

100 3415 236 3484 respicere
256 3430 289 3471 ae
307 3415 403 3470 timere
420 3416 597 3488 oppidaaos]
623 3419 724 3468 retinui
750 3421 891 3487 pristinam
919 3422 969 3470 lec*

100 3503 166 3554 licat
184 3504 288 3571 Frigell
301 3521 416 3571 eumque
429 3507 516 3557 secuti
533 3504 761 3570 Kran.-Dittenb.‚
772 3506 884 3570 Holder,
896 3507 955 3558 Dob
