2376 3924
331 268 334 273 -
393 240 502 290 oreas
521 242 542 302 1,
564 241 639 290 cnr.
660 243 769 290 ee-ro.
1028 242 1069 304 45

93 442 212 500 cerent.
258 433 323 499 Sed
356 434 443 497 hunc
470 431 616 497 laborem
643 431 816 497 recusabat
838 455 948 515 nemo,
983 433 1091 518 quode

94 563 167 605 eum
197 541 339 603 omnium
367 537 514 602 laborum
541 538 640 601 finem
667 537 736 601 fore
765 537 1008 620 existimabant,
1045 540 1071 603 si

94 646 218 709 hostem
248 642 371 707 Hibero
399 641 614 707 intercludere
648 651 680 705 et
712 643 873 706 frumento
901 643 1071 727 prohibere

94 750 282 834 potuissent.

180 852 230 915 69.
265 851 316 916 Ac
345 854 447 936 primo
471 850 785 916 Afraniani-milites
814 852 938 916 visendi
975 876 1072 917 causa

94 957 169 1021 laeti
198 978 240 1019 ex
269 957 382 1020 castris
405 938 642 1039 procurrebant
665 956 966 1041 contumeliosisque
988 958 1071 1020 voci·
1138 1018 1142 1024 .

93 1060 155 1125 bus
178 1058 474 1145 prosequebantur:
497 1043 670 1123 necessarii
686 1062 791 1124 victus
814 1063 921 1149 inopia
945 1070 1072 1124 coactos

94 1164 207 1248 fugere
230 1170 328 1247 atque
351 1162 393 1226 ad
415 1161 557 1226 Ilerdam
585 1165 713 1226 reverti.
759 1164 840 1227 Erat
854 1146 947 1228 ”onim
969 1166 1030 1229 iter
1053 1187 1072 1226 a

95 1268 256 1352 proposito
280 1267 454 1348 diversum,
479 1268 738 1351 contrariamque
761 1269 803 1330 in·
817 1277 943 1352 partem
966 1269 1003 1331 iri
1028 1269 1070 1330 ri-

95 1370 242 1435 debatur.
289 1373 400 1435 Duces
422 1393 500 1434 vere
529 1393 640 1434 eorum
667 1370 833 1435 consilium
856 1393 950 1434 suum
973 1370 1091 1434 laudi-2

95 1475 156 1539 bus
179 1474 336 1556 ferebant,
361 1475 447 1561 quod
470 1497 504 1538 se
527 1475 640 1541 castris
656 1477 846 1546 tenuissent:
871 1472 1071 1558 multumque

96 1600 208 1641 eorum
231 1579 414 1663 opinionem
434 1577 621 1658 adiuvabat,
645 1576 731 1663 quod
754 1579 822 1640 sine
845 1578 994 1641 iumentis
1017 1579 1071 1640 irn-

97 1680 351 1768 pedimcntisque
366 1682 409 1746 ad
424 1685 485 1746 iter
497 1682 656 1767 profectos
667 1682 832 1764 videbant,
849 1691 963 1746 utnon
979 1705 1072 1768 posse

97 1786 236 1870 inopiam
259 1785 377 1850 diutius
401 1787 558 1850 sustinere
581 1786 788 1850 confiderent.
820 1785 894 1867 sed,
917 1785 974 1851 ubi
996 1808 1093 1871 pau-s

97 1890 185 1953 latim
219 1892 398 1976 retorqueri
432 1913 549 1974 agmen
578 1889 620 1954 ad
651 1890 801 1955 dextram
835 1902 1074 1976 conspexerunt

97 1996 224 2078 iamque
240 1996 361 2079 primos
376 2017 531 2080 superare
547 1995 712 2079 regionem
728 2003 907 2058 castrorum
930 1996 1072 2058 animum

97 2098 322 2180 adverterunt,
352 2119 446 2162 nemo
471 2105 540 2160 erat
563 2096 645 2160 adeo
668 2096 780 2161 tardus
804 2106 860 2161 aut
881 2098 1008 2182 fugiens
1031 2096 1072 2160 la-

95 2200 193 2281 boriS,
217 2202 295 2284 quin
317 2201 426 2265 statim
448 2202 561 2264 castris
584 2200 770 2264 exeundum
793 2210 890 2284 atque
906 2223 1073 2264 oecurren-

97 2304 176 2368 dum
204 2311 343 2388 putaret.
389 2302 616 2368 Conclamatur
639 2303 681 2367 ad
704 2326 811 2384 arma,
841 2312 938 2389 atque
963 2322 1095 2366 omncse

97 2410 208 2493 copiae
242 2408 352 2491 paucis
385 2407 545 2492 praesidio
579 2408 697 2472 relictis
731 2407 916 2472 cohortibus
953 2415 1073 2470 exeunt

97 2521 252 2597 rectoque
275 2509 317 2574 ad
339 2510 499 2576 Hiberum
521 2512 635 2575 itinere
659 2511 865 2575 contendunt.

185 2614 234 2677 70.
269 2615 351 2678 Erat
372 2616 406 2678 in
428 2615 590 2680 celeritate
620 2637 713 2679 omne
737 2617 875 2700 positum
899 2624 1072 2696 certamen,

98 2721 162 2784 utri
185 2720 273 2806 prius
289 2721 454 2804 angustias
469 2729 659 2804 montesque
675 2726 884 2805 occuparent,
909 2717 967 2781 sed
983 2740 1072 2781 exer-

98 2827 197 2890 citum
213 2823 360 2889 Caesaris
375 2826 502 2888 riarum
518 2822 724 2888 difficultates
739 2821 924 2905 tardabant,
946 2821 1073 2886 Afranii

98 2930 205 3016 copias
228 2931 389 3015 equitatus
412 2928 560 2993 Caesaris
583 2929 755 3012 insequens
777 2927 974 2991 morabatur.
1008 2927 1095 2991 Res²

98 3031 207 3098 tamen
236 3033 278 3098 ab
301 3033 489 3098 Afranianis
518 3032 582 3097 huc
610 3041 681 3097 erat
713 3033 893 3096 necessario
923 3030 1072 3112 deducta,

98 3147 142 3221 ut,
166 3141 192 3202 si
215 3141 337 3224 priores
359 3145 494 3221 montes,
519 3158 598 3223 quos
614 3135 777 3222 petebant,
802 3137 990 3220 attigissent,
1013 3136 1073 3218 ipsi

98 3244 276 3330 periculum
316 3244 474 3324 vitarent,
511 3240 741 3326 impedimenta
777 3242 874 3304 totius
912 3238 1073 3302 exercitus

87 3337 310 3432 'cohortesque
339 3348 373 3410 in
400 3347 513 3409 eastris
535 3345 662 3409 relictas
685 3367 817 3409 servare
839 3365 904 3407 non
926 3348 1072 3427 possent3

99 3450 215 3537 quibus
248 3447 429 3514 interclusis
462 3449 608 3512 exercitu
635 3446 783 3514 Caesaris
812 3443 967 3510 auxilium
996 3442 1078 3508 ferri>

98 3553 186 3619 nulla
218 3554 342 3617 ratione
375 3558 510 3638 poterat.
559 3549 705 3617 Confecit
737 3552 824 3636 prior
857 3549 918 3611 iter
952 3544 1093 3612 Caesare
