2376 3924
127 233 190 299 310
386 232 498 285 snum
516 234 768 287 HISPANOENSIS

128 428 309 511 nostrisque
332 425 440 491 adhuc
461 426 520 491 fixi
541 424 709 512 praesidiis
723 423 844 490 bellum
859 425 991 491 ducunt.
1021 425 1114 493 Nam

129 528 271 613 singulas
294 531 440 594 civitates
462 527 754 594 circumsederunt:
787 527 863 592 inde
884 527 944 593 sibi
970 550 1113 594 comme·

107 641 201 704 satus
224 635 363 718 capiunt.
403 634 514 714 Quare
537 642 570 697 et
591 635 738 697 civitates
760 641 944 698 nostrarum
967 634 1113 718 partium

129 736 327 802 conservabo
358 746 390 800 et
417 735 537 801 bellum
566 738 669 820 primo
692 757 820 821 quoque
843 744 987 821 tempore
1011 737 1111 802 confi·

129 842 220 905 ciam.
267 839 422 905 Cohortes
455 842 488 904 in
522 841 629 903 animo
663 839 767 904 habeo
800 837 844 903 ad
876 860 935 903 vos
968 841 1108 904 mittere.

128 943 277 1009 Profecto
292 951 401 1007 nostro
417 951 598 1008 commeatu
613 943 731 1027 privati
746 943 927 1007 necessario
949 941 992 1006 ad
1015 941 1111 1007 dimi·

129 1046 269 1111 candum
291 1042 508 1110 descendent'

214 1149 265 1212 27.
302 1148 490 1233 Insequenti
521 1156 666 1234 tempore
703 1171 777 1213 cum
812 1151 913 1214 nostri
945 1151 978 1213 in
1012 1171 1112 1235 opere

130 1251 261 1318 distenti
283 1261 400 1334 essent,
435 1253 559 1337 equites
592 1253 625 1314 in
656 1251 788 1331 olivet0,
822 1251 901 1317 dum
933 1252 1111 1338 lignantur‚

109 1355 290 1425 sintcrfecti
312 1363 387 1418 sunt
409 1353 539 1440 aliquot.
564 1355 658 1419 Servi
681 1354 935 1438 transfugerunt,
959 1357 1014 1440 qui
1030 1378 1112 1421 nun·

129 1462 303 1539 tiaverunt,
327 1481 354 1522 a.
380 1457 410 1523 d.
434 1474 483 1522 111.
507 1457 590 1521 Non.
607 1457 703 1521 Mart.
728 1457 885 1542 proelium
907 1459 949 1522 ad
965 1460 1112 1524 Soricam

134 1562 220 1648 quod
236 1562 358 1626 factum
375 1570 433 1642 est,
450 1584 492 1625 ex
508 1583 546 1625 eo
561 1570 706 1647 tempore
721 1570 843 1625 metum
859 1584 929 1626 esse
945 1584 1110 1647 magnum,

111 1674 165 1735 iet
187 1665 314 1729 Attium
336 1664 462 1730 Varum
485 1665 606 1728 circum
629 1663 758 1728 castella
780 1686 940 1748 praeesse.
985 1665 1034 1729 Εο
1058 1665 1112 1730 die

133 1771 305 1855 Pompeius
329 1777 436 1833 castra
462 1769 563 1831 movit
597 1777 630 1832 et
662 1776 775 1832 contra
797 1767 957 1852 Hispalim
990 1770 1024 1832 in
1057 1769 1111 1832 oli·

134 1881 208 1936 veto
232 1873 404 1936 constituit.
450 1869 571 1935 Caesar
605 1873 794 1956 priusquam
827 1871 942 1936 codem
969 1880 1018 1936 est
1040 1894 1112 1957 pro-

110 1976 248 2057 dectus,
271 1975 347 2039 luna
369 1974 450 2038 hora
472 1976 601 2038 circiter
623 1983 718 2039 sexta
732 1977 803 2039 visa
826 1984 883 2039 est.
922 1976 974 2039 Ita
996 1978 1111 2040 castris

133 2081 227 2143 motis
249 2076 391 2143 Ucubim
413 2078 586 2162 Pompeius
619 2077 826 2163 praesidium,
861 2079 949 2164 quod
972 2079 1112 2164 reliquit,

132 2183 224 2247 iussit
256 2190 293 2246 ut
325 2180 535 2247 incenderent
569 2191 601 2246 et
638 2181 753 2248 deusto
787 2184 904 2270 oppido
938 2186 971 2248 in
1004 2192 1112 2248 castra

112 2288 256 2362 5maiora
291 2308 324 2350 se
361 2287 551 2372 reciperent.
597 2287 786 2374 Insequenti
823 2298 967 2375 tempore
1001 2288 1112 2353 Venti-

135 2412 252 2475 ponem
274 2390 428 2477 oppidum
451 2413 525 2456 cum
548 2413 736 2477 oppugnare
759 2394 925 2477 coepisset,
949 2390 1112 2455 deditione

134 2494 221 2558 facta
243 2497 304 2559 iter
320 2496 396 2559 fecit
411 2497 444 2559 in
460 2493 647 2576 Carrucam,
672 2505 784 2559 contra
799 2495 989 2579 Pompeium
1005 2504 1113 2559 castra

135 2601 249 2682 posuit.
295 2600 467 2684 Pompeius
490 2599 653 2684 oppidum,
688 2597 776 2683 quod
799 2606 911 2662 contra
941 2618 1000 2660 sua
1023 2618 1114 2680 prae·

113 2701 217 2774 fisidia
240 2714 350 2788 portas
373 2703 553 2785 clausisset,
587 2703 747 2785 inccndit3
783 2700 947 2786 milesque,
972 2699 1026 2783 qui
1048 2699 1112 2765 fra-

135 2813 218 2868 trem
241 2829 335 2870 suum
367 2809 400 2869 in
423 2808 536 2871 castris
566 2792 751 2890 iugulasset,
785 2807 981 2888 interceptus
1015 2812 1064 2867 est
1094 2830 1114 2869 a

135 2912 251 2973 nostris
275 2920 307 2974 et
321 2911 397 2975 fusti
413 2932 594 2994 percussua
628 2910 715 2973 Hinc
729 2910 843 2972 itinere
864 2907 950 2971 facto
973 2908 1006 2970 in
1029 2929 1113 2971 cam-

136 3035 213 3098 pum
235 3013 451 3078 Mundensem
479 3035 553 3078 cum
582 3021 667 3076 esset
689 3020 836 3094 ventum,
870 3019 978 3075 castra
1000 3020 1113 3076 contra

136 3119 327 3203 Pompeium
350 3119 522 3182 constituit.

223 3222 275 3285 28.
299 3222 454 3307 Sequenti
478 3220 530 3285 die
563 3241 638 3283 cum
664 3220 726 3283 iter
753 3218 862 3283 lacere
891 3215 1012 3284 Caesar
1039 3242 1113 3285 cum

138 3326 237 3410 copiis
259 3324 365 3406 vellet,
389 3326 609 3388 renuntiatum
631 3331 680 3386 est
702 3343 721 3384 a
744 3320 999 3406 speculatoribus
1021 3323 1113 3387 Pom-

117 3430 248 3512 apeium
271 3427 312 3492 de
335 3429 430 3491 tertia
452 3424 562 3510 vigilia
583 3427 617 3490 in
639 3425 708 3489 acie
731 3425 866 3488 stetisse.
912 3423 986 3488 Hoc
1001 3428 1113 3490 nuntio

138 3530 234 3597 allato
256 3530 411 3594 vexillum
432 3530 606 3615 proposuit.
650 3525 776 3592 Idcirco
799 3528 885 3591 enim
907 3528 1015 3611 copias
1038 3528 1113 3595 edu·
