2378 3922
132 221 175 285 42
457 233 507 284 na
533 234 652 285 nanno
672 233 783 284 c1vm1

132 413 268 493 vissent,
302 414 435 497 repente
465 428 535 472 sese
557 406 600 471 ad
628 408 837 471 novissimum
859 431 977 494 agmen
1008 421 1112 475 osten

133 513 214 578 dunt
236 523 268 579 et
290 536 409 599 magna
430 510 634 577 multitudine
656 513 849 578 circumfusa
871 516 990 578 morari
1013 524 1112 600 atque

133 619 193 682 iter
216 617 372 702 impedire
398 617 563 702 incipiunt.

219 721 269 786 64.
308 722 417 786 Prima
454 718 525 784 luce
562 741 605 782 ex
642 719 860 805 superioribus
897 721 989 802 locis,
1027 744 1111 807 quae

133 825 281 892 Caesaris
315 826 428 890 castris
456 833 549 888 erant
583 826 767 906 coniuncta,
802 824 997 890 cernebatur
1025 831 1112 912 equi-

133 941 218 996 tatus
248 931 348 994 nostri
376 928 495 1015 proelio
523 930 711 993 novissimos
740 927 865 992 illorum
891 933 993 1014 premi
1015 931 1112 995 vehe-

133 1045 258 1100 menter
281 1056 319 1097 ac
346 1054 576 1117 nonnunquam
605 1034 755 1097 sustineri
787 1043 970 1099 extremum
992 1059 1111 1121 agmen

112 1149 230 1223 satque
252 1139 458 1222 interrumpi,
482 1135 560 1201 alias
583 1136 693 1200 inferri
716 1139 808 1221 signa
831 1147 863 1202 et
885 1141 1112 1203 universarum

129 1242 312 1306 cohortium
335 1243 455 1326 impetu
481 1249 607 1304 nostros
630 1240 777 1325 propelli,
807 1241 881 1306 dein
904 1265 1015 1306 rursus
1039 1265 1111 1308 con-

111 1367 244 1410 aversos
272 1345 405 1428 insequi.
450 1345 540 1407 Totis
567 1365 646 1408 vero
677 1347 789 1408 castris
819 1343 934 1408 milites
963 1346 1111 1411 circulari

133 1459 165 1514 et
188 1447 295 1512 dolere
318 1447 443 1511 hostem
467 1470 509 1511 ex
531 1446 680 1512 manibus
703 1448 835 1529 dimitti,
861 1447 980 1513 bellum
1003 1472 1111 1513 neccs-

39 1554 42 1562 ’
133 1555 216 1618 sario
246 1552 370 1638 longius
398 1552 486 1635 ‹luci3
517 1554 719 1617 centuriones
741 1551 952 1638 tribunosque
975 1552 1112 1617 militum

133 1656 223 1720 adire
257 1665 354 1741 atque
388 1654 574 1738 obsecrare,
607 1665 644 1720 ut
671 1678 730 1740 per
759 1678 812 1720 eos
840 1655 960 1722 Caesar
994 1660 1112 1722 certior

132 1760 238 1841 lieret,
270 1781 310 1822 ne
333 1758 433 1823 labori
457 1782 513 1823 suo
537 1780 600 1822 neu
622 1758 763 1843 periculo
787 1770 950 1844 parceret:
980 1770 1112 1846 paratos

133 1885 201 1926 csse
225 1885 310 1945 sese,
340 1884 433 1948 posse
464 1872 495 1926 et
518 1862 638 1927 audere
662 1884 701 1926 ca
723 1865 860 1927 transire
882 1864 1018 1946 flumen,
1046 1886 1111 1948 qua

109 1965 300 2032 rtraductus
323 1975 407 2030 esset
429 1967 600 2050 equitatus.
625 1966 772 2046 Quorum
795 1966 898 2030 studio
922 1976 954 2030 ct
976 1966 1111 2030 vocibus

133 2072 291 2133 excitatus
323 2069 459 2152 Caesar,
494 2071 552 2133 etsi
587 2068 720 2132 timebat
754 2080 863 2132 tautae
897 2071 1110 2153 magnitudini

132 2174 271 2237 fluminis
294 2176 472 2238 exercitum
495 2173 637 2256 obicere,
668 2173 850 2237 conandum
878 2185 986 2238 tamen
1013 2185 1111 2259 atque

114 2278 366 2363 aoxperieudum
394 2278 523 2342 iudicat.
569 2278 683 2362 Itaque
714 2279 903 2341 infirmiores
930 2277 1045 2342 milites
1069 2302 1111 2341 ex

133 2381 279 2445 omnibus
309 2383 459 2445 centuriis
489 2379 584 2464 deligi
607 2379 713 2462 iubet,
742 2403 879 2465 quorum
902 2391 957 2446 aut
985 2385 1111 2446 animus

110 2494 187 2552 caut
210 2487 296 2548 vires
319 2483 514 2548 videbantur
537 2486 693 2547 sustinere
717 2507 780 2547 non
803 2507 905 2570 posse.
944 2488 1013 2550 Hos
1037 2510 1110 2551 cum

131 2589 255 2672 legione
283 2609 349 2651 una
377 2586 536 2672 pracsidio
566 2589 679 2650 castris
707 2587 872 2671 relinquit3
903 2589 1042 2674 reliquas
1070 2591 1111 2654 le-

131 2696 241 2777 giones
270 2693 438 2778 expeditas
467 2693 574 2756 educit
607 2715 789 2776 magnoque
823 2715 956 2757 numero
990 2697 1110 2757 iumen-

131 2807 236 2861 torum
265 2800 297 2860 in
326 2797 457 2860 flumine
485 2817 582 2881 supra
609 2807 705 2880 atquc
734 2797 817 2860 infra
848 2799 1018 2861 constituto
1048 2807 1110 2861 tra-

111 2901 220 2965 iducit
249 2903 437 2965 exercitum.
483 2901 583 2964 Pauci
612 2923 654 2964 ex
677 2900 725 2963 his
752 2901 904 2965 militibus
928 2901 1055 2985 abrepti
1078 2905 1111 2964 ri

131 3005 269 3068 fluminis
305 3004 346 3068 ab
381 3006 526 3088 equitatu
565 3006 769 3089 excipiuntm·
807 3028 845 3068 ac
883 3005 1109 3087 sublevantum

131 3111 239 3171 interit
261 3119 369 3171 tamen
393 3130 496 3172 neme.
532 3106 696 3171 Traducto
719 3108 869 3173 incolumi
893 3111 1038 3172 exercitu
1062 3132 1111 3172 co-

109 3214 199 3296 apias
222 3214 348 3275 instruit
376 3212 597 3296 triplicemque
626 3213 727 3274 aciem
755 3212 873 3276 (lucere
903 3214 1019 3297 incipit.
1060 3212 1111 3275 Ac

130 3327 255 3380 tautum
282 3310 342 3381 ‘fuit
371 3319 403 3380 in
434 3314 586 3380 militibus
616 3316 728 3398 studii,
763 3327 798 3380 ut
827 3317 947 3381 milium
978 3340 1037 3380 sex
1068 3317 1111 3380 acl

130 3423 190 3483 iter
224 3421 334 3485 addito
369 3421 503 3484 circuitu
537 3440 719 3503 magnaque
749 3420 791 3483 acl
820 3421 940 3484 vadum
969 3420 1111 3484 fluminis
