2376 3924
450 236 525 286 oar.
546 237 655 286 ra-ro.
982 236 1042 302 183

156 430 203 492 18.
242 429 355 513 Neque
384 449 462 492 vero
492 427 611 492 diutius
640 450 679 492 ea
708 427 884 492 munitione
913 449 947 496 se
970 450 1042 493 con·

67 534 169 596 tinere
192 539 380 618 potuerunt,
410 531 470 596 etsi
493 539 563 595 erat
584 552 649 596 non
673 529 825 596 dissimile
848 539 946 617 atque
968 530 1042 597 Ale·

66 634 223 700 xandriae
250 656 353 720 genus
381 633 616 716 aedificiorum,
650 643 687 699 ut
713 635 838 699 minora
866 633 1041 700 maioribus

66 739 282 823 conferantur,
294 749 465 824 turresque
477 739 583 804 editae
595 747 628 804 et
638 739 829 805 coniunctae
840 739 924 804 muri
936 735 1041 803 locum

64 841 270 927 obtinebant,
293 864 399 928 neque
422 843 523 908 nostri
545 851 602 907 aut
624 841 718 908 scalis
740 850 798 907 aut
819 840 962 908 cratibus
985 850 1041 906 aut

63 947 194 1033 reliquis
228 947 326 1014 rebus
363 949 468 1033 parati
502 954 661 1011 venerant
696 945 739 1010 ad
776 944 1039 1031 oppugnandum.

64 1050 129 1118 Sed
152 1059 258 1117 terror
279 1050 464 1118 hominibus
487 1058 628 1115 mentem
645 1048 875 1136 consiliumque
891 1050 986 1135 eripit
1007 1058 1060 1114 eta

63 1154 210 1220 membra
232 1155 389 1237 debilitat,
412 1163 449 1219 ut
470 1162 548 1218 tunc
571 1152 697 1219 accidit.
733 1154 798 1236 Qui
821 1174 855 1218 se
878 1156 911 1218 in
934 1176 1059 1240 aequos

61 1258 129 1323 loco
154 1281 192 1322 ac
215 1259 310 1344 plano
333 1279 429 1344 pares
451 1279 521 1322 esse
544 1256 765 1340 confidebant,
793 1257 890 1322 iidem
919 1265 1038 1344 perter-

60 1364 112 1425 riti
146 1363 224 1447 fuga
257 1384 389 1427 suorum
415 1370 455 1426 et
488 1361 588 1427 caede
616 1383 792 1447 paucorum
821 1379 895 1426 xxx
917 1362 1038 1448 pedum

60 1463 228 1529 altitudine
244 1467 277 1530 in
293 1465 448 1530 aedificiis
463 1467 637 1531 consistere
661 1467 730 1530 ausi
752 1479 818 1530 non
840 1475 915 1531 sunt
938 1487 1037 1551 seque

60 1590 117 1652 per
137 1567 254 1632 molem
269 1571 301 1633 in
316 1590 406 1632 mare
423 1571 718 1655 praecipitaverunt
733 1577 765 1633 et
780 1584 867 1633 θοοῦ
882 1591 1037 1655 passuum

59 1670 264 1736 intervallum
293 1671 335 1736 ad
365 1671 519 1758 oppidum
541 1680 764 1738 enataverunt.
810 1672 904 1744 Multi
926 1681 1056 1741 tamem

58 1796 101 1838 ex
124 1775 173 1841 his
195 1778 281 1862 capti
302 1775 527 1862 interfectique
549 1786 638 1860 sunt;
670 1775 728 1841 sed
755 1798 909 1842 numerus
938 1781 1034 1866 capti·

58 1900 174 1942 vorum
200 1881 329 1944 omnino
352 1879 413 1944 fuit
434 1881 588 1946 sexcenti.

146 1981 194 2046 19.
229 1980 351 2047 Caesar
379 1981 501 2069 praeda
529 1984 682 2050 militibus
711 2007 865 2051 concessa
886 1986 1034 2060 aedificia

57 2088 152 2172 diripi
185 2089 277 2152 iussit
305 2088 535 2174 castellumque
564 2090 606 2154 ad
636 2098 781 2176 pontem,
816 2094 871 2176 qui
904 2093 1034 2178 propior

56 2197 126 2253 crat
141 2190 257 2272 Pharo,
281 2193 490 2256 communivit
512 2201 609 2279 atque
632 2191 677 2257 ibi
698 2192 896 2279 praesidium
917 2197 1031 2279 posuit.

59 2293 156 2357 Hunc
189 2293 266 2378 fuga
298 2293 451 2360 Pharitae
484 2295 696 2380 rehquerant;
730 2297 912 2361 citeriorem
944 2296 1053 2367 illuma
1087 2327 1090 2332 ·

56 2399 303 2483 propioremque
338 2396 455 2484 oppido
487 2397 703 2464 Alexandrini
737 2399 920 2464 tuebantur.
967 2401 1032 2468 Sed

55 2523 129 2565 oum
152 2509 279 2584 postero
303 2499 355 2565 die
378 2501 471 2565 simili
492 2504 616 2567 ratione
639 2503 843 2588 aggreditur,
872 2503 959 2588 quod
981 2504 1032 2569 his

55 2602 193 2668 obtentis
227 2603 354 2669 duobus
389 2625 517 2670 omnem
550 2607 754 2692 navigiorum
791 2628 965 2673 excursum
998 2618 1032 2674 et

54 2708 223 2791 repentina
255 2707 422 2774 latrocinia
451 2708 614 2774 sublatum
640 2711 680 2774 iri
707 2710 850 2775 videbat.
895 2712 1051 2798 Iamquea

53 2832 117 2893 eoa,
142 2813 196 2896 qui
219 2810 379 2897 pracsidio
402 2834 476 2877 cum
498 2813 604 2877 locum
618 2812 782 2898 tenebant,
806 2818 972 2882 tormentis
987 2839 1030 2882 ex

53 2913 192 2979 navibus
214 2917 404 3001 sagittisque
427 2915 597 3001 depulerat
619 2925 717 3002 atque
739 2919 774 2982 in
788 2918 944 3004 oppidum
958 2920 1029 2987 red·

52 3029 165 3102 egerat
179 3029 211 3084 et
227 3021 406 3086 cohortium
420 3023 518 3086 trium
533 3023 635 3087 instar
649 3023 682 3087 in
698 3031 819 3090 terram
834 3035 1029 3111 exposuerat

52 3120 240 3207 (nonenim
263 3124 371 3210 plures
394 3127 567 3191 consistere
591 3129 759 3212 angustiae
781 3127 842 3194 loci
864 3129 1028 3215 patieban-

52 3225 135 3312 tur);
153 3228 296 3314 reliquae
312 3232 423 3315 copiae
438 3231 471 3294 in
486 3229 625 3295 navibus
641 3232 812 3297 stationem
827 3231 1025 3298 obtinebant.

52 3333 125 3413 Quo
153 3333 239 3398 facto
267 3335 406 3420 imperat
434 3345 564 3419 pontem
592 3335 750 3402 adversus
778 3335 903 3400 hostem
937 3359 1048 3422 prae-t

49 3433 162 3499 vallari
185 3445 227 3518 et,
251 3457 316 3521 qua
338 3437 444 3501 exitus
466 3436 605 3502 navibus
627 3447 699 3503 erat
712 3437 834 3503 fornice
851 3449 1025 3525 exstructo,

48 3558 113 3625 quo
128 3559 209 3623 pons
225 3538 453 3622 sustinebatur,
469 3538 631 3624 lapidibus
645 3539 769 3627 oppleri
781 3549 880 3627 atque
892 3541 1024 3610 obstrui.
