2376 3924
137 202 199 267 174
437 201 487 250 nn
506 200 626 251 nunno
646 198 804 251 osnmoo

136 394 241 462 oculis
266 393 399 460 domum
421 393 574 477 remittit,
596 401 634 459 ut
658 393 726 456 sint
748 391 888 478 reliquis
912 391 1115 457 documento

128 508 170 564 >et
191 497 426 583 magnitudine
448 519 577 583 poenae
598 504 809 582 perterreant
833 495 930 562 alios.

219 602 250 669 5.
266 603 330 669 His
342 603 517 689 suppliciis
528 602 686 668 celeriter
697 610 816 668 coacto
830 599 1114 667 exercituLucte·

135 709 222 773 rium
244 705 445 791 Cadurcum,
470 729 618 773 summae
640 706 807 772 hominem
830 705 1014 790 audaciae,
1038 727 1115 771 cum

135 822 231 898 parte
254 812 425 898 copiarum
441 813 475 876 in
490 811 640 877 Rutenos
656 812 778 895 mittit3
801 811 874 895 ipse
889 811 925 875 in
940 809 1114 893 Bituriges

115 916 370 1002 aproficiscitur.
415 914 498 980 Eius
528 913 677 980 adventu
699 915 872 998 Bituriges
895 912 941 978 ad
962 912 1113 995 Aeduos,

134 1041 274 1107 quorum
290 1027 386 1084 erant
402 1019 437 1082 in
452 1016 528 1101 fide,
552 1016 684 1102 legatos
700 1019 841 1083 mittunt
857 1016 1046 1082 subsidium
1060 1039 1113 1082 ro·

134 1133 260 1208 gatum,
276 1144 340 1208 quo
356 1121 491 1187 facilius
503 1121 650 1187 hostium
661 1123 777 1207 copias
790 1122 956 1186 sustinere
971 1121 1113 1206 possint.

112 1226 244 1296 aAedui
261 1226 302 1292 de
321 1224 462 1291 consilio
476 1224 675 1310 legatorum,
698 1246 781 1310 quos
798 1222 927 1290 Caesar
950 1224 995 1290 ad
1018 1248 1113 1291 exer·

133 1333 237 1396 citum
253 1330 447 1419 reliquerat,
470 1331 586 1416 copias
600 1332 769 1417 equitatus
781 1329 1019 1417 peditatusque
1036 1329 1113 1395 sub·

111 1434 220 1500 isidio
236 1433 447 1519 Biturigibus
469 1435 617 1500 mittunt.
657 1434 723 1516 Qui
745 1457 821 1501 cum
843 1434 889 1500 ad
909 1434 1032 1500 flumen
1053 1434 1112 1501 Li-

134 1541 240 1623 gerim
256 1541 440 1622 venissent,
464 1538 553 1624 quod
568 1539 741 1622 Bituriges
764 1538 807 1604 ab
824 1537 953 1605 Aeduis
978 1538 1113 1625 dividit,

133 1665 259 1728 paucos
284 1643 356 1708 dies
378 1642 426 1708 ibi
449 1644 570 1708 morati
594 1664 701 1728 neque
722 1642 844 1708 flumen
867 1645 1014 1708 transire
1036 1646 1112 1710 ausi

111 1747 268 1812 adamum
282 1754 498 1813 revertuntur
509 1745 699 1832 legatisque
710 1748 836 1811 nostris
852 1747 1059 1831 renuntiant,
1076 1769 1112 1812 se

134 1851 325 1934 Biturigum
347 1849 524 1936 perfidiam
546 1852 672 1916 veritos
695 1852 893 1936 revertisse,
925 1850 1044 1936 quibus
1076 1851 1112 1916 id

134 1953 267 2019 consilii
283 1954 387 2018 fuisse
403 1956 635 2039 cognoverint,
651 1962 699 2037 ut,
715 1956 745 2019 si
759 1954 880 2020 flumen
896 1956 1112 2040 transissent,

133 2080 200 2123 una
218 2081 260 2122 ex
275 2067 371 2143 parte
387 2060 462 2144 ipsi,
479 2057 588 2124 altera
600 2057 747 2125 Arverni
764 2081 800 2124 se
812 2060 1111 2126 circumsisterent.

111 2162 175 2228 old
198 2184 281 2227 eane
306 2162 347 2227 de
369 2183 484 2245 causa,
508 2183 609 2249 quam
630 2162 754 2247 legatis
771 2163 1043 2248 pronuntiarunt,
1066 2186 1111 2228 an

133 2265 274 2352 perfidia
298 2265 438 2331 adducti
460 2266 614 2350 fecerint,
639 2265 729 2352 quod
743 2264 827 2331 nihil
843 2265 941 2331 nobis
965 2275 1111 2351 constat,

112 2391 200 2434 rnon
216 2369 352 2435 videtur
374 2391 433 2454 pro
450 2378 543 2445 certo
561 2392 635 2434 esse
650 2369 912 2456 proponendum.
936 2351 1111 2455 Bituriges

134 2496 248 2539 eorum
271 2474 425 2540 discessu
449 2477 565 2541 statim
587 2497 664 2541 oum
686 2475 850 2541 Arvernis
868 2476 1068 2560 iunguntur.

219 2577 249 2643 6.
272 2578 336 2642 His
360 2577 460 2644 rebus
484 2581 518 2644 in
535 2578 672 2644 Italiam
688 2577 828 2645 Caesari
845 2581 1012 2646 nuntiatis
1035 2601 1111 2646 cum

133 2682 201 2747 iam
223 2680 281 2747 ille
303 2680 453 2748 urbanas
477 2705 531 2748 res
554 2683 681 2748 virtute
698 2681 784 2748 Gnei
807 2684 944 2769 Pompei
966 2706 1110 2750 commo·

134 2784 262 2850 diorem
276 2787 311 2849 in
328 2794 453 2851 statum
468 2787 663 2872 pervenisse
686 2786 911 2872 intellegeret,
935 2789 970 2852 in
985 2787 1110 2853 Trans·

112 2888 284 2974 calpinam
308 2886 456 2954 Galliam
478 2889 648 2976 profectus
672 2900 733 2956 est.
778 2891 828 2956 Eo
852 2913 928 2958 cum
949 2893 1111 2976 venisset,

131 3013 256 3087 magna
270 2991 470 3059 difficultate
482 2993 706 3080 afficiebatur,
730 3017 796 3081 qua
812 2997 945 3062 ratione
958 2995 1003 3062 ad
1015 3019 1110 3062 exer·

110 3097 235 3161 coitum
249 3098 424 3182 pervenire
439 3108 563 3184 posset.
596 3099 682 3165 Nam
701 3101 729 3165 si
745 3099 895 3184 legiones
919 3102 954 3166 in
976 3102 1110 3187 provin·

133 3201 221 3265 ciam
235 3211 435 3286 arcesseret,
460 3224 496 3267 se
519 3201 660 3268 absente
683 3205 718 3268 in
734 3205 854 3270 itinere
870 3203 997 3290 proelio
1016 3203 1112 3269 dimi·

111 3304 1112 3392 4caturasintellegebat3siipseadexercitumcontenderet,

132 3431 174 3472 ne
197 3410 238 3473 iis
262 3409 397 3496 quidem
426 3431 463 3474 eo
485 3419 651 3496 tempore,
681 3414 738 3498 qui
768 3414 874 3499 quieti
904 3410 1110 3490 viderentur,

133 3533 227 3576 suam
252 3514 395 3580 salutem
416 3523 508 3580 recte
531 3515 695 3581 committi
717 3516 868 3584 videbat.
