2376 3924
125 227 168 292 90
229 213 231 217 ’
432 228 482 278 on
500 229 620 280 annno
640 228 798 282 onnmco

126 443 263 506 quorum
287 440 388 504 agros
412 429 632 504 vexaverant,
660 443 834 488 remanere
858 446 893 489 se
917 424 1007 510 apud
1031 447 1106 490 eum

125 524 213 590 velle
243 525 411 590 dixerunt.
456 525 519 590 His
549 523 678 590 Caesar
707 525 900 592 libertatem
927 531 1106 594 concessit.

213 628 262 694 16.
287 628 487 695 Germanico
511 629 600 694 bello
624 631 777 698 confecto
800 631 916 697 multis
936 631 1105 698 decausis

126 732 254 798 Caesar
272 735 391 799 statuit
409 733 474 798 sibi
490 733 642 799 Rhenum
659 756 733 799 esse
749 735 1009 819 transeundum,
1026 758 1106 822 qua-

125 861 198 903 rum
222 837 282 902 illa
297 836 361 924 fuit
377 838 573 919 iustissima,
598 837 698 922 quod,
721 859 796 902 cum
818 839 951 905 videret
968 839 1105 907 Germa-

125 963 186 1006 nos
210 950 281 1005 tam
296 940 399 1006 facile
414 939 552 1026 impelli,
575 948 612 1004 ut
629 941 664 1004 in
680 938 831 1020 Galliam
847 945 1011 1025 venirent,
1036 947 1105 1010 suis

126 1067 255 1131 quoque
278 1044 378 1110 rebus
402 1065 460 1109 eos
482 1044 599 1110 timere
623 1043 746 1127 voluit,
771 1067 846 1110 cum
869 1046 1104 1130 intellegerent

126 1158 159 1214 et
182 1158 333 1234 possset
356 1148 482 1214 audere
505 1148 619 1235 populi
641 1149 785 1214 Romani
813 1151 996 1215 exereitum
1019 1151 1104 1217 Rhe-

104 1276 205 1319 2num
228 1255 384 1319 transire.
407 1251 564 1317 Accessit
581 1253 694 1335 etism,
718 1252 807 1338 quod
830 1252 890 1318 illa
912 1275 992 1339 pars
1017 1258 1105 1342 equi-

126 1366 218 1423 tatus
241 1357 419 1443 Usipetum
443 1365 475 1421 et
495 1357 746 1440 Tencterorum,
770 1378 869 1442 quam
893 1380 995 1444 supra
1019 1382 1105 1425 com-

131 1463 313 1529 memoravi
336 1460 522 1547 praedandi
539 1460 832 1547 frumentandique
854 1484 958 1527 causa
976 1462 1106 1529 Mosam

125 1569 291 1633 transisse
324 1587 433 1651 neque
469 1565 595 1652 proelio
630 1565 839 1649 interfuisse,
877 1575 952 1652 post
991 1567 1106 1651 fugam

126 1693 261 1736 suorum
295 1693 331 1736 se
366 1678 461 1734 trans
484 1669 636 1734 Rhenum
666 1669 701 1732 in
729 1669 813 1734 fines
844 1668 1106 1755 Sugambrorum

103 1782 298 1860 sreceperat
321 1795 423 1858 seque
445 1794 521 1837 cum
537 1773 579 1836 iis
603 1773 837 1838 coniunxerat.
860 1770 916 1838 Ad
932 1795 1014 1860 quos
1031 1796 1106 1839 cum

125 1877 254 1944 Caesar
276 1877 412 1942 nuntios
436 1876 600 1959 misisset,
629 1876 686 1961 qui
708 1875 935 1961 postularent,
959 1898 1025 1958 eos,
1049 1880 1106 1963 qui

127 1982 191 2047 sibi
215 1980 414 2066 Galliaeque
443 1978 568 2045 bellum
603 1979 813 2063 intulissent,
844 1979 909 2045 sibi
933 1979 1105 2066 dederent,

102 2085 388 2171 sresponderunt:
421 2082 537 2171 populi
569 2083 712 2148 Romani
745 2084 920 2170 imperium
954 2083 1105 2151 Rhenum

125 2192 239 2273 finire3
270 2191 299 2254 si
323 2211 358 2254 se
381 2190 489 2254 invito
514 2185 702 2253 Germanos
727 2188 761 2251 in
786 2183 936 2253 Galliam
958 2191 1106 2254 transire

126 2316 190 2359 non
209 2314 350 2378 aequum
367 2293 589 2374 existimaret,
611 2313 670 2356 cur
694 2291 745 2354 sui
761 2291 940 2376 quicquam
957 2313 1031 2357 esse
1046 2294 1106 2357 im-

104 2399 210 2484 sperii
233 2408 292 2462 aut
314 2398 494 2483 potestatis
511 2404 607 2461 trans
623 2394 776 2461 Rhenum
792 2394 1003 2480 postularet?
1026 2397 1105 2463 Ubii

126 2511 254 2584 eutem,
289 2502 345 2587 qui
379 2502 436 2565 uni
468 2522 511 2565 ex
545 2498 815 2565 Transrhenanis
850 2498 894 2565 ad
924 2497 1106 2567 Gaesarem

125 2605 257 2688 legatos
274 2606 445 2688 miserant,
464 2605 651 2669 amicitiam
666 2603 830 2687 fecerant,
854 2601 989 2669 obsides
1007 2605 1105 2671 dede-

126 2720 214 2792 rant,
238 2729 441 2794 magnopere
465 2706 626 2790 orabant,
655 2715 691 2771 ut
716 2705 781 2771 sibi
806 2706 972 2773 auxilium
994 2709 1107 2791 ferret,

106 2812 216 2897 equod
246 2813 397 2895 graviter
425 2810 468 2875 ab
493 2809 613 2875 Suebis
641 2820 891 2896 premerentur3
920 2813 991 2897 vel,
1019 2815 1047 2879 si
1071 2814 1106 2879 id

127 2918 238 2981 faeere
274 2913 553 2998 occupationibus
587 2915 636 2978 rei
669 2913 827 2999 publicae
862 2916 1105 3003 prohiberetur,

128 3020 314 3084 exercitum
337 3017 435 3082 modo
458 3016 609 3082 Rhenum
625 3026 889 3104 transportaret}
912 3018 949 3083 id
972 3018 1037 3084 sibi
1060 3019 1106 3084 ad

128 3121 292 3189 auxilium
320 3142 478 3207 spemque
506 3120 626 3207 reliqui
648 3123 807 3208 temporis
832 3123 917 3188 satis
947 3122 1106 3188 futurum.

106 3228 274 3292 rTantum
303 3247 377 3290 esse
404 3247 525 3289 nomen
554 3233 656 3311 atque
687 3225 878 3310 opinionem
907 3226 979 3290 eius
1011 3247 1105 3290 exer-

129 3333 216 3397 citus
234 3330 405 3395 Ariovisto
421 3328 518 3414 pulso
534 3337 568 3394 et
584 3329 646 3394 hoc
665 3329 847 3394 novissimo
863 3327 991 3416 proelio
1013 3328 1105 3396 facto

129 3438 231 3501 etiam
261 3434 305 3499 ad
328 3431 465 3499 ultimas
489 3431 734 3499 Germanorum
763 3434 936 3516 nationes,
964 3434 1014 3498 uti
1038 3434 1106 3518 opi-

128 3540 228 3603 nione
252 3547 284 3602 et
308 3538 460 3603 amicitia
482 3536 597 3624 populi
612 3535 754 3602 Romani
777 3537 843 3601 tuti
866 3557 940 3601 esse
964 3537 1105 3621 possint.
