2376 3924
279 228 328 276 AD
349 227 448 279 OAES.
468 228 571 277 BELL.
591 226 696 277 GALL.
715 229 904 291 V11,27—35.
1006 229 1079 278 XXV

97 418 176 466 libris
196 421 312 479 exstent,
331 416 379 466 sed
397 432 430 466 ee
450 423 514 481 apta
532 417 731 466 constructione
751 432 842 468 carere
856 417 973 481 (ueritus
989 432 1023 469 ne
1034 454 1040 466 .
1051 455 1075 468 ..

97 507 235 568 oreretur,
267 506 318 554 mi.
333 540 340 553 .
356 506 498 568 .curaret)
527 503 622 568 negari
649 504 751 568 nequit.
786 508 950 569 quapropter
981 505 1079 570 Menge

93 590 206 656 (Philol.
219 589 344 651 XXXIII,
359 605 385 654 p.
399 588 462 656 727)
480 589 653 638 scribendum
673 590 779 638 censuit
796 589 971 656 veritusque
989 605 1024 642 uc
1034 628 1040 639 .
1051 626 1075 640 ..

95 679 233 739 oreretur,
248 674 403 742 praem...
416 673 616 741 dispositis...
628 675 784 742 curavit,·
807 678 856 726 sed
879 678 977 727 leniori
1002 676 1079 739 modo

97 762 234 812 sententia
253 761 391 812 emendari
410 766 499 826 potest
517 777 578 811 cum
600 763 764 828 transposita
782 762 917 827 particule
933 767 967 814 ut
986 764 1079 815 scribi·

96 856 153 898 tur:
163 847 328 900 veritusne.
339 884 345 897 .
357 884 363 897 .
374 851 509 910 oreretur,
518 846 619 914 procui
628 847 659 898 in
669 846 716 899 oia
727 846 875 915 dispositis
884 847 1079 912 familiaribus

98 933 160 986 suis
175 933 410 1001 principibusque
422 932 569 985 ciuitatum
588 937 626 984 nt
645 931 838 1000 disparandos
852 932 1080 999 deducendosque

94 1024 268 1072 curarent
286 1024 348 1072 cett.

201 1121 224 1158 c.
248 1106 289 1167 30,
313 1108 344 1154 4:
370 1104 464 1157 animo
489 1103 727 1173 confirmati]
755 1106 827 1154 hanc
849 1106 904 1154 iam
931 1104 1080 1169 Nipperdei

96 1193 191 1257 recepi
209 1194 401 1252 coniecturam,
420 1207 481 1241 cum
500 1198 580 1241 antea
599 1191 672 1257 quod
689 1192 765 1241 codd.
785 1192 886 1242 habent
904 1192 1080 1244 consternati

99 1278 211 1328 defendi
229 1294 307 1343 posse
326 1284 471 1343 putassem.

202 1380 224 1413 c.
244 1364 285 1426 35,
306 1367 333 1412 1:
354 1361 422 1415 Cum
437 1367 554 1428 uterque
577 1362 751 1429 utrimque
774 1363 908 1416 eruisset
931 1364 1080 1431 coercitus,

96 1450 129 1502 in
153 1454 304 1518 corispectu
327 1449 470 1515 ferequee
492 1448 603 1517 repiene
628 1449 732 1502 castris
756 1453 854 1501 eastra
874 1449 1079 1519 ponebant]

97 1539 137 1587 eie
156 1553 218 1586 cum
235 1535 409 1602 Nipperdeio,
422 1536 562 1601 Frigellio,
576 1536 706 1587 Diibnero
720 1551 752 1588 ex
767 1537 930 1601 optimorum
948 1536 1078 1587 librorum

96 1622 154 1673 iere
172 1638 306 1673 consensu
329 1622 410 1673 edidi.
436 1623 535 1688 reliqui
559 1622 676 1672 editores
700 1639 761 1671 curn
781 1621 974 1688 Oudendorpio
998 1624 1080 1674 inter-

95 1709 250 1774 polatorum
269 1709 391 1759 codicum
414 1708 559 1758 lectionem
582 1715 743 1775 receperunt
766 1724 828 1760 euni
851 1712 968 1773 uterque
991 1708 1080 1760 utri-

95 1809 158 1860 que
176 1798 270 1846 essct
288 1793 427 1846 exercitus
445 1793 476 1845 in
495 1798 643 1861 conspectu
661 1792 904 1860 ferremerae.
921 1799 1080 1861 poneret.

95 1906 132 1919 ·-
148 1882 186 1931 ib.
210 1884 272 1932 crat
295 1879 327 1931 in
350 1879 461 1948 rnapriis
487 1879 635 1932 Caesari
658 1879 878 1945 difficultatibus
902 1879 972 1949 resl]
997 1881 1025 1930 u't
1049 1884 1078 1930 in

96 1967 188 2031 priore
212 1966 330 2016 editione
355 1965 473 2018 Caesari
497 1983 545 2031 pro
565 1964 697 2019 Caesaris
723 1968 827 2032 scripsi,
852 1983 914 2016 cum
938 1967 1080 2032 genetivus

96 2068 176 2102 casus
200 2058 227 2102 et
250 2059 360 2118 propter
387 2054 532 2102 verborum
560 2052 769 2103 collocationem
793 2059 820 2102 et
847 2058 957 2118 propter
983 2068 1080 2102 sonum

95 2144 238 2203 suspectus
256 2139 389 2189 videatur.
401 2167 435 2177 -
454 2141 477 2201 ς,
490 2140 519 2188 3:
539 2155 601 2190 cum
620 2137 731 2190 duabus
750 2137 905 2206 iepionibus
923 2138 955 2190 in
973 2140 1079 2192 occuito

94 2223 219 2290 restitit;
243 2223 367 2290 reliquas
389 2225 486 2291 copias
505 2240 568 2277 eum
586 2224 713 2277 omnibus
732 2224 946 2291 impedimentis,
964 2230 998 2277 ut
1016 2241 1080 2278 eon-

98 2314 238 2369 suererat,
259 2310 345 2378 misit,
364 2309 502 2362 imminetis
521 2310 642 2377 captiuis
667 2310 829 2376 quartis
857 2309 1080 2377 quibusque

94 2395 266 2461 cohortibus,
278 2396 324 2448 uti
335 2410 470 2448 numerus
483 2394 621 2463 iepionum
633 2400 763 2447 constare
775 2394 941 2464 uideretur]
956 2397 1079 2448 codicum

95 2483 181 2532 verbs
194 2497 232 2534 ca
235 2481 314 2548 ptis
328 2481 538 2549 quibasdam
556 2480 716 2534 caleartibus
729 2483 809 2547 plane
823 2484 915 2547 inepta
928 2499 995 2543 esse,
1009 2484 1080 2533 inter

95 2584 189 2619 omnes
203 2569 312 2634 quidem
326 2574 439 2628 constat,
454 2568 501 2617 sed
514 2583 584 2632 quae
597 2569 737 2634 hucusque
757 2570 926 2633 excogitatus
939 2574 1003 2617 sunt
1020 2585 1079 2619 cor-

96 2660 219 2704 recturae
235 2683 267 2692 -
279 2653 398 2720 demptis
411 2682 445 2690 -
457 2653 540 2705 sectis
553 2682 588 2690 -
601 2653 709 2719 carptis
722 2682 757 2690 —
771 2653 907 2706 detractis
922 2683 957 2692 -
969 2653 1079 2706 iaaatis

96 2739 192 2791 -ita
212 2739 373 2805 positis-
398 2740 505 2807 apertis
529 2740 696 2806 cohortibus,
720 2742 766 2789 vix
789 2745 869 2807 aptae
893 2740 1021 2790 videntur
1045 2741 1079 2791 ad

96 2825 274 2892 aperiendum
292 2825 361 2875 illud
385 2832 557 2892 strategema‚
579 2842 631 2891 quo
651 2825 754 2876 Caesar
778 2826 907 2887 effecerit,
926 2832 956 2875 ut
973 2827 1078 2876 duabus

96 2912 253 2978 legionibus
265 2913 295 2961 in
307 2912 402 2962 castris
416 2913 526 2973 relictis,
546 2928 673 2962 numerus
691 2918 782 2962 tamen
801 2913 940 2977 legionum
952 2919 1078 2962 constare

96 2998 243 3048 videretur.
261 2997 290 3046 id
308 2998 418 3062 quidem
436 2998 592 3063 Nipperdey
611 3015 639 3047 se
658 2999 768 3063 assequi
787 3014 865 3063 posse
884 2999 998 3062 putabat
1011 3001 1077 3049 scri-

96 3085 186 3135 bendo
205 3083 340 3151 manipiis
359 3083 480 3152 suspulis
500 3083 620 3151 demptis
644 3082 812 3147 cohortibus,
837 3085 884 3134 sed
908 3083 976 3134 haec
993 3087 1079 3135 verba

96 3177 153 3222 tam
171 3170 252 3237 longe
270 3172 401 3221 recedunt
420 3187 436 3221 a
454 3171 584 3221 librorum
607 3172 736 3236 vestigiis,
756 3176 786 3219 nt
810 3171 913 3219 nemini
937 3170 1078 3237 hucusque

96 3257 210 3323 probata
228 3258 291 3307 sint.
309 3255 391 3306 lectio
410 3273 426 3306 a
440 3273 482 3306 me
500 3258 638 3321 proposita
653 3263 679 3305 et
692 3273 723 3305 eo
742 3257 844 3318 nititur,
863 3256 934 3320 quod
953 3259 982 3306 in
1000 3258 1078 3307 libris

97 3343 202 3410 aliquot
219 3343 284 3394 licet
302 3343 483 3393 deterioribus
502 3341 594 3408 captis
616 3341 728 3408 quartis
748 3341 900 3407 quibusque
918 3341 1078 3395 cohortibus

97 3432 291 3497 scriptumest,
304 3445 385 3496 quem
403 3430 548 3480 lectionem
566 3430 612 3478 vix
631 3429 818 3493 interpolatori
837 3429 944 3478 cuidam
964 3430 1077 3490 tribues,

97 3521 126 3567 et
141 3530 172 3567 re
189 3517 251 3583 ipsa
268 3515 480 3578 commendatur,
504 3530 565 3564 cum
585 3513 687 3563 Caesar
706 3514 811 3578 oppidis
832 3513 943 3564 Genabo
964 3521 991 3564 et
1008 3517 1077 3565 Ava-
