2376 3924
412 225 524 279 utnon
539 227 562 292 r,
581 227 658 282 ote.
678 229 787 282 10-13.
1067 228 1088 291 9

110 420 264 484 ecastris
277 419 500 505 proiectusad
510 443 584 486 eam
595 429 725 507 partem
738 422 901 506 pervenit,
915 440 1094 506 quaenon-·

110 521 188 586 dum
199 521 319 587 flumen
332 524 527 591 transierat.
550 523 618 589 Eos
631 523 811 609 impeditos
828 531 861 588 et
874 523 1087 609 inopinantes
1097 538 1118 578 ³·

108 637 592 715 aggressusmagnampartem
600 627 879 711 eorumconcidit3
887 626 1006 714 reliqui
1015 649 1088 692 sese

107 729 421 812 fugaemandarunt
429 732 572 817 atquein
580 731 751 817 proximas
761 730 865 797 silvas
873 730 1087 797 abdiderunt.
1108 752 1110 759 ’

106 833 141 898 Is
153 853 262 918 pagus
279 833 516 920 appellabatur
527 833 727 919 Tigurinua:
742 836 945 900 nam'omnis
963 834 1110 900 civitas4

107 935 267 1002 Helvetia
276 939 310 1002 in
318 947 477 1025 quattuor
483 959 590 1025 pagos
599 937 710 1004 divisa
717 948 778 1004 est.
791 938 857 1003 Hic
869 958 977 1024 pagus
991 953 1110 1021 unus,⁵

108 1061 184 1105 cum
198 1039 295 1105 domo
304 1043 572 1128 exissetpatrum
580 1052 771 1110 nostrorum
778 1041 995 1124 memoria,L.
1004 1040 1087 1108 Oas-

108 1144 194 1210 sium
216 1144 387 1211 consulem
417 1147 635 1213 interfecerat
659 1155 693 1212 et
716 1149 787 1213 eius
815 1147 1001 1212 exercitum
1025 1145 1086 1210 sub

108 1248 223 1330 iugum
245 1248 395 1317 miserat.
418 1249 472 1315 Ita
496 1251 567 1316 sive
583 1272 665 1317 casu
690 1251 760 1315 sive
783 1248 926 1316 consilio
950 1249 1109 1315 deorumn

108 1351 356 1437 immortalium,
373 1375 459 1440 quae
471 1375 550 1440 pars
563 1354 715 1421 civitatis
727 1353 907 1420 Helvetiae
919 1354 1086 1438 insignem

108 1453 339 1521 calamitatem
359 1456 482 1542 populo
497 1458 647 1525 Romano
671 1457 844 1540 intulerat,
867 1480 908 1523 ea
930 1459 1086 1544 princeps

109 1580 233 1644 poenas
257 1559 431 1645 persolvit.
456 1561 531 1643 Qua
555 1563 590 1627 in
611 1585 649 1627 re
665 1560 794 1628 Caesar
810 1584 876 1627 non
898 1561 1006 1627 solum
1028 1583 1115 1646 pur.

109 1661 226 1746 blieas,
251 1663 437 1731 sedetiam
460 1667 614 1751 privatas
630 1667 773 1733 iniurias
799 1665 887 1731 ultus
912 1674 973 1749 est,
997 1665 1087 1752 quod

109 1768 179 1832 eius
203 1769 310 1832 sceeri
334 1768 373 1833 L.
397 1769 530 1835 Pisonis
554 1791 665 1854 avum,
687 1769 728 1835 L.
747 1770 903 1836 Pisonem
926 1769 1086 1853 legatum,

107 1868 263 1952 Tigurini
279 1870 396 1936 eodem
411 1871 551 1957 proelio,
568 1894 632 1958 quo
648 1870 816 1956 Cassium,
833 1873 1086 1938 interfecerant.
1109 1904 1113 1910 ·

213 1973 262 2037 13.
285 1973 360 2040 Hoc
383 1974 511 2061 proelio
535 1976 627 2042 facto
650 1975 798 2064 reliquas
822 1978 940 2062 copias
963 1974 1086 2041 Helve-

106 2077 229 2141 tiorum
251 2087 289 2142 ut
311 2080 470 2165 consequi
493 2088 619 2165 posset,
635 2088 770 2166 pontem
787 2081 821 2144 in
836 2079 944 2144 Arare
960 2079 1087 2145 facien·

109 2179 187 2245 dum
209 2189 306 2245 curat
330 2189 432 2269 atque
455 2184 504 2248 ita
525 2184 714 2249 exercitum
737 2181 897 2249 traducit.
936 2182 1108 2248 Helvetiis

107 2285 282 2368 repentino
299 2287 370 2351 eius
386 2285 537 2352 adventu
552 2288 720 2371 commoti,
744 2308 820 2353 cum
841 2286 886 2371 id,
910 2285 1000 2373 quod
1021 2287 1086 2371 ipsi

109 2386 227 2453 diebus
251 2412 298 2454 xx
322 2390 508 2473 aegerrime
532 2390 762 2475 confecerant,
785 2399 823 2456 ut
838 2390 960 2455 flumen
975 2399 1086 2455 trans·

107 2492 204 2575 irent,
221 2490 315 2557 illum
332 2514 398 2559 uno
416 2493 470 2559 die
486 2493 606 2559 fecisse
623 2493 870 2578 intellegerent,
892 2493 1024 2576 legatos
1041 2492 1092 2558 ad·

108 2616 182 2659 eum
204 2596 360 2680 mittunt,
383 2598 479 2662 cuius
498 2594 682 2680 legationis
697 2596 821 2663 Divico
836 2598 995 2682 princeps
1011 2597 1085 2678 fuit,
1110 2638 1111 2643 κ

107 2699 163 2784 qui
187 2697 275 2764 bello
299 2696 466 2766 Cassiano
490 2698 560 2766 dux
575 2698 807 2765 Helvetiorum
830 2700 950 2765 fuerat.
979 2699 1012 2763 Is
1037 2700 1107 2764 itae

106 2823 181 2868 cum
204 2800 353 2869 Caesare
377 2805 464 2887 egit:
488 2805 515 2871 si
532 2802 806 2890 pacempopulus
823 2803 993 2868 Romanus
1010 2825 1085 2869 cum

106 2904 276 2971 Helvetiis
299 2908 439 2993 faceret,
462 2910 497 2974 in
526 2917 754 2993 campartem
782 2909 889 2974 ituros
914 2915 1015 2992 atque
1039 2905 1085 2972 ibi

106 3009 237 3076 futuros
248 3009 434 3096 Helvetios,
450 3011 509 3079 ubi
525 3033 582 3077 eos
598 3009 727 3078 Caesar
739 3012 973 3078 constituisset
984 3018 1087 3095 atque

106 3135 181 3179 esse
203 3113 382 3200 voluisset;
405 3116 456 3181 sin
479 3115 569 3182 bello
591 3116 747 3202 persequi
770 3122 1012 3200 perseveraret,
1035 3134 1108 3177 re·4

105 3217 341 3284 minisceretur
364 3227 398 3284 et
420 3220 546 3285 veteris
575 3218 777 3284 incommodi
806 3216 920 3304 populi
944 3216 1085 3281 Romani

106 3328 140 3385 et
162 3320 328 3405 pristinae
351 3323 489 3388 virtutis
512 3320 757 3388 Helvetiorum.
782 3320 880 3402 Quod
904 3320 1108 3406 improvisos

105 3445 208 3488 unum
237 3446 360 3509 pagum
390 3417 531 3493 adortus
560 3436 667 3512 esset,
701 3448 776 3492 cum
799 3425 840 3507 ii,
875 3424 930 3510 qui
964 3423 1085 3489 flumen

106 3528 323 3616 transissent,
347 3533 416 3598 suis
440 3531 604 3598 auxilium
620 3531 708 3596 ferre
729 3551 795 3595 non
813 3536 963 3615 possent,
986 3550 1033 3597 ne,
1046 3526 1088 3593 ob
