2376 3924
396 221 506 270 innan
524 221 546 283 1,
571 219 648 270 car.
668 220 779 269 oa-al.
1034 217 1076 280 25

97 433 190 494 vero,
221 420 257 475 ut
286 410 438 496 operibus
467 411 590 474 anteire
620 407 794 490 studuerit,
825 409 871 470 sic
898 409 1017 471 iustitia
1046 417 1078 470 et

97 517 260 600 aequitate
283 512 366 577 uelle
389 535 552 599 superare.

183 618 234 681 33.
265 616 388 681 Probat
417 638 487 680 rem
515 624 646 681 senatus
676 614 716 678 de
750 614 915 678 mittendis
948 613 1077 698 legatis,

98 722 164 805 sed,
189 724 243 807 qni
266 723 480 804 mitterentur,
503 741 568 785 non
589 717 844 804 reperiebantur,
873 721 1078 802 maximeque

97 829 219 890 timoris
253 848 351 889 causa
384 846 442 911 pro
476 847 511 889 se
540 827 675 909 quisque
705 822 737 886 id
766 844 883 886 munus
912 822 1078 905 legationis

97 930 277 995 recusabat.
323 929 495 1014 Pompeius
529 930 614 992 enirn
648 926 818 991 discedens
856 925 897 990 ab
931 925 1012 990 urbe
1046 928 1101 990 inc

98 1044 212 1099 senatu
235 1034 364 1097 dixerat
380 1032 494 1097 eodem
517 1053 551 1097 se
574 1031 762 1095 habiturum
784 1029 862 1112 loco,
887 1032 942 1115 qui
956 1031 1079 1094 Romae

97 1141 326 1203 remansissent
348 1150 380 1205 et
404 1141 459 1225 qui
481 1141 515 1203 in
537 1140 650 1203 castris
674 1138 821 1203 Caesaris
844 1137 987 1203 fuissent.
1027 1136 1101 1200 Sica

97 1242 240 1307 triduum
285 1241 555 1329 disputationibus
600 1240 927 1325 excusationibusque
973 1248 1076 1303 extra.

98 1347 192 1409 hitur.
239 1346 401 1431 Subicitur
425 1349 522 1410 etiam
544 1347 583 1411 L.
607 1345 766 1427 Metellus,
793 1344 942 1408 tribunus
965 1343 1080 1428 plebis.

99 1449 140 1513 ab
170 1453 304 1515 inimicis
333 1451 496 1535 Caesaris,
527 1454 581 1536 qui
610 1451 694 1514 hanc
723 1472 792 1513 rem
822 1448 983 1513 distrahat
1011 1447 1079 1535 reli,

100 1576 244 1638 quasque
266 1579 328 1638 res,
353 1576 572 1641 quascumque
594 1576 691 1640 agore
708 1555 890 1634 instituerit,
914 1551 1079 1638 impediat-

100 1656 198 1721 Cuius
222 1662 348 1745 cognito
371 1658 501 1724 consilio
525 1657 645 1723 Caesar
672 1659 793 1722 frustra
823 1654 937 1719 diebus
960 1654 1101 1740 aliquotr

100 1765 305 1848 consumptis
329 1785 370 1827 ne
392 1762 552 1847 reliquum
573 1771 700 1846 tempus
723 1762 860 1843 amittat,
884 1760 1009 1823 infectis
1031 1762 1092 1843 iis,

100 1887 183 1949 quae
206 1888 303 1952 agere
327 1866 556 1949 destinaverat,
580 1865 622 1929 ab
647 1863 727 1928 urbe
747 1864 960 1949 proficiscitur
984 1872 1081 1947 atque

99 1971 131 2033 in
153 1968 337 2034 ulteriorem
361 1969 501 2038 Calliam
524 1971 680 2054 pervenit.

184 2073 234 2138 34.
271 2073 344 2154 Quo
379 2095 453 2137 cum
486 2074 643 2153 venisset,
679 2073 842 2156 cognoscit
876 2073 1008 2135 missum
1042 2070 1080 2132 ia

100 2175 300 2256 Hispaniam
316 2200 336 2241 a
348 2178 501 2264 Pompeio
514 2175 692 2243 Vibullium
707 2175 838 2259 Rufum,
856 2196 952 2260 quem
968 2177 1079 2261 paucis

102 2291 178 2344 ante
209 2279 323 2351 diebus
353 2279 494 2346 Corfinio
528 2291 659 2366 captum
693 2282 761 2365 ipse
796 2278 979 2362 dimiserat3
1018 2299 1103 2363 pror

99 2384 219 2447 fectum
252 2386 330 2451 item
357 2383 537 2449 Domitium
570 2383 612 2447 ad
647 2382 869 2468 occupandam
902 2380 1081 2449 Massiliam

100 2485 237 2551 navibus
266 2489 418 2551 actuariis
446 2496 585 2572 septem,
620 2508 701 2571 quas
729 2483 813 2568 Igilii
838 2494 870 2548 et
900 2487 933 2548 in
957 2483 1082 2549 Cosano

100 2614 119 2654 a
142 2593 277 2676 privatis
300 2600 429 2655 coactas
459 2594 575 2673 servis,
607 2589 743 2671 libertis,
769 2587 887 2653 colonis
910 2591 976 2653 suis
999 2611 1081 2652 com-

99 2693 259 2779 pleverat3
289 2697 483 2781 praemissos
514 2697 611 2759 etiam
641 2693 763 2777 legatos
786 2678 1003 2756 Massilienses
1030 2692 1105 2756 dos

100 2820 204 2881 mum,
241 2798 365 2863 nobiles
399 2797 639 2879 adulescentes,
679 2817 759 2881 quos
793 2795 835 2860 ab
869 2794 950 2861 urbe
984 2796 1083 2861 disce-

101 2901 180 2965 dens
203 2903 377 2989 Pompeius
411 2912 482 2967 erat
515 2901 721 2982 adhortatus,
756 2922 797 2964 ne
827 2922 913 2964 nova
936 2899 1084 2966 Caesaris

101 3005 207 3069 officia
234 3014 383 3078 veterum
412 3027 543 3069 suorum
571 3003 803 3068 beneficiorum
830 3005 865 3067 in
887 3026 941 3070 eos
967 3027 1089 3070 memo--

99 3112 181 3173 riam
208 3108 414 3195 expellerent.
461 3108 589 3190 Quibus
619 3106 780 3172 mandatis
809 3110 949 3194 acceptis
971 3109 1106 3174 Massi-r

100 3212 215 3277 lienses
238 3220 348 3298 portas
371 3211 504 3276 Caesari
526 3211 726 3287 clauserant3
749 3211 898 3296 Albicos,
927 3212 1084 3276 barbaros

101 3316 262 3400 homines,
292 3318 348 3400 qui
375 3318 409 3381 in
439 3338 551 3381 eorum
579 3315 644 3379 fide
673 3308 849 3400 antiquitus
878 3325 970 3379 erant
998 3336 1083 3378 mon-

100 3429 215 3505 tesque
244 3440 343 3507 supra
370 3419 550 3485 Massiliam
575 3418 775 3502 incolebant,
811 3418 853 3483 ed
882 3441 915 3482 se
949 3440 1083 3482 vocave-

100 3533 191 3619 rant3
224 3522 344 3599 fiumsx
604 3525 672 3595 imis
699 3521 887 3608 regionibus
915 3530 1012 3606 atque
1042 3544 1107 3588 exo
