2376 3924
349 218 398 267 AD
417 218 520 267 BELL.
540 219 644 269 ALEX.
666 223 757 273 1-13,
960 225 1048 275 XLIX

66 407 163 459 tentia.
193 406 266 456 idem
285 412 426 456 senserunt
443 407 556 468 Kraner,
575 407 696 457 Dilbnor.
720 437 753 449 -
781 411 804 470 ξ.
823 410 853 469 4;
881 426 981 480 beappo
999 431 1048 466 ne.

66 492 142 561 potio
155 491 277 558 impetus
289 491 412 544 bostiam
424 491 556 544 adversos
569 507 608 544 ea
626 492 831 546 munitionibus
850 497 1011 552 sustines
1019 501 1047 571 il]

67 581 150 630 etiam
169 578 203 629 de
220 577 272 628 hoc
290 577 350 627 loco
370 578 461 626 monui
479 578 526 626 vix
544 585 617 628 recte
635 577 733 627 fecisse
752 579 959 644 Nipperdeium,
983 602 1045 637 cum

66 671 177 731 propter
199 680 283 714 unum
307 663 366 714 cod.
391 679 411 717 a
434 664 663 729 praepositionem
688 678 723 715 ex
747 667 888 717 omitteret.
919 685 981 720 cum
1005 689 1045 722 se-

67 757 166 817 quatur
185 748 286 815 qaibas
304 746 411 801 relictis
429 764 479 801 aec
498 748 555 801 loco
573 764 623 801 aec
640 764 756 801 stantano
775 767 861 818 pares
880 768 938 806 esse
953 770 1046 823 posse,

66 838 149 887 etiam
167 841 252 901 patet,
275 836 426 885 sententiae
444 837 499 884 vim
517 837 621 885 versari
640 837 667 885 in
686 836 864 902 significando
883 839 952 904 loco,
973 844 1045 892 unde

65 927 265 988 propugnatur,
293 937 347 971 non
370 922 398 969 in
422 921 588 972 defensionis
611 928 642 972 ut
667 938 728 972 cum
746 927 930 990 grammaticis
949 927 1046 993 loquar

65 1010 250 1060 instrumento.
277 1023 328 1056 nec
351 1007 461 1072 probari
483 1011 585 1072 potest,
612 1010 685 1072 quod
709 1010 803 1059 invitis
822 1012 948 1062 omnibus
966 1013 1044 1063 libris

65 1093 223 1160 Nipperdey
246 1110 362 1158 eumque
389 1095 476 1144 secuti
498 1095 613 1157 Kraner,
637 1095 757 1156 Diibner‚
782 1098 880 1148 Dinter
904 1098 1044 1152 sustinere

64 1196 113 1246 pro
126 1178 265 1232 sustineri
277 1181 452 1245 scripserunt.
470 1208 503 1217 -
522 1183 546 1243 §-
559 1182 588 1229 8:
606 1179 650 1231 ita
662 1178 733 1249 faya
745 1182 919 1250 aaotbasqae
930 1191 1044 1239 nostros

62 1264 286 1336 prohibituros-ll
314 1267 602 1334 peniculamenta,
630 1284 711 1332 qnam
730 1270 885 1335 Nipperdey
904 1274 1043 1325 codicibus

66 1353 109 1408 ab
129 1354 275 1403 obsecutus
293 1355 354 1416 post
377 1350 421 1402 e'to
439 1353 567 1414 inseruit,
594 1352 676 1417 plane
699 1352 831 1404 absonam
851 1371 910 1408 esse
930 1361 964 1409 ab
984 1378 1044 1411 scn-

35 1442 39 1451 '
65 1441 168 1490 tentiae
187 1437 278 1488 indole
297 1438 362 1488 olim
380 1440 434 1488 iam
449 1440 549 1488 monui.
567 1439 674 1488 Kraner
692 1442 785 1491 tamese
804 1444 913 1510 recepit,
931 1446 1045 1496 Diibner

63 1529 163 1578 Dinter
181 1527 339 1578 omiserunt.

167 1656 191 1689 c.
210 1641 234 1702 9,
252 1639 282 1686 3:
306 1636 396 1705 paalo
413 1652 526 1706 snpra
544 1637 770 1709 Alexandriam]
798 1655 889 1707 capra
913 1643 989 1693 deest
1012 1646 1040 1695 in

64 1725 144 1787 aba,
168 1729 256 1776 exstat
272 1725 301 1774 in
324 1723 395 1785 fhl3
421 1724 577 1790 Nipperdey
600 1723 679 1777 altra
703 1726 822 1777 scribere
844 1728 942 1779 maluit
958 1730 1041 1796 idque

63 1815 162 1865 Dinter
179 1811 290 1876 recepit.

167 1924 299 1987 c.10,1:
327 1921 440 1974 suadere
463 1921 538 1989 abs,
565 1922 665 1989 reliqui
687 1923 798 1976 aadora‘
824 1926 939 1989 habent,
969 1930 1042 1994 quod

63 2012 162 2061 Dinter
180 2007 273 2060 edidit.

167 2129 190 2164 c.
214 2115 254 2175 12,
280 2113 311 2160 l:
338 2109 514 2180 quibas...]
542 2112 683 2173 lacunam,
712 2129 793 2178 quam
819 2115 949 2166 Davisius
977 2124 1039 2168 ante

63 2198 164 2268 quibas
184 2197 393 2264 significaverat,
412 2214 474 2248 cum
486 2198 650 2263 Nipperdeio
670 2205 731 2263 post
749 2199 850 2265 quibas
869 2205 975 2261 notavi:
993 2206 1040 2253 vix

62 2289 134 2338 enim
162 2285 297 2336 sententia
324 2282 424 2349 qaebas
451 2287 478 2335 ei
504 2284 698 2350 superioribas
725 2284 793 2338 loeis
820 2285 1039 2340 sublevabantur

61 2375 170 2439 integra
182 2371 277 2421 haberi
289 2375 385 2435 potest.
406 2371 503 2420 Dinter
515 2376 606 2420 tamen
620 2371 704 2421 edidit
721 2375 754 2423 at
772 2373 829 2421 vix
847 2387 881 2424 ete
900 2371 1040 2437 aedificiis

63 2456 178 2524 defendi
192 2471 276 2524 posse
294 2472 328 2505 se
347 2455 575 2519 confiderent,
594 2455 694 2522 quibas
713 2461 740 2509 et
757 2457 952 2524 superioribas
971 2458 1039 2512 locis

61 2543 288 2599 sublevabantur.

166 2664 189 2697 c.
208 2649 248 2711 1³,
267 2647 296 2696 ὗε
325 2645 430 2699 Caesar
450 2645 580 2700 Rhodias
601 2659 687 2698 naves
704 2645 801 2698 VIIII
820 2645 940 2698 babebat
965 2648 1041 2714 (stane

62 2735 153 2789 decem
170 2733 266 2786 missia
283 2748 344 2786 aaa
366 2733 398 2785 ia
421 2748 509 2786 caesa
531 2732 638 2785 litore
655 2732 796 2801 Aeyypte'o
815 2730 974 2804 defecerat]
1000 2752 1040 2786 re·

61 2823 134 2872 movi
156 2823 211 2871 iam
232 2821 368 2884 inpriore
388 2821 507 2871 editione
525 2834 624 2880 uncos,
652 2819 749 2882 quibus
768 2819 925 2885 Nipperdey
942 2836 1040 2872 vocem

61 2907 145 2960 litore
161 2907 318 2966 incluserat,
338 2923 400 2958 cum
412 2908 496 2956 verba
514 2904 546 2957 aba
563 2919 650 2958 carate
669 2911 696 2956 ei
714 2903 795 2958 litore
808 2905 950 2974 Aepypte'o
969 2908 1040 2958 inter

60 3010 90 3045 se
109 2993 247 3044 contraria
268 3008 327 3042 esse
351 2998 466 3058 putaret.
497 2997 525 3041 at
547 3006 711 3056 quamquam
730 3007 824 3042 cursus
843 2993 871 3041 in
890 2993 969 3042 litore
988 2995 1040 3044 Ae-

61 3080 154 3146 gyptio
172 3078 272 3139 finitus,
291 3083 382 3128 tamen
401 3095 455 3128 non
473 3080 502 3126 in
521 3077 617 3142 quovis
635 3078 724 3127 litoris
743 3077 803 3128 loco
819 3078 1040 3142 contemserint,

59 3165 141 3216 immo
160 3164 309 3215 verisimile
328 3170 377 3227 est,
395 3181 479 3214 naves
496 3163 592 3215 Rhodo
612 3163 740 3214 advectas
758 3168 905 3228 antequam
923 3163 1038 3214 Alexan-

60 3251 147 3302 driam
173 3251 359 3315 pervenirent,
390 3251 538 3301 secundum
565 3251 683 3315 Aegypti
709 3250 774 3299 litus
799 3265 907 3299 cursum
932 3249 1038 3302 fecisse.

60 3337 187 3403 displicet
210 3337 291 3387 etiam
309 3337 338 3385 in
356 3335 504 3401 Nipperdei
522 3336 629 3399 verbis,
656 3335 728 3400 quod
751 3335 828 3385 deest
856 3335 911 3384 loci
936 3333 1037 3398 signifi·

61 3425 144 3486 catio,
170 3423 219 3473 ubi
242 3423 320 3472 navis
340 3422 476 3473 defecerit.
507 3421 639 3472 defecisse
657 3423 685 3470 in
704 3437 785 3472 cursu
802 3419 937 3484 Aegyptio
956 3420 1036 3468 etiam

45 3509 93 3562 .de
111 3511 176 3560 navi
194 3509 347 3574 praedicari
365 3513 479 3573 poterat,
499 3523 569 3572 quae
588 3524 647 3558 cum
668 3523 700 3557 ex
718 3507 808 3558 Rhodi
826 3511 906 3571 portu
920 3506 966 3554 vix
984 3507 1037 3556 sol·

109 3620 196 3664 Caesar.
210 3619 239 3662 II.
863 3610 883 3659 d
