2376 3924
110 231 152 295 34
439 230 488 279 DE
507 229 627 280 BELLO
648 229 760 279 CIVlLI

111 431 290 507 pugnatum
318 430 381 502 ost,
416 423 541 504 magnis
574 419 723 505 operibus
755 421 939 494 munierunt
973 423 1096 505 praesi-

112 526 264 609 diumque
287 523 332 587 ibi
355 534 541 609 posuerunt.

197 627 248 691 48.
283 627 412 692 Accidit
435 629 532 691 etiam
554 629 758 713 repentinum
784 626 1024 691 incommodum
1047 627 1096 692 bi·

111 731 192 814 duo,
222 752 285 818 quo
314 725 395 795 haec
423 739 516 816 gesta
545 740 627 795 sunt.
674 732 780 795 Tanta
808 732 893 795 enim
914 740 1098 816 tempestas

111 837 261 918 cooritur,
285 844 322 901 ut
336 856 513 918 numquam
534 833 594 898 illis
616 833 692 898 locis
715 837 853 898 maiores
876 857 977 920 aquas
993 835 1097 900 fuisse

91 948 284 1008 iconstaret.
330 940 414 1002 Tum
444 948 552 1003 autem
579 961 621 1002 ex
645 938 793 1002 omnibus
816 938 977 1003 montibus
1000 940 1097 1004 nives

114 1042 232 1129 proluit
260 1065 299 1106 ac
328 1064 470 1106 summas
498 1045 585 1127 ripas
614 1042 755 1106 fluminis
779 1044 945 1126 superavit
966 1051 1097 1126 pontes-

114 1168 176 1230 que
206 1144 317 1228 ambo,
347 1167 427 1229 quos
451 1144 486 1209 C.
509 1144 632 1209 Fabius
659 1145 797 1227 fecerat,
829 1167 894 1209 uno
917 1144 969 1213 die
998 1147 1098 1210 inter-

91 1250 208 1333 arupit.
233 1250 390 1330 Quaeres
406 1272 540 1334 magnas
553 1248 757 1313 difficultates
776 1251 932 1313 exercitui
945 1248 1099 1315 Caesaris

114 1353 227 1418 attulit.
252 1353 367 1418 Castra
383 1356 478 1435 enim,
502 1365 538 1419 ut
559 1377 656 1439 supra
673 1354 928 1420 demonstratum
944 1364 1002 1438 est,
1019 1378 1099 1420 eum

115 1468 222 1522 essent
244 1459 328 1522 inter
350 1458 483 1522 flumina
507 1459 581 1540 duo,
606 1459 741 1524 Sicorim
764 1468 795 1522 et
818 1457 965 1543 Cingam,
989 1461 1097 1544 spatio

115 1561 237 1627 milium
266 1580 355 1644 xxx,
384 1572 535 1626 neutrum
562 1563 678 1626 horum
707 1563 834 1626 transiri
864 1571 1006 1647 poterat,
1040 1586 1098 1628 ne·

94 1669 319 1750 ecessarioque
344 1688 453 1730 omnes
477 1665 525 1729 his
548 1666 704 1750 angustiis
728 1664 986 1731 continebantur.
1032 1666 1098 1731 Ne-

117 1793 179 1855 que
208 1772 371 1850 civitatee,
406 1791 490 1853 quae
519 1768 562 1832 ad
585 1767 732 1832 Caesaris
756 1770 930 1833 amicitiam
952 1791 1098 1834 accesse-

116 1883 198 1955 rant,
222 1873 419 1936 frumentum
435 1879 635 1956 supportare,
659 1893 764 1955 neque
780 1873 811 1954 ii,
835 1873 889 1956 qui
905 1870 1099 1956 pabulatum

116 1978 241 2062 longius
265 1977 426 2061 progressi
450 1985 552 2058 erant,
580 1975 741 2040 interclusi
765 1975 951 2040 fluminibus
973 1978 1098 2040 reverti

117 2102 221 2166 noque
250 2081 382 2144 maximi
411 2089 621 2162 commeatus,
654 2081 708 2164 qui
737 2103 780 2143 cx
807 2078 902 2144 Italia
924 2077 1098 2165 Galliaque

96 2185 303 2266 eveniebant,
327 2187 358 2247 in
376 2193 482 2248 castra
496 2185 667 2268 pervenire
684 2192 841 2269 poterant.
866 2184 1008 2268 Tempus
1025 2193 1098 2248 erat

118 2302 227 2356 autem
248 2288 479 2370 difficillimum,
503 2310 566 2372 quo
588 2309 694 2372 neque
717 2287 879 2351 frumenta
895 2309 937 2351 ex
951 2285 1098 2351 hibernis

95 2405 211 2461 aerant
233 2415 381 2478 novaque
405 2391 540 2456 multum
562 2415 582 2455 a
604 2393 789 2455 maturitate
813 2390 963 2474 aberant,
994 2414 1033 2455 ac
1053 2394 1098 2463 ‚ei-

116 2502 233 2564 vitates
262 2499 463 2577 exinanitae,
493 2494 580 2580 quod
602 2495 758 2560 Afranius
787 2518 890 2581 paene
914 2512 1009 2560 omne
1031 2495 1097 2561 fru-

116 2613 261 2667 mentum
290 2612 364 2666 ante
387 2600 536 2666 Caesaris
564 2599 741 2664 adventum
768 2600 911 2664 Ilerdam
938 2622 1099 2665 convexe-

117 2717 177 2789 rat,
202 2707 315 2790 reliqui
331 2707 357 2770 si
373 2703 451 2791 quid
466 2704 582 2785 fuerat,
608 2701 728 2767 Caesar
746 2702 965 2788 superioribus
980 2702 1099 2769 diebus

118 2818 374 2895 consumpserat3
407 2830 540 2893 pecora,
564 2805 651 2891 quod
675 2806 853 2871 seeundum
875 2815 1003 2892 poterat
1025 2829 1098 2873 esse

118 2915 243 2997 inopiae
267 2911 454 2994 subsidium,
478 2920 610 2997 propter
630 2909 750 2975 bellum
772 2911 927 2976 finitimae
950 2912 1099 2978 civitates

97 3017 242 3101 rlongius
276 3025 490 3080 removerant.
536 3016 600 3096 Qui
629 3023 722 3078 erant
750 3014 926 3099 pabulandi
954 3024 1011 3079 aut
1032 3014 1099 3080 fru-

118 3118 283 3185 mentandi
307 3141 404 3183 causa
427 3121 597 3204 progressi,
622 3118 680 3182 hos
702 3118 781 3182 levis
804 3128 988 3184 armaturae
1004 3117 1099 3185 Lusi·

118 3225 186 3290 tani
209 3224 367 3309 peritique
391 3244 503 3286 earum
526 3225 694 3307 regionum
722 3223 835 3287 cetrati
863 3222 1018 3287 citerioris
1040 3222 1099 3289 Hi-

120 3330 250 3414 spaniae
268 3325 551 3408 consectabantur3
577 3324 693 3411 quibus
709 3335 779 3390 erat
802 3327 942 3412 proclive
965 3334 1099 3393 tranare

119 3434 249 3516 flumen,
275 3430 362 3518 quod
385 3428 581 3495 consuetudo
605 3451 716 3495 eorum
739 3432 881 3496 omnium
896 3439 954 3514 est,
977 3439 1014 3495 ut
1029 3432 1099 3496 sine

118 3535 243 3603 utribus
267 3536 309 3601 ad
332 3536 511 3600 exereitum
533 3555 598 3598 non
619 3542 705 3598 eant.
