2376 3924
504 227 580 276 car.
600 227 676 276 a-e.
1013 226 1076 292 295

98 439 213 484 versus
246 417 400 504 oppidum
423 437 441 481 e
463 418 596 501 regione
630 418 735 501 pontis
769 425 886 498 castra,
919 425 1077 503 utsupra

99 524 294 610 scripsimus,
317 522 489 607 tripartito.
524 520 599 585 Huc
622 542 696 584 cum
718 520 891 605 Pompeius
915 542 990 585 cum
1012 523 1099 585 suis³

100 628 200 712 copiis
215 627 365 707 venisset,
390 648 433 688 ex
455 624 593 688 adverso
616 627 686 710 pari
708 626 832 689 ratione
848 633 955 688 castra
979 627 1077 709 ponit.

101 728 232 811 Caesar,
254 736 291 793 ut
314 749 388 791 eum
411 726 452 791 ab
477 727 594 812 oppido
617 738 863 812 commeatuque
879 726 1077 811 excluderet,

100 831 272 897 brachium
295 831 338 895 ad
361 840 492 916 pontem
515 830 635 894 ducere
658 833 773 916 coepit.
797 831 874 895 Pari
895 829 982 895 idem
1005 853 1077 896 con-

100 935 226 1000 dicione
260 935 441 1020 Pompeius.
487 935 552 998 Hic
584 936 668 998 inter
702 934 802 998 duces
835 934 916 999 duos
946 932 983 998 fit
1005 951 1102 998 oon-4

99 1040 209 1120 tentio,
243 1047 316 1102 uter
349 1040 437 1123 prius
469 1046 598 1122 pontem
621 1045 807 1122 occuparem
854 1059 896 1101 ex
918 1059 984 1122 qua
1006 1060 1078 1103 con·

100 1143 242 1206 tentione
265 1141 427 1206 cotidiana
455 1144 579 1206 minuta
603 1141 723 1226 proelia
751 1140 883 1223 fiebant,
917 1150 954 1205 111
981 1141 1077 1206 modo

99 1243 142 1327 hi,
172 1266 414 1330 nonnumquam
444 1244 487 1308 illi
515 1247 696 1329 superiores
726 1244 938 1309 discederent.
984 1244 1100 1326 Quae5

99 1370 152 1413 res
189 1370 263 1412 cum
300 1348 342 1413 ad
378 1350 534 1412 maiorem
573 1350 810 1412 contentionem
846 1350 997 1430 venisset,
1035 1347 1077 1413 ab

99 1453 243 1536 utrisque
281 1455 459 1517 comminus
498 1475 606 1537 pugna
643 1453 763 1537 iniqua,
808 1452 887 1516 dum
931 1450 1077 1537 cupidius

100 1555 205 1618 locum
238 1555 371 1619 student
404 1564 524 1637 tenere,
560 1564 691 1640 propter
725 1563 856 1640 pontem
889 1562 1077 1640 coangusta-

99 1659 229 1743 bantur,
251 1659 392 1724 fluminis
424 1660 511 1744 ripas
546 1661 841 1744 appropinquantes
874 1659 1077 1743 coangustati

100 1762 407 1849 praecipitabantur.
452 1763 516 1827 Hic
554 1761 684 1827 alternis
728 1785 793 1827 non
835 1761 938 1826 solum
980 1763 1098 1826 mortio

100 1875 236 1931 mortem
265 1865 521 1952 exaggerabant,
555 1865 613 1930 sed
646 1865 785 1930 tumulos
818 1864 949 1929 tumulis
983 1887 1078 1931 exae-

100 1971 254 2056 quabant.
299 1973 350 2036 Ita
379 1970 493 2036 diebus
525 1969 743 2055 compluribus
772 1968 923 2055 cupiebat
946 1966 1077 2051 Caesar,

100 2077 127 2139 si
160 2097 225 2160 qua
258 2075 444 2139 condicione
479 2082 595 2159 posset,
635 2074 839 2138 adversarios
872 2075 905 2136 in
938 2093 1078 2157 aequum

101 2179 206 2243 locum
228 2177 391 2243 deducere
414 2186 446 2241 et
468 2180 571 2263 primo
595 2198 724 2261 quoque
753 2186 897 2262 tempore
926 2175 967 2240 de
994 2175 1077 2240 bello

101 2281 286 2346 decernere.

186 2385 376 2450 eldeum
406 2384 680 2449 animadverteret
709 2382 914 2448 adversarios
947 2383 1078 2447 minime

102 2489 194 2572 velle,
233 2511 296 2574 quo
331 2511 395 2571 ece,
433 2489 594 2574 quomodo
629 2486 671 2552 ab
704 2486 780 2552 Ulia
810 2494 1005 2566 retraxerat,
1044 2488 1077 2549 iu

101 2615 242 2678 aequum
269 2593 455 2674 deduceret,
491 2593 591 2678 copiis
623 2591 755 2655 flumine
788 2589 946 2654 traductis
979 2596 1078 2653 noctu

101 2696 191 2761 iubet
212 2698 304 2781 ignes
326 2697 397 2760 fieri
420 2717 555 2780 magnos
568 2745 661 2759 .....
686 2697 732 2758 ita
762 2694 981 2758 firmissimum
1008 2693 1078 2755 eius

101 2799 297 2884 praesidium
319 2798 484 2883 Ateguam
506 2799 728 2885 proficiscitur.
753 2796 793 2861 Id
816 2819 889 2861 eum
904 2796 1098 2880 Pompeius²

100 2926 144 2967 ex
166 2902 311 2988 perfugis
334 2903 485 2967 rescisset
507 2905 528 2984 †
552 2923 617 2986 qua
640 2899 692 2963 die
714 2898 902 2963 facultatem
924 2907 957 2962 et
979 2919 1078 2982 angu-

101 3008 199 3070 stias.
215 3057 221 3070 .
236 3055 264 3069 ..
289 3028 383 3069 carra
406 3003 572 3090 complura
594 3002 762 3088 mulosque
786 3010 917 3067 onustos
939 3002 1078 3066 retraxit

100 3117 133 3173 et
155 3109 198 3173 ad
220 3108 408 3174 Cordubam
441 3130 475 3173 se
508 3109 639 3194 recepit.
691 3106 813 3171 Caesar
847 3104 1098 3169 munitionibus³

101 3210 265 3298 Ateguam
288 3235 477 3298 oppugnare
500 3222 533 3277 et
554 3212 689 3277 brachia
705 3210 947 3276 circumducere
962 3210 1076 3294 coepit.

101 3317 167 3398 Qui
190 3339 264 3381 cum
287 3313 350 3403 [de]
373 3317 526 3403 Pompeio
549 3318 680 3380 nuntius
703 3324 788 3380 esset
810 3313 934 3396 allatus,
964 3334 1001 3377 eo
1025 3311 1077 3375 die

100 3420 324 3506 proficiscitur.
370 3419 470 3486 Cuius
506 3422 540 3485 iu
577 3419 754 3484 adveutum
790 3417 942 3504 praesidii
979 3431 1099 3481 causas

101 3521 222 3589 Caesar
257 3542 327 3587 cum
362 3523 529 3609 complura
562 3521 693 3587 castella
728 3528 927 3606 occupasset,
960 3521 1079 3606 partim
