2376 3924
122 234 165 297 44
451 233 500 282 nu
519 230 639 282 annno
660 229 773 284 c1v1n1

123 426 211 486 xima
233 420 433 485 intercedere
461 423 582 484 itineris
613 423 816 506 campestris,
845 419 921 486 inde
950 420 1104 504 excipere
1156 480 1161 504 Ι.

122 524 192 589 loca
221 546 336 610 aspera
364 531 396 587 et
429 531 612 607 montuosa3
647 526 702 609 qui
735 525 822 609 prior
849 522 907 586 has
929 522 1106 606 ‚angustias

124 630 343 714 occupaverit,
384 627 426 691 ab
465 627 525 692 hoo
564 627 688 691 hostem
722 626 886 712 prohiberi
919 625 998 690 nihil
1032 647 1105 691 esse

123 735 251 818 negotii.

209 836 259 900 67.
284 837 478 920 Disputatur
500 838 534 900 in
556 835 685 900 consilio
709 858 729 898 a
744 836 871 899 Petreio
895 843 992 919 atque
1008 833 1105 898 Afra·

123 941 175 1004 nio
199 936 231 1003 et
253 948 380 1025 tempus
410 940 614 1025 profectionis
638 941 813 1025 quaeritur.
858 937 1008 1022 Plerique
1032 960 1106 1002 cen-

124 1043 253 1127 sebant,
282 1053 319 1107 nt
346 1053 444 1108 noctu
465 1046 527 1107 iter
556 1043 717 1108 facerent:
750 1064 844 1127 posse
872 1045 960 1128 prius
984 1040 1029 1106 ad·
1051 1064 1106 1106 an·

102 1151 245 1233 2gustias
273 1150 391 1230 veniri,
420 1170 519 1234 quam
546 1150 727 1212 sentiretur.
773 1145 853 1230 Alii,
884 1145 971 1232 quod
999 1145 1106 1231 pridie

118 1260 221 1315 noctu
249 1251 484 1315 conclamatum
507 1259 591 1316 esset
619 1253 652 1315 in
675 1250 824 1314 Caesaris
853 1251 981 1331 castris,
1011 1271 1107 1334 argu-

103 1358 224 1427 amenti
247 1354 417 1419 sumebant
439 1353 507 1420 loco
530 1377 595 1420 non
617 1377 710 1440 posse
734 1353 817 1418 clam
839 1355 931 1417 exiri.
962 1351 1107 1416 Circum-

123 1459 214 1523 fundi
227 1469 323 1524 noctu
335 1461 514 1544 equitatum
527 1457 675 1523 Caesaris
692 1467 789 1543 atque
802 1457 909 1521 omnia
923 1455 993 1520 loca
1005 1464 1107 1542 atque

123 1565 239 1627 itinera
267 1562 430 1646 obsidere,
460 1572 681 1647 nocturnaque
712 1561 833 1648 proelia
861 1551 942 1626 esse¹
959 1561 1107 1644 vitanda,

125 1666 211 1752 quod
245 1668 434 1752 perterritus
468 1666 559 1730 miles
588 1669 621 1729 in
654 1665 738 1730 civili
767 1666 964 1730 dissensione
998 1667 1108 1731 timori

103 1773 227 1855 imagis
250 1792 348 1855 quarn
369 1768 515 1854 religioni
538 1769 704 1834 consulere
727 1773 897 1834 consuerit.
931 1769 978 1834 At
999 1769 1108 1835 lucem

125 1872 260 1936 multum
276 1895 334 1957 per
350 1895 384 1936 se
400 1872 558 1957 pudorem
574 1875 716 1953 omnium
732 1872 839 1956 oculis,
855 1874 992 1938 multum
1007 1876 1108 1939 etiam

126 1974 328 2039 tribunorum
357 1976 494 2040 militum
516 1985 549 2040 et
571 1978 795 2040 centurionum
817 1979 1036 2062 praesentiam
1062 1978 1107 2042 af-

125 2079 226 2162 ferre,
263 2078 378 2164 quibus
411 2080 509 2144 rebus
543 2082 685 2145 coerceri
718 2079 834 2145 milites
868 2089 901 2145 et
933 2082 966 2144 in
1000 2080 1107 2146 officio

103 2185 281 2257 scontinori
304 2183 436 2248 soleant.
482 2185 593 2267 Quare
617 2186 702 2248 omni
724 2186 848 2249 ratione
872 2204 942 2250 esse
964 2184 1108 2250 interdiu

125 2288 416 2373 perrumpendum:
433 2291 492 2352 etsi
508 2287 614 2373 aliquo
629 2298 761 2374 accepto
778 2288 980 2372 detrimento,
996 2299 1107 2354 tamen

125 2414 250 2455 summa
280 2394 443 2456 exercitus
474 2391 564 2456 salva
593 2392 699 2456 locum
706 2442 714 2475 ,
751 2415 848 2478 quem
877 2401 1005 2479 petant,
1026 2378 1108 2480 'capi

102 2517 227 2579 iposse.
273 2496 365 2559 Haec
388 2496 507 2559 evincit
528 2497 561 2558 in
584 2494 714 2559 consilio
739 2499 913 2579 sententia,
941 2505 974 2561 et
1001 2500 1108 2584 prima

125 2598 194 2661 luce
218 2598 371 2682 postridie
394 2601 591 2663 constituunt
613 2600 781 2684 proficisci.

211 2701 261 2766 68.
298 2702 420 2768 Caesar
448 2703 623 2790 exploratis
652 2704 837 2789 regionibus
866 2704 995 2769 albente
1017 2704 1107 2770 caelo

127 2829 236 2869 omnes
260 2811 367 2892 copias
391 2811 503 2873 castris
527 2809 635 2872 cducit
657 2830 840 2893 magnoque
863 2809 999 2874 circuitu
1020 2808 1108 2874 nullo

127 2920 215 2973 certo
238 2914 351 2975 itinere
375 2915 554 2977 exercitum
577 2912 674 2977 ducit.
712 2913 797 2977 Nam
819 2936 903 2998 quae
925 2916 1042 2979 itinera
1064 2913 1108 2978 ad

127 3013 288 3077 Hiberum
316 3025 413 3099 atque
438 3018 633 3100 Octogesam
661 3016 882 3103 pertinebant,
912 3020 1025 3083 castris
1054 3017 1109 3083 ho·

106 3118 224 3185 1111111
247 3119 398 3202 oppositis
422 3117 624 3184 tenebantur.
669 3121 735 3206 lpsi
765 3130 857 3185 erant
880 3120 1108 3187 transcenden-

127 3222 188 3286 dae
221 3219 321 3285 valles
355 3225 516 3287 maximae
550 3247 589 3288 ac
622 3224 845 3309 difficillimae,
887 3249 968 3291 saxa
999 3226 1109 3292 multis
1173 3252 1176 3257 ·

127 3324 203 3390 locis
219 3335 394 3412 praerupta
410 3329 471 3391 iter
488 3327 716 3413 impediebant,
740 3339 776 3394 ut
798 3353 889 3394 arma
911 3353 970 3416 per
992 3352 1109 3396 manus

127 3431 308 3493 necessario
337 3430 559 3514 traderentur,
582 3431 761 3518 militesque
790 3436 929 3498 inermes
962 3432 1109 3500 subleva·

128 3534 218 3617 tique
253 3531 306 3596 alii
342 3533 383 3598 ab
418 3533 486 3600 aliis
520 3557 673 3620 magnam
705 3547 831 3622 partem
864 3539 986 3602 itineris
1015 3539 1113 3605 eonfi-
