2376 3924
347 227 459 279 LIBER
475 227 536 289 VII,
560 225 636 278 OAP.
654 223 765 278 ⁶245.
982 225 1046 290 205

68 416 245 484 obsidibus
268 437 397 483 summa
412 437 488 483 oum
502 415 706 482 contumelia
722 417 875 498 extortis,
899 426 932 483 et
946 438 1046 503 quam

69 523 105 587 in
127 521 298 587 fortunam
320 541 486 606 quamque
508 521 543 584 in
566 518 822 605 amplitudinem
838 518 1046 603 deduxisset,

70 634 107 690 ut
130 646 198 690 non
221 623 329 690 colum
353 625 387 689 in
410 625 589 710 pristinum
619 633 744 691 statum
773 622 951 707 redissent,
986 623 1046 690 sed

70 730 409 815 omniumtemporum
418 726 617 814 dignitatem
626 729 813 813 etgratiam
822 729 1047 794 antecessisse

68 833 276 900 viderentur.
305 832 369 897 His
393 831 482 898 datis
506 831 676 899 mandatis
701 854 758 898 eos
782 831 825 898 ab
849 854 885 897 se
910 832 1046 897 dimisit.

154 935 207 1004 55.
230 935 468 1002 Noviodunum
497 946 570 1002 erat
600 938 758 1023 oppidum
780 935 974 1002 Aeduorum
1003 934 1047 1002 ad

67 1044 162 1129 ripas
185 1040 321 1126 Ligeris
346 1049 532 1126 opportuno
556 1041 629 1107 loco
653 1043 808 1128 positum.
832 1039 1069 1106 Hucansar²

70 1170 186 1214 omnes
210 1144 345 1212 obsides
371 1142 518 1230 Galliae,
547 1145 760 1230 frumentum,
788 1146 966 1233 pecuniam
988 1167 1047 1231 pu·

69 1251 206 1335 blicam,
241 1271 377 1317 suorum
405 1258 507 1336 atque
531 1251 701 1317 exercitus
735 1250 1047 1337 impedimentorum

69 1375 230 1439 magnam
244 1362 375 1440 partem
390 1353 598 1438 contulerat;
621 1352 686 1418 huc
702 1374 860 1437 magnum
875 1366 1069 1419 numerum³

69 1479 231 1546 equorum
253 1454 352 1522 huius
376 1455 457 1523 belli
473 1478 578 1523 causa
595 1459 629 1523 in
645 1457 749 1525 Italia
764 1468 865 1544 atque
881 1457 1047 1545 Hispania

70 1571 239 1630 coemtum
261 1561 411 1627 miserat.
454 1558 506 1625 Eo
529 1582 605 1625 cum
626 1559 838 1647 Eporedorix
858 1560 1071 1625 viridomas

69 1687 194 1753 rusque
209 1665 382 1730 venissent
399 1673 434 1730 et
450 1662 492 1728 de
508 1672 602 1730 statu
617 1665 770 1732 civitatis
797 1666 1049 1748 cognovissent,

70 1770 287 1835 Litaviccum
301 1765 456 1834 Bibracti
479 1767 523 1832 ab
538 1766 666 1833 Aeduis
689 1779 869 1856 receptum,
893 1766 1048 1854 quodest

72 1871 232 1959 oppidum
253 1871 344 1959 apud
360 1891 417 1937 eos
439 1871 608 1937 maximae
624 1873 849 1955 auctoritatis,
873 1870 1050 1940 Convicto-

71 1976 204 2043 litavim
232 1977 469 2063 magistratum
498 1995 721 2062 magnamque
749 1986 881 2063 partem
911 1987 1049 2043 senatus

71 2079 118 2147 ad
141 2102 216 2146 eum
238 2081 448 2166 convenisse,
471 2079 603 2165 legatos
620 2080 665 2147 ad
676 2080 993 2165 Vercingetorigem
1008 2080 1049 2146 de

72 2183 1050 2272 paceetamicitiaconciliandapublicemissos,nonprae·

17 2284 21 2290 ’
73 2287 326 2357 termittendum
359 2297 492 2355 tantum
519 2287 729 2356 commodum
758 2288 1050 2354 existimaverunt.

72 2394 194 2480 ltaque
216 2393 406 2459 interfectis
428 2391 620 2459 Novioduni
643 2390 842 2458 custodibus
866 2392 988 2478 quique
1011 2411 1074 2457 eoo

72 2496 272 2583 negotiandi
285 2518 390 2564 causa
402 2504 643 2580 convenerant,
654 2497 940 2583 pecuniamatque
948 2518 1051 2582 equos

73 2604 164 2669 inter
178 2624 215 2669 se
229 2602 349 2687 partiti
365 2610 460 2686 sunt3
484 2600 619 2668 obsides
635 2601 814 2667 civitatum
829 2599 991 2665 Bibracte
1007 2598 1073 2665 ado

73 2706 313 2790 magistratum
326 2705 542 2773 deducendos
555 2713 776 2788 curaverunt,
789 2702 956 2790 oppidum,
963 2702 1073 2788 quoda

73 2833 95 2877 a
111 2832 148 2876 se
162 2811 272 2877 teneri
287 2833 354 2877 non
369 2832 469 2897 posse
484 2808 695 2894 iudicabant,
724 2830 767 2873 ne
792 2808 847 2873 cui
872 2816 961 2872 esset
976 2809 1052 2873 usui

72 2915 246 2999 Romanis,
262 2914 501 2998 incenderunt,
523 2913 683 2979 frumenti
699 2910 789 3000 quod
805 2910 916 2977 subito
938 2921 1073 2997 potue-8

73 3029 154 3085 runt
169 3018 314 3085 navibus
330 3026 530 3102 avexerunt,
552 3015 717 3102 reliquum
738 3016 874 3082 flumine
893 3023 994 3102 atque
1007 3018 1053 3082 in·

73 3122 197 3191 cendio
230 3129 462 3212 corruperunt.
506 3120 576 3207 Ipsi
600 3142 643 3185 ex
671 3119 823 3186 finitimis
857 3119 1069 3203 regionibuso

74 3227 191 3313 copias
214 3246 348 3311 cogere,
370 3224 543 3312 praesidia
565 3223 805 3312 custodiasque
828 3223 873 3290 ad
888 3225 980 3309 ripas
996 3223 1053 3288 Li·

74 3433 206 3499 timoris
229 3452 335 3498 causa
350 3438 523 3498 ostentare
538 3437 731 3516 coeperunt,
754 3429 783 3494 si
799 3428 843 3494 ab
859 3450 895 3494 re
910 3427 1054 3494 frumen·

74 3536 166 3605 toria
187 3535 358 3603 Romanos
381 3532 564 3605 excludere
591 3541 651 3599 aut
679 3531 846 3599 adductos
875 3532 989 3618 inopia
1020 3533 1054 3597 in
