2376 3924
370 227 481 277 urana
499 227 530 292 v,
551 228 627 279 oar.
647 230 757 282 ar-as.
992 232 1051 296 125

75 426 254 502 coguntur.
289 415 337 483 At
359 414 471 500 Cotta,
499 419 556 503 qui
580 420 765 504 cogitasset
789 420 872 485 baec
895 444 994 507 posse
1017 425 1074 489 ina

76 523 197 587 itinere
221 520 378 587 accidere
400 530 501 607 atque
525 515 567 587 ob
591 545 665 588 eam
681 545 818 588 causam
834 527 1052 609 profectionis

77 634 195 691 auctor
228 648 297 691 non
331 624 460 708 suisset,
494 624 587 691 nulla
622 629 654 690 in
685 649 721 691 re
750 630 916 692 communi
951 630 1053 695 saluti

78 730 195 796 deerat
219 739 254 795 ct
276 731 311 793 in
334 727 547 813 appellandis
576 730 860 816 cohortandisque
889 732 1052 798 militibus

76 833 291 918 imperatoris
316 842 349 898 et
373 833 406 896 in
429 853 543 918 pugna
565 833 683 899 militis
707 835 821 900 officia
843 837 1051 920 praestabat.

75 936 161 1001 Cum
189 945 326 1022 propter
355 935 600 1020 longitudinem
629 940 774 1020 agminis
810 941 918 1004 minus
949 939 1073 1005 facile³

76 1041 190 1106 omnia
206 1062 267 1126 per
283 1063 319 1106 se
340 1039 432 1106 obire
449 1048 492 1124 et,
516 1041 596 1126 quid
613 1063 743 1127 quoque
766 1041 839 1107 loco
862 1044 1054 1110 faciendum

77 1153 177 1222 esset,
201 1143 378 1230 providere
400 1152 550 1230 possent,
574 1146 742 1211 iusserunt
765 1149 993 1231 pronuntiare,
1018 1159 1053 1214 ut

76 1246 317 1334 impedimenta
351 1246 580 1334 relinquerent
607 1257 708 1333 atque
737 1249 772 1312 iu
803 1249 915 1314 orbem
944 1254 1053 1316 consi·

77 1358 218 1416 sterent.
243 1350 341 1432 Quod
364 1350 541 1417 eonsilium
565 1353 630 1417 etsi
654 1353 688 1416 iu
712 1353 875 1418 eiusmodi
899 1375 981 1419 casu
1005 1371 1075 1420 ire-4

76 1454 351 1541 prehendendum
374 1477 441 1520 non
465 1464 527 1538 est,
551 1465 663 1521 tamen
687 1457 895 1522 incommode
911 1458 1054 1541 accidit,

76 1581 156 1623 nam
181 1568 213 1623 et
237 1559 361 1624 nostris
385 1557 549 1624 militibus
573 1581 665 1644 spem
689 1561 810 1625 minuit
833 1568 864 1624 et
881 1560 993 1626 hostes
1011 1561 1076 1625 adt

75 1684 228 1749 pugnam
259 1662 444 1728 alacriores
469 1663 588 1745 effecit,
624 1663 713 1749 quod
741 1685 808 1728 non
831 1666 903 1728 sine
928 1686 1054 1729 summo

78 1768 199 1832 timore
223 1775 255 1832 et
281 1767 517 1853 desperatione
541 1768 576 1834 id
598 1768 725 1833 factum
741 1766 931 1834 videbatur.
954 1769 1076 1835 Prae-⁶

77 1879 173 1935 terea
207 1870 342 1954 accidit,
376 1871 465 1957 quod
499 1871 569 1936 ficri
605 1893 743 1936 necesse
764 1870 861 1956 erat,
894 1881 930 1936 ut
955 1872 1054 1954 vulgo

77 1974 203 2040 milites
228 1973 271 2039 ab
295 1975 402 2058 signis
427 1972 651 2057 discederent,
675 1997 762 2061 quae
785 1977 925 2061 quisque
943 1998 1055 2041 eorum

77 2079 257 2144 carissima
279 2077 429 2161 baberet,
464 2077 507 2144 ab
537 2079 784 2164 impedimentis
812 2089 927 2164 petere
956 2087 1056 2166 atque

77 2183 229 2268 arripere
258 2191 463 2266 properaret,
496 2181 644 2248 clamore
667 2192 700 2248 et
722 2183 801 2248 fletu
833 2186 945 2248 omnia
968 2206 1055 2248 com·

75 2285 260 2374 plorantur.

183 2386 234 2454 34.
259 2388 304 2453 At
326 2387 483 2455 barbaris
508 2389 684 2455 consilium
711 2413 778 2455 non
808 2389 924 2455 defuit.
969 2391 1057 2455 Nam

78 2494 184 2559 duces
215 2515 328 2560 eorum
358 2502 430 2559 tota
453 2494 527 2560 acie
555 2495 774 2579 pronuntiare
802 2495 980 2577 iusserunt,
1014 2516 1057 2557 ne

77 2598 154 2684 quis
171 2596 215 2662 ab
230 2595 304 2662 loco
321 2597 525 2664 discederet:
543 2597 676 2663 illorum
691 2620 765 2662 esse
780 2598 940 2683 praedam
957 2607 1057 2681 atque

78 2700 148 2767 illis
183 2703 360 2785 reservari,
395 2722 622 2787 quaecumque
650 2701 792 2767 Romani
827 2701 1057 2786 reliquissent,

77 2802 221 2891 proinde
234 2804 347 2869 omnia
359 2805 394 2869 in
406 2806 551 2871 victoria
563 2806 675 2891 posita
689 2807 932 2870 existimarent.
947 2804 1070 2868 Erana

79 2917 113 2973 ct
137 2909 310 2974 virtutcet
326 2929 564 2994 saepenumero
588 2908 769 2994 pugnando
793 2929 891 2993 pares
915 2909 1057 2991 nostris,

79 3011 115 3076 bi
130 3011 267 3077 tametsi
283 3011 326 3077 ab
343 3011 427 3077 duce
443 3020 476 3076 ct
492 3034 512 3076 a
527 3012 663 3076 fortuna
677 3009 928 3094 deserebantur,
945 3020 1057 3077 tamen

80 3137 212 3181 omnem
236 3137 329 3202 spem
353 3115 474 3181 salutis
500 3117 533 3179 in
555 3116 681 3180 virtute
705 3113 886 3200 ponebant,
924 3125 956 3180 et
980 3136 1057 3201 quo-

78 3219 169 3284 tiens
203 3240 353 3306 quaeque
386 3218 506 3284 cohors
541 3229 763 3304 procurreret,
810 3218 852 3283 ab
888 3242 927 3284 ea
961 3228 1058 3303 parte

78 3342 224 3406 magnus
249 3342 403 3388 numerus
420 3322 566 3387 bostium
583 3322 738 3388 cadebat.
763 3321 838 3402 Qua
854 3345 889 3386 re
906 3320 1079 3386 animad·³

78 3447 181 3491 versa
204 3424 383 3492 Ambiorix
405 3427 618 3512 pronuntiari
647 3425 748 3508 iubet,
778 3434 815 3489 ut
843 3424 958 3512 procul
989 3422 1057 3488 tela

79 3529 254 3597 coniciant
276 3550 343 3596 neu
357 3531 494 3616 propius
511 3528 678 3596 accedant
695 3539 738 3612 et,
762 3550 861 3615 quam
878 3530 912 3592 in
927 3535 1059 3612 partem
