2376 3924
92 246 211 296 nxvur
395 207 608 293 aosorsmo
627 239 772 290 ommes

92 433 191 483 collem
212 434 308 483 fecisse
329 432 430 482 Caesar
449 431 566 491 dicatur,
591 447 651 481 cum
671 430 837 480 declaratum
857 430 937 479 sitin
957 429 1012 480 fine
1031 447 1077 480 su·

93 520 208 585 perieris
227 521 332 585 capitis,
352 519 499 569 collocatas
518 519 602 568 tuisse
621 525 708 567 turres
726 519 754 566 in
773 517 890 566 collibus
908 521 1078 581 perveteres,

92 622 208 670 quocum
224 605 393 655 consentiant
404 604 489 653 verba
508 619 577 669 quae
595 603 666 652 infra
684 607 831 667 sequantur
846 604 999 668 postquam
1018 614 1079 652 stou

92 692 137 743 ita
161 691 240 759 lotape
267 689 301 742 ab
325 689 424 742 altimo
449 688 516 742 colle
541 688 670 754 turrique
693 686 752 752 fait
774 704 795 740 e.
815 702 838 753 q.
857 702 878 739 s.
910 695 1079 752 quapropter

95 778 269 828 scribendum
289 793 348 827 esse
366 777 485 842 putavit:
509 779 576 842 post
596 774 701 827 Caesar
719 774 759 827 ad
776 774 881 843 dayam,
900 773 934 825 de
952 787 1006 839 quo
1026 772 1078 825 do-

91 863 148 930 cui,
168 861 296 916 aseendit
310 861 437 928 atquem
449 877 669 928 areamquemqae
681 859 773 913 collem
786 865 944 927 turremque
956 857 1078 912 castella

92 949 187 1014 fucere
210 950 301 1017 coepit
324 953 407 1016 atque
431 963 463 1000 eo
481 947 576 1000 astreas
594 947 733 999 semihora
752 945 847 1011 efficit.
877 953 906 996 at
923 949 981 995 sive
1001 949 1077 997 tar·

92 1050 148 1086 ros
167 1035 385 1099 castellaque
404 1036 431 1083 in
451 1033 573 1100 singulos
592 1034 685 1096 colles,
705 1035 763 1082 sive
781 1031 896 1083 castella
914 1033 941 1080 in
960 1047 1078 1080 unum-

93 1137 258 1185 quemque
278 1121 400 1171 collem
421 1128 614 1186 turremque
635 1120 735 1170 Caesar
753 1120 827 1179 fecit,
847 1120 874 1166 in
891 1133 970 1182 quern
983 1115 1077 1179 finem,

95 1221 212 1269 quaeso,
241 1207 324 1256 fecit?
354 1207 492 1267 nimirum,
521 1212 552 1256 ut
575 1211 601 1256 et
624 1205 709 1255 colles
732 1210 758 1253 et
780 1211 886 1255 veteres
905 1203 968 1252 illas
985 1209 1077 1253 turres

93 1291 213 1341 castellis
239 1293 370 1357 oppositis
398 1289 545 1343 obsideret!
574 1298 602 1342 at
624 1291 766 1356 praesidiis
788 1290 918 1340 carebant
943 1293 970 1337 et
988 1286 1077 1338 colles

94 1386 121 1427 ot
138 1383 241 1439 turres,
266 1394 326 1428 cum
346 1379 454 1429 nonnisi
472 1380 500 1428 in
519 1378 614 1428 ultimo
633 1378 702 1427 colle
722 1378 841 1442 turrique
859 1375 978 1425 hostium
996 1390 1077 1438 prae·

94 1464 193 1514 sidium
212 1470 239 1514 et
257 1466 400 1515 stationem
418 1465 502 1515 hrisse
520 1465 621 1530 apertis
644 1463 741 1513 deinde
764 1463 856 1512 verbis
879 1461 1018 1511 doceatur.
1049 1466 1078 1510 et

93 1553 117 1600 si
137 1550 238 1601 Caesar
256 1551 371 1601 castella
395 1551 466 1614 iecit,
492 1566 547 1611 cur,
572 1566 681 1616 quaeso,
707 1565 760 1600 non
784 1548 921 1614 praesidia
942 1547 1076 1597 immisit?

94 1653 142 1687 cur
162 1637 278 1702 denique
291 1655 424 1704 nusquam
438 1638 555 1703 amplius
568 1638 831 1688 commemorantur?
849 1640 975 1685 narratur
993 1633 1076 1695 intra,

95 1722 240 1772 Caesarem
265 1724 300 1773 ad
323 1725 447 1774 ultimum
472 1724 569 1774 collem
593 1739 765 1789 progressum
789 1727 931 1787 perspecta
954 1720 1009 1770 loci
1027 1737 1077 1770 na-

92 1815 155 1857 tura
180 1825 246 1873 opus
272 1809 425 1873 legionibus
450 1810 605 1859 attribuisse
630 1808 824 1874 brachiumque
848 1807 937 1858 medio
955 1808 1020 1872 iugo
1038 1808 1076 1857 ab

94 1894 213 1954 eulaeo,
233 1895 267 1944 ad
288 1910 366 1958 quem
385 1897 567 1960 pervenisset,
594 1910 680 1960 usque
699 1894 734 1944 ad
753 1909 827 1956 eum,
856 1893 927 1944 unde
947 1910 1076 1959 egressus

93 1986 179 2043 esset,
204 1980 285 2045 dirigi
304 1996 336 2029 ac
355 1982 454 2030 muniri
472 1981 598 2045 iussisse;
625 1997 674 2031 cur
692 1997 745 2030 non
764 1983 894 2047 scriptum
913 1985 954 2030 est
977 1971 1076 2047 ‘usque

92 2065 129 2113 ad
148 2065 175 2113 id
194 2065 347 2128 castellum,
376 2066 447 2130 quod
465 2068 493 2116 in
512 2068 627 2132 primum
646 2067 744 2118 collem
762 2073 918 2132 turremque
936 2071 1076 2118 exstruxe-

95 2149 171 2200 ratt'
201 2158 228 2201 et
245 2167 315 2216 quae
334 2152 443 2203 tandem
463 2153 571 2203 catilla
590 2153 722 2203 mirabilis
741 2152 915 2204 castellorum
935 2159 1077 2204 exstruen-

92 2237 188 2286 dorum
217 2238 357 2301 celeritas,
385 2254 439 2304 qua
462 2256 527 2290 usus
553 2240 654 2290 Caesar
676 2241 704 2288 in
729 2255 947 2305 unumquemque
974 2239 1074 2290 collem

92 2329 249 2388 turremque
262 2324 375 2374 castella
387 2324 477 2375 minus
490 2325 625 2375 semihora
636 2323 712 2375 fecit!
728 2324 821 2375 credat
833 2324 951 2376 Iudaeus
961 2325 1072 2390 Apella!

93 2416 123 2458 ut
147 2412 285 2460 mittamus
309 2425 409 2475 nugas,
437 2426 497 2460 cum
521 2416 657 2473 narretur,
686 2410 831 2460 Caesarem
855 2411 992 2461 semihora
1012 2419 1077 2477 post

93 2510 173 2560 quam
202 2498 230 2544 in
258 2497 351 2561 iugum
380 2496 560 2558 ascendisset,
587 2513 642 2547 non
664 2498 703 2547 ita
726 2496 807 2562 longe
830 2497 865 2547 ab
888 2498 984 2548 ultimo
1002 2497 1075 2549 colle

93 2583 214 2647 turrique
232 2583 329 2645 fuisse,
358 2598 437 2648 quam
456 2583 634 2633 Numidarum
652 2599 748 2634 manus
767 2584 890 2645 tenebat,
916 2591 970 2635 tam
990 2584 1075 2636 breve

92 2669 222 2732 temporis
241 2670 358 2733 spatium
377 2685 430 2718 non
449 2670 502 2718 nisi
520 2668 554 2718 ad
573 2669 602 2718 id
621 2668 744 2719 sufficere
763 2675 881 2734 poterat,
908 2675 940 2720 ut
961 2686 1011 2736 per
1033 2672 1075 2721 iu-

93 2768 158 2816 gum
176 2755 228 2803 iter
246 2754 349 2804 faceret
367 2754 544 2820 singulosque
563 2752 647 2804 colles
665 2759 826 2820 veteresque
849 2755 912 2805 illas
933 2757 1075 2822 impositas

93 2845 182 2886 turres
201 2837 384 2902 perlustraret,
404 2846 435 2889 ut
451 2839 574 2890 locorum
593 2848 717 2891 naturam
729 2843 903 2907 perspiceret
922 2859 973 2893 nec
985 2847 1075 2910 magis

94 2923 204 2987 probari
221 2931 311 2988 potest
328 2926 451 2976 Dubneri
476 2927 556 2977 lectio
577 2932 763 2994 postquam
783 2927 888 2982 Caesar·
913 2928 952 2982 ad
974 2929 1075 2999 tapam

95 3007 129 3060 de
152 3022 205 3074 qao
228 3009 312 3062 docui
334 3011 476 3078 pervenit,
504 3014 633 3066 uscoadit
661 3013 766 3082 [atque]
795 3014 826 3067 ia
852 3031 1077 3084 arcurraqaemque

94 3093 200 3162 collem,
224 3099 318 3148 turres
341 3097 567 3166 speratosque
590 3101 704 3169 [facere]
724 3101 796 3168 cepit
815 3106 899 3169 atque
922 3117 959 3154 eo
977 3102 1075 3157 mistae

93 3181 232 3234 semihora
250 3181 346 3248 efficit.
364 3191 403 3235 tot
422 3188 491 3236 enirn
511 3189 708 3238 mutationibus
726 3189 764 3238 nil
784 3188 859 3238 aliud
877 3187 1001 3251 efficitur,
1020 3191 1076 3241 nisi

94 3276 124 3318 ut
141 3285 184 3319 res
203 3275 245 3320 sat
263 3272 332 3321 mira
350 3279 487 3336 narretur,
510 3273 654 3325 Caesarem
673 3279 769 3325 contra
785 3280 875 3325 turres
893 3273 1074 3342 speculaeque

94 3356 168 3404 omni
186 3358 322 3420 praesidio
341 3357 483 3410 destitutas
496 3361 694 3426 expeditionem
708 3361 784 3411 felici
798 3367 896 3412 eventu
908 3362 1073 3427 suscepisse.

94 3469 127 3478 -
146 3443 243 3494 melius
262 3450 334 3495 certe
352 3446 412 3496 loco
431 3447 581 3498 consulitur
598 3448 715 3499 lectione
734 3464 751 3499 a
766 3465 809 3499 me
828 3447 1076 3514 proprietamus

92 3529 208 3580 tortasse
226 3532 311 3583 verba
335 3547 352 3582 a
375 3549 417 3583 me
441 3533 566 3600 suppleta
589 3551 618 3585 se
643 3537 798 3601 exciperent
818 3536 924 3602 (turres
943 3532 1075 3588 castella·
