2376 3924
115 223 156 287 74
440 226 490 275 nn
509 225 628 276 annno
651 224 764 276 crvmr

114 418 290 501 antiquitus
313 425 463 502 paratum
484 417 518 480 in
540 415 705 501 publicum
728 413 945 501 contulerant)
968 414 1097 482 deiecta

113 521 210 602 turri,
244 518 404 584 labefacta
425 541 545 605 magna
567 528 659 605 parte
681 521 765 584 muri
772 569 780 601 ,
810 518 939 585 auxiliis
966 522 1097 606 provin·

114 625 237 687 ciarum
265 632 297 686 et
325 623 528 686 exercituum
555 622 749 707 desperatis,
780 643 860 707 quos
890 624 922 686 in
945 621 1098 689 Caesaris

114 735 306 812 potestatem
338 728 465 790 venisse
499 735 732 810 cognoverant,
768 748 838 790 sese
872 725 993 791 dedere
1027 730 1098 793 sine
1136 724 1138 729 ’

93 830 229 900 rbaude
252 832 458 895 constituunt.
504 829 569 896 Sed
598 831 709 915 paucis
732 839 806 895 ante
830 828 945 894 diebus
967 831 1007 895 L.
1032 832 1098 896 Do-

115 937 222 999 mitius
252 936 380 1018 cognita
408 932 657 997 Massiliensium
690 933 855 997 voluntate
889 933 1029 998 navibus
1057 952 1099 998 111

116 1039 326 1124 comparatis,
361 1059 403 1101 cx
432 1035 549 1121 quibus
578 1036 659 1101 duas
681 1035 892 1101 familiaribus
921 1039 988 1100 suis
1009 1040 1099 1102 attri-

116 1141 248 1224 buerat,
282 1162 381 1205 unam
409 1141 477 1225 ipse
505 1139 754 1222 conscenderat,
788 1149 903 1204 nactus
931 1139 1100 1205 turbidam

95 1253 341 1331 atempestatem
363 1243 526 1328 profectus
549 1253 606 1307 cst.
637 1244 737 1309 Hunc
758 1245 962 1328 conspicatae
985 1265 1099 1326 naves,

117 1371 201 1434 quae
223 1352 323 1413 missu
338 1350 431 1413 Bruti
455 1347 688 1412 consuetudine
711 1347 873 1412 cotidiana
897 1348 939 1412 ad
968 1358 1100 1433 portum

95 1450 341 1534 sexcubabant,
376 1450 510 1515 sublatis
540 1452 666 1515 ancoris
695 1453 786 1536 sequi
815 1460 999 1537 coeperunt.
1046 1452 1102 1517 Ex

117 1556 167 1620 his
188 1578 289 1620 unum
312 1557 411 1641 ipsius
440 1555 607 1637 navigium
635 1553 800 1618 contendit
827 1562 861 1618 et
888 1554 1002 1638 fugere
1031 1577 1102 1641 per-

117 1661 278 1724 severavit
300 1657 484 1743 auxilioque
515 1660 715 1742 tempestatis
738 1680 781 1722 ex
804 1666 979 1744 conspectu
1007 1657 1100 1741 abiit,

118 1763 182 1828 duo
205 1763 377 1848 perterrita
405 1782 564 1824 concursu
591 1770 776 1824 nostrarum
804 1763 938 1825 navium
966 1782 1038 1824 sese
1070 1763 1105 1826 in

97 1875 247 1952 oportum
269 1874 470 1949 receperunt.
515 1864 732 1929 Massilienses
761 1887 853 1929 arma
874 1873 1104 1950 tormentaque

120 1992 162 2034 ex
186 1970 320 2055 oppido,
348 1979 385 2033 ut
407 1978 456 2034 est
479 1971 689 2055 imperatum,
718 1968 903 2054 proferunt,
933 1989 1036 2032 naves
1059 1990 1104 2033 ex

121 2083 216 2159 portu
244 2072 479 2158 navalibusque
509 2072 666 2155 educunt,
702 2075 875 2158 pecuniam
901 2094 945 2137 ex
972 2071 1105 2158 publico

97 2178 262 2245 otradunt.
309 2175 436 2259 Quibus
462 2175 561 2240 rebus
590 2176 743 2241 confectis
766 2175 887 2242 Caesar
914 2178 1018 2261 magis
1048 2198 1105 2242 eos

120 2304 178 2367 pro
212 2283 340 2346 nomine
374 2289 407 2344 et
438 2289 617 2362 vetustate,
653 2302 752 2364 quam
780 2301 838 2365 pro
865 2281 989 2344 meritis
1011 2280 1046 2345 in
1069 2300 1105 2344 se

120 2387 259 2450 civitatis
282 2407 477 2450 conservans
500 2385 581 2449 duas
603 2385 649 2450 ibi
664 2385 804 2469 legiones
827 2382 988 2470 praesidio
1010 2382 1106 2449 relin-

121 2492 199 2575 quit,
223 2496 347 2553 ceteras
371 2490 403 2552 in
426 2487 554 2553 Italiam
576 2490 688 2569 mittit3
713 2491 781 2574 ipse
805 2487 848 2551 ad
869 2486 986 2552 urbem
1007 2487 1105 2573 profi·

121 2595 259 2657 ciscitur.

207 2696 258 2759 23.
282 2695 402 2760 Iisdem
424 2694 624 2780 temporibus
640 2694 675 2759 O.
693 2692 791 2759 Curio
814 2696 847 2758 in
862 2693 1010 2760 Africam
1033 2716 1105 2781 pro·

123 2801 226 2863 fectus
249 2821 292 2863 ex
308 2798 416 2864 Sicilia
438 2809 470 2863 et
485 2800 549 2862 iam
565 2797 607 2861 ab
630 2800 719 2862 initio
742 2799 851 2882 copias
867 2799 903 2863 P.
920 2797 1003 2863 Attii
1016 2796 1103 2863 Vari

122 2902 302 2986 despiciens
325 2901 406 2967 duas
429 2902 569 2986 legiones
592 2924 634 2966 ex
657 2920 720 2983 1111,
744 2923 825 2987 quas
848 2924 868 2965 a
890 2900 1032 2966 Caesare
1054 2924 1106 2967 ac·

123 3012 264 3089 ceperat,
288 3021 312 3067 1)
329 3008 454 3090 equites
469 3005 712 3091 transportabat
727 3004 892 3090 biduoque
908 3014 940 3068 et
954 3003 1107 3071 noctibus

122 3108 226 3174 tribus
241 3111 447 3192 navigatione
467 3110 664 3193 consumptis
679 3108 811 3194 appellit
833 3108 876 3172 ad
898 3129 973 3173 eum
987 3106 1106 3192 locum,

102 3215 179 3299 aqui
194 3210 374 3298 appellatur
390 3211 591 3296 Anquilaria.
626 3213 690 3276 Hic
712 3211 800 3276 locus
823 3211 916 3278 abest
938 3210 1108 3298 aOlupeis

123 3338 276 3403 passuum
291 3332 364 3379 xxu
376 3314 463 3378 milia
475 3314 640 3399 habetque
653 3338 717 3379 non
728 3315 966 3380 incommodam
980 3324 1107 3383 aestate

124 3422 295 3485 stationem
323 3429 356 3484 et
385 3418 511 3484 duobus
542 3418 757 3483 eminentibus
780 3420 1009 3505 promontoriis
1032 3440 1107 3485 oon·

102 3524 254 3589 ³tinetur.
300 3524 407 3589 Huius
441 3521 618 3586 adventum
647 3523 686 3586 L.
716 3521 837 3586 Caesar
870 3522 954 3586 filius
983 3544 1059 3589 eum
1081 3540 1106 3587 x
