2376 3924
477 234 552 285 car.
572 235 683 286 ao-‘eu
1007 234 1071 300 313

93 446 282 506 concursus,
317 425 363 486 sic
385 432 422 488 ut
451 443 551 509 prope
574 425 675 487 nostri
697 421 884 487 diffiderent
905 424 1070 490 victoriae.

93 527 294 613 Congressus
322 528 408 591 enim
441 536 474 591 et
502 527 636 610 clamor,
667 525 784 612 quibus
807 525 907 591 rebus
929 529 1092 593 maximee

94 632 192 697 hostis
215 640 433 714 conterretur,
469 634 501 695 in
529 630 647 695 collatu
669 633 740 716 pari
764 639 858 695 crant
873 631 1070 697 condicione.

94 737 209 821 Itaque
242 759 285 801 ex
315 745 452 821 utroque
483 758 603 822 genere
626 758 756 822 pugnae
778 758 852 800 cum
875 758 988 821 parem
1010 738 1092 804 vir-s

94 848 195 903 tutem
211 840 253 905 ad
269 840 456 906 bellandum
472 840 694 922 contulissent,
719 840 855 926 pilorum
881 842 980 904 missu
1003 840 1071 904 fixa

95 943 278 1008 cumulatur
293 953 326 1008 et
342 943 482 1008 concidit
497 944 762 1009 adversariorum
778 943 958 1008 multitudo.
982 944 1093 1014 Dent-4

95 1057 179 1111 trum
218 1049 511 1113 demonstravimus
545 1047 742 1112 decumanos
776 1069 877 1111 cornu
914 1049 1070 1130 tenuisse3

95 1153 148 1235 qui
172 1154 231 1215 etsi
254 1160 348 1216 erant
370 1153 474 1238 pauci,
498 1160 607 1215 tamen
631 1160 762 1237 propter
777 1153 932 1215 virtutem
954 1174 1072 1237 magno

95 1255 299 1319 adversarios
322 1258 436 1320 timore
460 1277 572 1319 eorum
595 1276 694 1340 opera
717 1253 919 1338 afficiebant,
943 1254 1030 1340 quod
1052 1277 1073 1319 a

94 1379 151 1421 suo
175 1358 243 1422 loco
267 1358 375 1422 hostes
398 1358 608 1422 vehementer
637 1378 784 1443 premere
813 1367 1002 1443 coeperunt,
1037 1367 1073 1422 ut

95 1447 143 1525 ad⁸
160 1461 350 1544 subsidium,
374 1483 416 1525 ne
439 1461 481 1525 ab
505 1461 605 1525 latere
629 1462 729 1525 nostri
752 1469 959 1546 occuparent,
988 1460 1071 1546 legio

96 1563 359 1629 adversariorum
393 1564 521 1629 traduci
555 1573 670 1650 coepta
700 1567 742 1629 sit
763 1588 783 1629 a
806 1564 932 1629 dextro.
978 1566 1094 1647 Quaes

95 1667 188 1731 simul
217 1679 266 1733 est
293 1677 398 1751 mota,
433 1671 595 1754 equitatus
626 1667 775 1733 Caesaris
809 1671 937 1734 sinistro
971 1692 1073 1737 cornu

96 1793 243 1856 premere
272 1775 394 1857 coepit:
427 1780 462 1836 at
489 1771 532 1835 illi
562 1773 682 1836 eximia
704 1773 823 1836 virtute
847 1772 1005 1858 proelium
1027 1774 1072 1838 fa-

97 1897 180 1957 cere,
204 1884 241 1939 ut
262 1874 350 1939 locus
373 1877 407 1939 in
430 1877 532 1940 aciem
563 1874 605 1939 ad
628 1874 808 1940 subsidium
829 1876 985 1941 veniundi
1008 1899 1073 1942 non

97 1977 238 2043 daretur.
284 1980 336 2043 Ita
364 2001 439 2044 oum
467 1978 588 2044 clamor
617 1988 703 2044 esset
723 1982 930 2046 intermixtus
952 1984 1096 2067 gemitus

95 2081 340 2167 gladiorumque
363 2085 504 2169 crepitus
527 2082 660 2148 auribus
683 2082 825 2167 oblatus,
852 2086 1074 2170 imperitorum

96 2195 219 2249 mentes
242 2188 338 2250 timor
360 2186 602 2272 praepediebat.
637 2187 709 2269 Hic,
733 2197 769 2251 ut
792 2189 837 2251 ait
858 2188 993 2268 Ennius,
1016 2210 1094 2272 pesa

97 2288 180 2374 pede
204 2291 370 2375 premitur,
394 2292 492 2355 armis
512 2299 662 2355 teruntur
677 2312 778 2371 arma,
801 2291 1073 2375 adversariosque

96 2391 378 2457 vehementissime
407 2410 589 2479 pugnantes
623 2395 723 2457 nostri
751 2415 849 2478 agere
878 2403 1072 2477 coeperunt;

97 2493 214 2580 quibus
237 2495 392 2581 oppidum
413 2497 474 2561 fuit
496 2496 648 2561 subsidio.
693 2496 744 2561 Ita
766 2497 844 2580 ipsis
866 2494 1094 2560 Liberalibuss

98 2598 161 2662 fusi
183 2599 351 2685 fugatique
373 2623 438 2665 non
461 2600 703 2685 superfuissent,
732 2601 793 2663 nisi
814 2601 849 2663 in
871 2621 945 2662 eum
967 2598 1073 2664 locum

99 2701 329 2787 confugissent,
353 2726 395 2767 ex
419 2724 482 2788 quo
505 2712 599 2767 erant
621 2704 751 2788 egressi.
796 2702 837 2766 In
859 2724 922 2789 quo
952 2702 1095 2788 proeli09

99 2805 288 2870 cecideruut
319 2806 407 2869 milia
435 2806 600 2870 hominum
630 2808 757 2870 circiter
779 2823 853 2870 xxx
881 2815 913 2870 et
941 2810 968 2870 si
996 2806 1074 2893 quid

99 2911 255 2995 amplius,
279 2919 449 2996 practerea
470 2909 653 2992 Labienus,
677 2907 786 2973 Attius
809 2912 933 2993 Varus,
957 2909 1075 2995 quibus

99 3016 211 3078 occisis
233 3017 379 3098 utrisque
401 3014 498 3078 funus
529 3023 578 3078 est
609 3014 746 3096 factum,
779 3016 921 3100 itemque
951 3017 1075 3099 equites

98 3118 236 3182 Romani
269 3119 387 3204 partim
420 3140 463 3181 ex
497 3117 578 3181 urbe
612 3119 730 3203 partim
760 3139 803 3180 cx
832 3119 998 3203 provincia
1031 3118 1074 3182 ad

101 3220 188 3284 milia
207 3239 256 3287 111.
291 3220 401 3286 Nostri
425 3218 600 3285 desiderati
615 3220 657 3284 ad
672 3220 839 3284 hominum
853 3220 939 3283 mille
955 3222 1073 3304 partim
1085 3242 1110 3280 ro

100 3327 245 3408 equitum
268 3326 386 3410 partim
409 3323 571 3410 peditum3
595 3326 694 3388 saucii
707 3371 800 3387 .....
813 3322 1075 3388 adversariorum

100 3427 227 3511 aquiiae
251 3437 326 3492 sunt
355 3426 483 3493 ablatae
508 3445 574 3493 xm
599 3437 632 3491 et
659 3430 751 3512 signa
781 3436 814 3491 et
846 3427 950 3492 fasces
984 3450 1075 3513 prac-

99 3538 190 3594 terea
212 3531 270 3595 hos
293 3529 407 3595 habuit
421 3579 515 3594 .....
