2376 3924
189 227 314 277 LXXXII
490 229 701 281 ADNOTATIO
721 229 866 280 camon

189 422 333 493 sperasset
360 423 421 472 cett.
461 417 573 485 inlgata
600 420 681 470 lectio
709 426 768 471 erat
794 435 855 487 qao
882 420 1045 474 subsidio
1074 426 1167 486 tnrtc,

188 504 248 556 nisi
265 503 327 557 aio.
347 521 372 558 a.
388 522 417 573 p.
436 522 463 557 n.
483 506 574 559 omni
592 506 701 559 annilio
717 507 828 574 privati
846 512 945 560 essent.
972 535 1006 548 -
1031 523 1084 574 qno
1103 508 1167 561 snb-

189 589 263 642 sidio
283 590 436 658 submisi,
454 591 514 644 nisi
532 599 594 643 cett.
613 595 729 644 coniecit
747 595 850 645 Dinter.

291 694 314 727 c.
332 678 378 739 et,
400 683 427 728 1:
453 694 520 730 nam
542 682 659 745 practer
687 679 791 745 equites
819 678 912 734 anili
939 678 997 732 ioco
1026 695 1112 746 aeqao
1139 695 1168 734 se

190 764 359 816 committere
383 763 545 833 natabant]
575 763 648 817 naiii
675 767 798 826 exaravi3
828 767 892 816 libri
912 783 973 816 rnss.
999 773 1025 816 et
1043 768 1168 831 impressi

187 850 309 903 riaiio.
328 881 361 888 -
379 853 408 901 in
427 851 533 917 reliqna
552 852 648 916 capitis
667 857 744 916 parte
763 857 802 901 tot
828 852 932 902 mendis
958 858 984 901 et
1002 852 1108 902 lacunis
1127 853 1166 902 in·

164 966 168 971 -
189 939 301 1002 quinata
319 939 418 988 retinui
437 952 507 1002 quae
525 937 553 986 in
571 938 661 1001 priore
681 936 798 988 editione
812 938 959 988 secundum
973 937 1166 1003 Nipperdeium

178 1025 357 1089 scripseram.

291 1125 313 1159 c.
332 1111 374 1171 26,
393 1110 422 1158 ὃς
442 1109 568 1160 lacunam
586 1115 647 1174 post
662 1108 814 1176 propulsos
834 1111 939 1159 notavit
957 1109 1121 1175 Nipperdey.

291 1213 313 1246 c.
333 1198 375 1262 28,
393 1200 423 1246 2:
454 1196 675 1250 Ursaonensium
693 1195 805 1249 civitati
828 1197 873 1262 qui
894 1198 935 1247 eui
957 1194 1082 1259 inissent
1101 1196 1166 1262 fan-

189 1279 280 1351 tores]
308 1281 357 1348 qai
379 1282 427 1335 sai
453 1281 591 1348 supplevit
618 1283 689 1332 idern
708 1284 750 1332 vir
774 1281 877 1332 doctus.
896 1311 928 1318 -
953 1284 976 1344 ξ.
996 1284 1025 1330 3:
1053 1281 1097 1333 aa
1114 1283 1167 1336 hac

188 1366 320 1433 opimone
337 1366 430 1432 fretas
450 1372 523 1421 totos
611 1367 705 1433 facere
720 1382 803 1435 posse
821 1365 1020 1437 existimabat]
1039 1368 1167 1420 lacunam

187 1461 248 1521 post
262 1459 335 1508 totos
347 1457 400 1505 iam
415 1457 504 1517 statui,
525 1472 585 1505 cum
595 1454 743 1520 Nipperdei
755 1456 912 1504 coniectura
930 1457 1006 1506 tato
1025 1469 1067 1521 se,
1087 1471 1166 1521 quam

189 1550 270 1594 antea
288 1559 452 1609 receperam,
470 1543 547 1593 locus
567 1543 613 1591 vix
631 1546 743 1592 sanatus
760 1541 892 1594 videatur.
911 1570 946 1580 -
963 1544 986 1604 5.
1006 1543 1034 1589 4:
1058 1541 1167 1594 inter·

188 1628 278 1681 ratic
302 1628 481 1697 planicici
505 1626 598 1680 dividi
612 1663 687 1679 .....
702 1626 734 1679 id
753 1627 827 1694 qnod
845 1642 875 1680 eo
893 1626 996 1680 incidit
1018 1626 1166 1698 tempore]

186 1715 335 1768 intervallo
353 1733 402 1781 pro
422 1714 536 1767 interim
553 1713 636 1766 anila
658 1717 776 1764 correxit
793 1715 962 1780 Nipperdey3
989 1715 1048 1778 ipse
1069 1713 1167 1781 piatri-

186 1800 239 1852 ciei
256 1803 336 1866 posui
355 1818 401 1866 pro
422 1799 533 1866 vulgato
550 1798 683 1866 planicie.
715 1804 775 1864 post
799 1797 891 1850 diuidi
914 1798 1039 1849 lacunam
1064 1800 1166 1862 notavi,

187 1903 247 1936 cum
261 1886 403 1951 sequentia
415 1884 497 1950 plane
511 1902 564 1935 non
579 1885 743 1934 cohaereant
756 1901 816 1934 cnm
829 1884 1007 1934 antecedente
1021 1886 1165 1935 sententia.

290 1970 410 2034 c.29,1:
429 1975 462 2024 at
477 1962 670 2038 praesidia
689 1969 803 2036 Pompei
822 1969 933 2022 amabas
948 1969 1166 2034 deseriderentnr

185 2055 281 2121 retas,
309 2056 414 2124 oppido
432 2060 458 2108 ct
476 2055 578 2109 eacetsi
601 2055 654 2109 toci
677 2053 812 2124 natara.]]
844 2057 883 2105 eic
902 2056 1057 2121 Nipperdey
1076 2055 1166 2107 locum

186 2144 315 2205 correxit,
340 2159 400 2192 cum
420 2142 496 2192 codd.
516 2140 659 2194 ancilia
677 2141 804 2208 Pompei,
829 2142 926 2192 deinde
946 2140 1046 2208 oppidi
1064 2139 1167 2194 excelsi

186 2234 211 2280 et
230 2229 284 2282 ioci
301 2234 410 2282 natnra
428 2230 554 2280 habeant.
579 2258 613 2267 --
639 2233 661 2293 §-
681 2234 710 2280 2:
738 2229 820 2281 enias
850 2247 887 2280 sc.
906 2229 1046 2296 planicici)
1067 2227 1166 2280 decor-

185 2331 247 2368 sane
270 2315 450 2369 antecedebat
472 2315 565 2381 rivas,
593 2315 641 2381 qni
664 2315 703 2368 act
728 2315 843 2384 [eoram]
869 2329 1011 2368 accessam
1028 2328 1167 2366 sanimam

185 2402 323 2466 etiieiebat
342 2402 396 2455 loci
413 2398 618 2470 iniquitatem]
646 2417 740 2454 coram
759 2402 865 2452 inclusi.
889 2429 923 2438 -
946 2402 968 2462 ξ.
990 2401 1018 2449 3:
1046 2399 1166 2467 itaque

187 2486 309 2558 Caesar]
337 2490 401 2539 libri
425 2488 456 2540 iti
480 2487 569 2555 qnoti;
597 2504 664 2538 corr.
683 2488 846 2553 Nipperdey.
863 2515 899 2525 —
917 2488 940 2548 5.
959 2488 990 2535 4:
1017 2486 1072 2539 hac
1091 2502 1165 2540 acoe-

186 2574 281 2642 debat,
300 2581 333 2628 at
351 2574 427 2628 locas
446 2574 497 2627 itta
512 2573 639 2641 plmiicie
657 2573 827 2641 aepnitatem
846 2574 943 2624 daret
962 2581 994 2623 et
1017 2580 1165 2626 ornaretur

186 2661 243 2713 aiei
265 2661 386 2729 soiisqne
409 2659 577 2731 serenitate]
603 2663 641 2712 sic
666 2662 755 2712 locum
774 2667 865 2726 aperte
884 2661 1042 2711 lacunosum
1063 2659 1166 2726 expleri

185 2765 264 2812 posse
284 2750 355 2797 duxi.
387 2748 556 2815 aequitatem
574 2749 730 2814 Nipperdey
748 2748 839 2813 posuit
862 2763 910 2812 pro
935 2747 1063 2797 librorum
1090 2745 1164 2814 epui-

186 2836 278 2884 tatnm
301 2832 458 2900 (aequitati
479 2835 503 2897 f,
531 2834 682 2900 eqnitatem
699 2834 742 2902 b);
770 2834 821 2884 hoc
840 2851 903 2884 vero
923 2834 1029 2884 Kraner
1046 2834 1167 2884 restituit

114 2922 117 2928 '
185 2917 326 2967 scribendo
346 2923 378 2970 nt
405 2918 481 2971 locas
505 2918 556 2971 illa
577 2918 704 2986 planicie
727 2919 925 2986 comitatam
949 2924 1113 2972 evocaret
1138 2924 1165 2973 et

186 3001 243 3055 diei
261 3001 381 3069 solisque
399 3005 551 3058 serenitate
568 3021 590 3058 e.
604 3021 628 3072 a.
640 3020 662 3058 s.
681 3008 796 3072 probata
808 3007 917 3072 quidem
936 3012 977 3056 eet
995 3006 1063 3057 haec
1081 3007 1164 3059 lectio

185 3091 314 3140 Dllbnero
335 3097 361 3140 et
379 3092 500 3154 Dintero,
519 3092 567 3142 ecd
586 3109 636 3143 nec
648 3092 796 3144 verisimile
815 3100 856 3144 eet
875 3097 991 3145 ornaret
1008 3092 1054 3144 vel
1074 3107 1164 3144 errore

185 3176 229 3227 vel
248 3176 281 3226 de
300 3176 434 3226 industria
453 3178 581 3243 scriptum
601 3194 660 3230 ease
678 3195 727 3244 pro
746 3183 880 3243 evocaret,
900 3186 926 3229 et
944 3180 1004 3245 ipsu
1023 3180 1106 3230 dictio
1125 3177 1164 3232 io·

185 3278 247 3315 cam
262 3262 388 3330 planicie
407 3263 563 3329 epaitatnm
581 3280 707 3318 euocasse
724 3266 807 3318 habet
826 3266 897 3332 quod
914 3265 1068 3331 displiceat.
1087 3279 1164 3317 acce·

186 3349 224 3398 dit
243 3350 314 3414 quod
333 3350 401 3400 nihil
420 3350 518 3401 deinde
537 3351 570 3401 de
589 3353 709 3416 equitum
728 3369 811 3418 opera
827 3357 1060 3403 commemoratur.

288 3437 426 3498 c.31,1o:
446 3438 593 3488 novissima
611 3438 691 3489 huius
710 3441 806 3506 capitia
825 3440 910 3489 verba
925 3438 1058 3489 excidisse
1072 3438 1162 3491 aimul-

185 3538 236 3587 que
256 3527 411 3572 truncatum
430 3539 490 3574 esse
507 3524 615 3575 initium
635 3541 657 3574 c.
676 3526 709 3574 32
728 3526 786 3576 iure
805 3527 901 3576 statuit
918 3525 1083 3591 Nipperdey.
1155 3585 1158 3588 .
