2376 3924
368 218 479 278 LIBER
498 229 532 290 Π,
552 227 630 279 OAP.
648 230 757 280 at-at.
1010 230 1050 294 57

71 418 220 486 militum
235 419 376 502 monuit,
399 427 435 484 ut
459 417 624 504 paulatim
641 442 715 484 sese
738 419 889 505 legiones
913 425 1051 488 coniun-

72 532 193 608 gerent
218 530 250 587 et
274 542 438 587 conversa
462 523 561 606 signa
585 524 619 587 in
643 522 756 588 hostes
780 524 951 590 inferrent.
976 526 1073 606 Quae

72 627 164 693 facto
188 646 267 689 cum
290 622 378 689 alius
402 623 462 688 alii
487 623 674 690 subsidium
697 626 809 709 ferret,
833 649 941 714 neque
958 632 1051 695 time·

72 738 159 812 rent,
176 750 220 793 ne
236 729 349 792 aversi
367 726 409 794 ab
425 727 523 794 hoste
539 731 872 814 circumvenirentur,
888 732 1050 797 audacius

71 835 235 900 resistere
258 853 298 897 ao
315 831 435 897 fortius
452 853 604 918 pugnare
620 843 811 918 coeperunt.
835 835 975 900 Interim
991 839 1073 901 mi·³

73 937 152 1003 lites
177 935 350 1019 legionum
367 934 518 1019 duarum,
543 938 686 1023 quaein
710 939 893 1004 novissimo
916 942 1051 1023 agmine

72 1039 248 1128 praesidio
271 1038 522 1125 impedimentis
552 1041 703 1124 fuerant,
737 1042 865 1126 proelio
894 1045 1051 1109 nuntiato

73 1167 176 1212 cursu
191 1145 335 1208 incitato
351 1144 386 1207 in
399 1165 525 1208 summo
539 1143 625 1208 colle
641 1142 684 1208 ab
700 1144 854 1211 hostibus
867 1148 1050 1232 conspicie-

72 1248 210 1331 bantur,
234 1257 268 1312 et
289 1245 387 1311 Titus
410 1246 583 1311 Labienus
607 1248 731 1313 castris
755 1248 900 1314 hostium
922 1253 1073 1336 potitust

73 1362 105 1418 et
130 1375 175 1418 ex
199 1350 273 1416 loco
303 1351 488 1436 superiore,
518 1372 604 1436 quae
632 1373 685 1416 res
715 1352 749 1415 in
777 1355 903 1418 nostris
928 1357 1050 1419 eastris

74 1465 283 1541 gererentur,
299 1455 516 1540 conspicatus
534 1453 699 1519 decimam
715 1455 883 1539 legionem
899 1457 1050 1522 subsidio

73 1561 201 1625 nostris
224 1559 326 1623 misit.
372 1555 456 1641 Qui,
486 1580 561 1622 cum
589 1581 633 1623 ex
662 1560 810 1643 equitum
840 1570 873 1625 et
895 1562 1072 1627 calonum⁵

73 1665 169 1749 fuga,
204 1684 269 1749 quo
298 1663 333 1729 in
362 1660 437 1727 loco
467 1684 521 1727 res
557 1670 647 1727 esset
682 1671 873 1749 quantoque
903 1666 937 1728 in
965 1669 1050 1750 peri·

74 1767 148 1833 culo
174 1775 207 1833 et
231 1774 347 1832 castra
364 1774 396 1831 et
413 1766 563 1850 legiones
588 1775 621 1830 et
645 1766 826 1851 imperator
848 1775 1050 1851 versaretur,

74 1872 332 1956 cognovissent,
359 1868 444 1935 nihil
468 1867 513 1934 ad
535 1868 744 1934 celeritatem
770 1869 835 1934 sibi
860 1871 980 1957 reliqui
1004 1874 1049 1938 fe·

74 1983 204 2042 cerunt.

159 2077 211 2143 27.
233 2078 363 2143 Horum
376 2077 525 2143 adventu
536 2087 635 2143 tanta
648 2101 757 2144 rerum
770 2082 987 2145 commutatio
998 2091 1048 2146 cst

74 2183 177 2267 iacta,
200 2191 238 2247 ut
261 2183 370 2247 nostri
393 2183 496 2247 etiam
520 2183 576 2267 qui
592 2181 788 2247 vulneribus
812 2183 960 2249 confecti
975 2207 1049 2270 pro·

73 2286 284 2368 cubuissent,
308 2286 413 2350 scutis
438 2286 547 2349 innixi
575 2285 738 2372 proelium
761 2286 1051 2371 redintegrarent3

73 2399 144 2455 tum
156 2388 295 2455 calones
311 2389 509 2475 perterritos
520 2388 635 2453 hostes
648 2391 837 2475 conspicati
850 2392 952 2456 etiam
966 2393 1050 2457 iner-

72 2516 143 2560 mes
157 2493 299 2559 armatis
312 2500 547 2570 occurrerunt3
571 2495 702 2578 equites
714 2514 804 2576 vcro,
821 2503 859 2559 ut
870 2495 1072 2579 turpitudia

72 2619 150 2663 nem
173 2596 276 2680 fugae
299 2596 426 2660 virtute
451 2593 620 2678 delerent,
650 2596 803 2661 omnibus
827 2598 861 2660 in
885 2597 968 2663 locis
991 2620 1050 2683 pu-

73 2708 195 2784 gnant,
219 2720 283 2785 quo
308 2720 344 2763 se
367 2697 565 2783 legionariis
582 2698 745 2765 militibus
761 2702 980 2784 praeferrent.
1004 2701 1071 2767 Ata

75 2803 193 2868 hostes
207 2803 310 2867 etiam
322 2803 358 2866 in
372 2810 523 2867 extrema
537 2823 596 2888 spe
608 2802 730 2869 salutis
747 2813 879 2868 tantam
891 2806 1050 2870 virtutem

72 2906 329 2993 praestiterunt,
345 2914 393 2986 ut,
409 2906 599 2991 comprimi
616 2928 728 2970 eorum
744 2906 960 2991 cecidissent,
976 2931 1050 2993 pro-

72 3008 157 3075 ximi
181 3006 373 3073 iacentibus
397 3008 593 3072 insisterent
618 3015 719 3092 atque
743 3031 784 3072 ex
807 3032 919 3075 eorum
935 3034 1050 3096 corpo-

71 3109 168 3178 ribus
184 3119 393 3197 pugnarent3
415 3109 468 3175 his
486 3110 626 3177 deiectis
650 3133 691 3176 ac
714 3115 924 3179 coacervatis
948 3116 1071 3179 eada-r
1157 3120 1160 3125 '

11 3268 16 3281 .
71 3213 223 3296 veribus,
235 3215 291 3300 qui
303 3222 529 3298 superessent,
541 3225 578 3278 ut
593 3237 635 3280 ex
648 3215 774 3279 tumulo
787 3216 856 3281 tela
869 3219 903 3282 in
916 3228 1049 3283 nostros

72 3318 268 3385 conicerent
293 3325 326 3382 et
348 3316 417 3403 pila
446 3318 634 3404 intercepta
658 3319 885 3385 remitterent:
920 3331 955 3385 ut
983 3343 1071 3385 none

71 3421 276 3509 nequiquam
298 3428 416 3486 tantae
431 3421 567 3486 virtutis
583 3421 734 3486 homines
750 3422 895 3489 iudicari
913 3425 1050 3490 deberet

72 3546 175 3593 ausos
200 3547 275 3592 esse
297 3526 446 3591 transire
473 3525 674 3592 latissimum
697 3528 836 3614 flumen,
866 3528 1051 3595 ascendere
