2376 3924
493 235 570 288 oar.
588 236 698 288 cr-ro.
1017 235 1079 301 271

102 427 172 493 loco
195 426 287 512 pulsa
309 434 342 491 et
363 426 489 492 deiecta
511 435 560 491 est
582 427 623 490 de
646 424 734 491 colle.
765 424 846 488 Cum
871 427 935 488 iam
958 424 1098 489 Caesar«

103 533 320 596 existimasset
342 530 449 595 hostes
472 529 580 615 pulsos
603 528 838 612 deterritosque
861 527 960 590 finem
982 527 1078 592 laces-

102 634 195 699 sendi
216 633 360 699 facturos
387 643 420 698 et
452 635 513 698 iter
544 636 710 718 inceptum
742 653 878 717 pergere
912 633 1078 716 coepisset,

102 741 220 803 iterum
242 737 389 802 celeriter
410 759 453 801 ex
476 739 631 822 proximis
646 734 778 800 collibus
794 742 967 819 erumpunt
981 741 1079 819 atquc'

102 841 218 906 eadem
240 843 374 924 ratione,
398 862 463 926 qua
484 850 559 906 ante
574 840 653 922 dixi,
675 843 709 903 in
725 838 873 903 Caesaris
889 837 1080 921 legionarios

101 947 257 1030 impetum
278 942 402 1008 faciunt
424 943 585 1008 Numidae
608 942 753 1028 levisque
776 951 961 1006 armaturae
984 943 1078 1005 mira-

102 1046 158 1112 bili
180 1047 351 1112 velocitate
373 1048 521 1133 praediti,
553 1048 608 1131 qui
631 1049 714 1110 inter
737 1048 861 1130 equites
889 1045 1079 1130 pugnabant

102 1161 135 1216 et
156 1174 221 1216 una
245 1153 430 1236 pariterque
453 1173 527 1215 cum
555 1148 716 1234 equitibus
746 1171 918 1213 accurrere
941 1158 973 1211 et
994 1149 1078 1213 refu-

102 1277 179 1340 gere
213 1264 457 1319 consueverant.
504 1253 586 1319 Cum
616 1253 678 1317 hoc
706 1255 834 1337 saepius
868 1252 1014 1317 facerent
1046 1263 1098 1317 et5

103 1358 343 1443 proficiscentes
366 1357 508 1422 Iulianos
532 1361 790 1443 insequerentur,
824 1357 1012 1441 refugerent
1034 1357 1077 1419 in·

102 1471 233 1544 stantes,
268 1464 399 1547 propius
422 1484 488 1526 non
510 1461 704 1527 accederent
726 1472 759 1526 et
781 1460 935 1546 singulari
958 1482 1077 1544 genere

102 1587 230 1650 pugnae
252 1574 421 1631 uterentur
436 1588 600 1652 equosque
622 1566 734 1633 iaculis
750 1565 983 1631 convulnerare
1000 1566 1077 1627 satis
1129 1554 1134 1562 ’

101 1671 426 1761 esseexistimarent,
466 1669 587 1734 Caesar
620 1668 778 1734 intellexit
811 1669 889 1733 nihil
912 1668 1000 1732 ahud
1023 1691 1077 1733 cos

101 1775 221 1854 conari,
244 1775 305 1837 nisi
328 1782 364 1837 ut
387 1795 421 1837 se
445 1783 599 1859 cogerent
632 1783 739 1838 castra
772 1794 810 1837 eo
843 1772 912 1836 loco
946 1795 1077 1858 ponere,

48 1945 51 1951 ,
100 1874 157 1940 uhi
191 1879 319 1941 omnine
354 1899 458 1962 aquae
495 1876 574 1940 nihil
606 1885 702 1960 esset,
739 1885 776 1941 ut
808 1879 971 1940 exereitus
1008 1877 1077 1940 eius

100 1981 234 2062 ieiunus,
274 1981 329 2064 qui
363 2002 383 2043 a
417 1989 534 2064 quarta
566 1981 676 2066 vigilia
708 2002 811 2066 usque
839 1980 882 2044 ad
911 1981 1026 2046 horam
1048 1999 1075 2044 ιι.

100 2081 164 2147 diei
185 2082 264 2147 nihil
285 2092 456 2166 gustasset,
479 2107 518 2148 ac
540 2085 684 2149 iumenta
705 2085 757 2149 siti
779 2085 930 2170 perirent.

187 2185 236 2250 70.
260 2184 343 2251 Cum
371 2189 437 2251 iam
466 2186 509 2251 ad
537 2187 611 2252 solis
640 2209 790 2253 oceasum
823 2197 917 2270 esset,
951 2196 984 2251 et
1012 2211 1077 2252 non

100 2297 183 2354 totos
206 2306 225 2352 c
248 2312 362 2375 passus
384 2293 417 2355 in
439 2289 554 2356 horam
582 2302 668 2356 esset
696 2313 895 2377 progressus,
930 2293 1076 2375 equitatu

98 2413 157 2457 suo
193 2403 325 2479 propter
362 2416 519 2480 equorum
562 2397 728 2460 interitum
764 2405 910 2460 extremo
947 2397 1075 2480 agmine

98 2506 232 2568 remoto,
256 2496 397 2582 legiones
419 2501 452 2563 in
475 2501 580 2564 vicem
603 2499 645 2564 ad
668 2509 850 2564 extremum
871 2522 989 2584 agmen
1004 2521 1076 2564 evo-

98 2598 204 2664 cabat.
227 2600 279 2665 Ita
294 2603 361 2665 vim
383 2601 524 2667 hostium
546 2602 672 2688 placide
694 2602 873 2688 leniterque
897 2601 1097 2688 procedens²

98 2725 156 2788 per
204 2704 416 2790 legionarium
465 2706 597 2770 militem
643 2706 841 2772 commodius
886 2706 1074 2771 sustinebat.

97 2806 233 2872 Interim
269 2811 414 2892 equitum
448 2809 665 2874 Numidarum
702 2812 813 2896 copiae
851 2809 968 2874 dextra
1002 2811 1096 2874 sini-a

97 2920 229 2998 atraque
258 2934 316 2998 per
344 2912 439 2977 colles
472 2935 684 2999 praecurrere
718 2937 920 2999 coronaeque
948 2916 982 2979 in
1010 2937 1074 2978 mo·

97 3014 175 3079 dum
198 3017 327 3101 cingere
355 3015 561 3081 multitudine
590 3039 649 3083 sua
677 3017 825 3082 Caesaris
855 3020 973 3102 copiae,
998 3040 1073 3102 pars

96 3140 214 3202 agmen
260 3128 444 3183 extremum
487 3122 622 3205 insequi.
679 3121 827 3187 Caesaris
864 3131 973 3185 autem
1009 3143 1094 3185 noni

96 3222 233 3307 amplius
255 3241 296 3286 111
320 3232 376 3287 aut
399 3242 451 3287 1111
481 3224 596 3289 mihtes
630 3229 776 3290 veterani
813 3228 839 3289 si
873 3246 907 3289 se
941 3246 1073 3289 conver-

94 3328 210 3390 tissent
232 3337 264 3391 et
286 3326 351 3412 pila
374 3326 497 3391 viribus
520 3338 668 3393 contorta
696 3331 729 3393 in
752 3327 909 3392 Numidas
939 3327 1071 3391 infestos

95 3433 315 3513 coniecissent,
339 3431 475 3517 amphus
498 3431 599 3497 duum
620 3432 743 3500 milium
765 3453 898 3496 numero
914 3431 958 3497 ad
970 3453 1071 3497 unum

95 3545 189 3621 terga
221 3535 404 3619 vertebant,
439 3559 479 3602 ac
505 3558 617 3601 rursus
646 3535 689 3601 ad
716 3538 818 3601 aciem
853 3537 973 3622 passim
1003 3559 1076 3603 con·
