<?xml version="1.0" encoding="UTF-8"?>
<!DOCTYPE html PUBLIC "-//W3C//DTD XHTML 1.0 Transitional//EN"
    "http://www.w3.org/TR/xhtml1/DTD/xhtml1-transitional.dtd">
<html xmlns="http://www.w3.org/1999/xhtml" xml:lang="en" lang="en">
 <head>
  <title>
</title>
<meta http-equiv="Content-Type" content="text/html;charset=utf-8" />
  <meta name='ocr-system' content='tesseract 3.04.00' />
  <meta name='ocr-capabilities' content='ocr_page ocr_carea ocr_par ocr_line ocrx_word'/>
</head>
<body>
  <div class='ocr_page' id='page_1' title='image "./ciuliicaesarisc00hoffgoog/ciuliicaesarisc00hoffgoog_0012.png"; bbox 0 0 2376 3924; ppageno 0'>
   <div class='ocr_carea' id='block_1_1' title="bbox 300 1013 872 1113">
    <p class='ocr_par' dir='ltr' id='par_1_1' title="bbox 300 1013 872 1113">
     <span class='ocr_line' id='line_1_1' title="bbox 300 1013 872 1113; baseline -0.009 -1"><span class='ocrx_word' id='word_1_1' title='bbox 300 1013 611 1112; x_wconf 78' lang='lat' dir='ltr'>ADNomuo</span> <span class='ocrx_word' id='word_1_2' title='bbox 649 1013 872 1113; x_wconf 74' lang='lat' dir='ltr'>culum.</span> 
     </span>
    </p>
   </div>
   <div class='ocr_carea' id='block_1_2' title="bbox 536 1227 638 1234">
    <p class='ocr_par' dir='ltr' id='par_1_2' title="bbox 536 1227 638 1234">
     <span class='ocr_line' id='line_1_2' title="bbox 536 1227 638 1234; baseline 0 -1"><span class='ocrx_word' id='word_1_3' title='bbox 536 1227 638 1234; x_wconf 80' lang='lat'>.—</span> 
     </span>
    </p>
   </div>
   <div class='ocr_carea' id='block_1_3' title="bbox 70 1376 1077 3508">
    <p class='ocr_par' dir='ltr' id='par_1_3' title="bbox 94 1376 1077 2478">
     <span class='ocr_line' id='line_1_3' title="bbox 199 1376 1074 1447; baseline 0.002 -19"><span class='ocrx_word' id='word_1_4' title='bbox 199 1381 230 1428; x_wconf 94' lang='grc' dir='ltr'>Β.</span> <span class='ocrx_word' id='word_1_5' title='bbox 244 1379 275 1428; x_wconf 83' lang='lat' dir='ltr'>G.</span> <span class='ocrx_word' id='word_1_6' title='bbox 294 1379 315 1440; x_wconf 96' lang='grc' dir='ltr'>Ι,</span> <span class='ocrx_word' id='word_1_7' title='bbox 334 1379 358 1442; x_wconf 75' lang='lat'>2,</span> <span class='ocrx_word' id='word_1_8' title='bbox 376 1379 406 1429; x_wconf 82' lang='lat'>4:</span> <span class='ocrx_word' id='word_1_9' title='bbox 426 1377 483 1429; x_wconf 77' lang='lat' dir='ltr'>His</span> <span class='ocrx_word' id='word_1_10' title='bbox 501 1377 583 1430; x_wconf 79' lang='lat' dir='ltr'>rebus</span> <span class='ocrx_word' id='word_1_11' title='bbox 601 1376 692 1444; x_wconf 66' lang='lat' dir='ltr'>fiebat,</span> <span class='ocrx_word' id='word_1_12' title='bbox 711 1382 744 1430; x_wconf 79' lang='lat' dir='ltr'>ut</span> <span class='ocrx_word' id='word_1_13' title='bbox 761 1382 788 1431; x_wconf 80' lang='lat' dir='ltr'>ct</span> <span class='ocrx_word' id='word_1_14' title='bbox 805 1377 899 1430; x_wconf 66' lang='lat' dir='ltr'>avolans</span> <span class='ocrx_word' id='word_1_15' title='bbox 919 1377 974 1430; x_wconf 82' lang='lat' dir='ltr'>late</span> <span class='ocrx_word' id='word_1_16' title='bbox 993 1394 1074 1447; x_wconf 80' lang='lat' dir='ltr'>vapa-</span> 
     </span>
     <span class='ocr_line' id='line_1_4' title="bbox 95 1462 1075 1532; baseline -0.001 -14"><span class='ocrx_word' id='word_1_17' title='bbox 95 1469 204 1532; x_wconf 63' lang='grc' dir='ltr'>γαιέων,</span> <span class='ocrx_word' id='word_1_18' title='bbox 218 1469 243 1516; x_wconf 80' lang='lat' dir='ltr'>et</span> <span class='ocrx_word' id='word_1_19' title='bbox 256 1463 350 1516; x_wconf 76' lang='lat' dir='ltr'><strong>minua</strong></span> <span class='ocrx_word' id='word_1_20' title='bbox 368 1462 453 1528; x_wconf 81' lang='lat' dir='ltr'>facile</span> <span class='ocrx_word' id='word_1_21' title='bbox 471 1462 600 1529; x_wconf 66' lang='lat' dir='ltr'>finitimis</span> <span class='ocrx_word' id='word_1_22' title='bbox 619 1463 718 1517; x_wconf 81' lang='lat' dir='ltr'>bellum</span> <span class='ocrx_word' id='word_1_23' title='bbox 736 1463 843 1529; x_wconf 81' lang='lat' dir='ltr'>inferre</span> <span class='ocrx_word' id='word_1_24' title='bbox 857 1469 987 1532; x_wconf 59' lang='lat' dir='ltr'>possum</span> <span class='ocrx_word' id='word_1_25' title='bbox 1012 1479 1075 1531; x_wconf 78' lang='lat' dir='ltr'>quo</span> 
     </span>
     <span class='ocr_line' id='line_1_5' title="bbox 98 1548 1074 1621; baseline 0.001 -19"><span class='ocrx_word' id='word_1_26' title='bbox 98 1555 221 1618; x_wconf 80' lang='lat' dir='ltr'>aperte</span> <span class='ocrx_word' id='word_1_27' title='bbox 238 1549 361 1602; x_wconf 65' lang='lat' dir='ltr'>hortanus</span> <span class='ocrx_word' id='word_1_28' title='bbox 379 1548 503 1602; x_wconf 83' lang='lat' dir='ltr'>bellandi</span> <span class='ocrx_word' id='word_1_29' title='bbox 521 1549 620 1616; x_wconf 73' lang='lat' dir='ltr'>cupidi</span> <span class='ocrx_word' id='word_1_30' title='bbox 637 1564 737 1618; x_wconf 75' lang='lat' dir='ltr'>ncapao</span> <span class='ocrx_word' id='word_1_31' title='bbox 751 1549 844 1602; x_wconf 77' lang='lat' dir='ltr'>colore</span> <span class='ocrx_word' id='word_1_32' title='bbox 856 1548 1074 1621; x_wconf 69' lang='lat' dir='ltr'>efficiebantur]</span> 
     </span>
     <span class='ocr_line' id='line_1_6' title="bbox 98 1635 1075 1702; baseline 0.001 -16"><span class='ocrx_word' id='word_1_33' title='bbox 98 1636 173 1688; x_wconf 83' lang='lat' dir='ltr'><strong>codd.</strong></span> <span class='ocrx_word' id='word_1_34' title='bbox 193 1651 249 1702; x_wconf 80' lang='lat' dir='ltr'>qua</span> <span class='ocrx_word' id='word_1_35' title='bbox 267 1650 301 1687; x_wconf 80' lang='lat' dir='ltr'>ex</span> <span class='ocrx_word' id='word_1_36' title='bbox 316 1639 401 1702; x_wconf 77' lang='lat' dir='ltr'>parte</span> <span class='ocrx_word' id='word_1_37' title='bbox 419 1636 527 1698; x_wconf 81' lang='lat' dir='ltr'>habent,</span> <span class='ocrx_word' id='word_1_38' title='bbox 546 1635 628 1701; x_wconf 82' lang='lat' dir='ltr'>idque</span> <span class='ocrx_word' id='word_1_39' title='bbox 638 1635 792 1702; x_wconf 85' lang='lat' dir='ltr'>Nipperdey</span> <span class='ocrx_word' id='word_1_40' title='bbox 805 1643 831 1686; x_wconf 81' lang='lat' dir='ltr'>et</span> <span class='ocrx_word' id='word_1_41' title='bbox 850 1653 942 1686; x_wconf 83' lang='lat' dir='ltr'>omnes</span> <span class='ocrx_word' id='word_1_42' title='bbox 960 1637 1016 1687; x_wconf 87' lang='lat' dir='ltr'>fere</span> <span class='ocrx_word' id='word_1_43' title='bbox 1035 1653 1075 1687; x_wconf 89' lang='lat' dir='ltr'>re·</span> 
     </span>
     <span class='ocr_line' id='line_1_7' title="bbox 97 1719 1075 1790; baseline 0.002 -16"><span class='ocrx_word' id='word_1_44' title='bbox 97 1723 231 1774; x_wconf 78' lang='lat' dir='ltr'>contiones</span> <span class='ocrx_word' id='word_1_45' title='bbox 257 1719 373 1772; x_wconf 78' lang='lat' dir='ltr'>editores</span> <span class='ocrx_word' id='word_1_46' title='bbox 397 1728 566 1789; x_wconf 82' lang='lat' dir='ltr'>receperunt.</span> <span class='ocrx_word' id='word_1_47' title='bbox 597 1723 799 1773; x_wconf 87' lang='lat' dir='ltr'>insolentiorem</span> <span class='ocrx_word' id='word_1_48' title='bbox 827 1724 955 1773; x_wconf 82' lang='lat' dir='ltr'>vocabuli</span> <span class='ocrx_word' id='word_1_49' title='bbox 977 1723 1075 1790; x_wconf 78' lang='lat' dir='ltr'>pariis</span> 
     </span>
     <span class='ocr_line' id='line_1_8' title="bbox 95 1807 1075 1874; baseline 0 -15"><span class='ocrx_word' id='word_1_50' title='bbox 95 1825 176 1859; x_wconf 78' lang='lat' dir='ltr'><strong>uuum</strong></span> <span class='ocrx_word' id='word_1_51' title='bbox 193 1808 322 1872; x_wconf 88' lang='lat' dir='ltr'>Nipperd.</span> <span class='ocrx_word' id='word_1_52' title='bbox 341 1808 466 1874; x_wconf 84' lang='lat' dir='ltr'>Prolegg.</span> <span class='ocrx_word' id='word_1_53' title='bbox 485 1825 510 1873; x_wconf 92' lang='lat' dir='ltr'>p.</span> <span class='ocrx_word' id='word_1_54' title='bbox 530 1807 563 1856; x_wconf 87' lang='lat'>50</span> <span class='ocrx_word' id='word_1_55' title='bbox 582 1824 640 1874; x_wconf 81' lang='lat' dir='ltr'><strong>sqq.</strong></span> <span class='ocrx_word' id='word_1_56' title='bbox 663 1809 793 1874; x_wconf 84' lang='lat' dir='ltr'>exemplis</span> <span class='ocrx_word' id='word_1_57' title='bbox 817 1810 933 1874; x_wconf 86' lang='lat' dir='ltr'>probare</span> <span class='ocrx_word' id='word_1_58' title='bbox 959 1809 1075 1874; x_wconf 78' lang='lat' dir='ltr'>studuit3</span> 
     </span>
     <span class='ocr_line' id='line_1_9' title="bbox 95 1894 1077 1960; baseline 0.002 -16"><span class='ocrx_word' id='word_1_59' title='bbox 95 1894 145 1944; x_wconf 83' lang='lat' dir='ltr'>sed</span> <span class='ocrx_word' id='word_1_60' title='bbox 164 1895 270 1943; x_wconf 86' lang='lat' dir='ltr'>etiamsi</span> <span class='ocrx_word' id='word_1_61' title='bbox 294 1895 467 1944; x_wconf 85' lang='lat' dir='ltr'>concedimus</span> <span class='ocrx_word' id='word_1_62' title='bbox 486 1895 567 1944; x_wconf 86' lang='lat' dir='ltr'>latius</span> <span class='ocrx_word' id='word_1_63' title='bbox 585 1901 679 1960; x_wconf 82' lang='lat' dir='ltr'>patere</span> <span class='ocrx_word' id='word_1_64' title='bbox 697 1896 752 1944; x_wconf 87' lang='lat' dir='ltr'>vim</span> <span class='ocrx_word' id='word_1_65' title='bbox 777 1895 852 1944; x_wconf 90' lang='lat' dir='ltr'>illius</span> <span class='ocrx_word' id='word_1_66' title='bbox 871 1897 959 1957; x_wconf 87' lang='lat' dir='ltr'>vocis,</span> <span class='ocrx_word' id='word_1_67' title='bbox 986 1897 1025 1944; x_wconf 85' lang='lat' dir='ltr'>ita</span> <span class='ocrx_word' id='word_1_68' title='bbox 1047 1903 1077 1946; x_wconf 82' lang='lat' dir='ltr'>ut</span> 
     </span>
     <span class='ocr_line' id='line_1_10' title="bbox 94 1974 1075 2046; baseline 0.003 -16"><span class='ocrx_word' id='word_1_69' title='bbox 94 1995 299 2044; x_wconf 83' lang='lat' dir='ltr'><strong>nonnumquam</strong></span> <span class='ocrx_word' id='word_1_70' title='bbox 327 1995 361 2032; x_wconf 74' lang='lat' dir='ltr'>ex</span> <span class='ocrx_word' id='word_1_71' title='bbox 384 1979 481 2046; x_wconf 73' lang='lat' dir='ltr'>aliqua</span> <span class='ocrx_word' id='word_1_72' title='bbox 505 1984 591 2046; x_wconf 73' lang='lat' dir='ltr'>parte</span> <span class='ocrx_word' id='word_1_73' title='bbox 617 1987 721 2031; x_wconf 80' lang='lat' dir='ltr'>vertere</span> <span class='ocrx_word' id='word_1_74' title='bbox 749 1983 836 2046; x_wconf 83' lang='lat' dir='ltr'>possis</span> <span class='ocrx_word' id='word_1_75' title='bbox 864 1974 904 2030; x_wconf 84' lang='lat' dir='ltr'>‘in</span> <span class='ocrx_word' id='word_1_76' title='bbox 929 1982 1004 2032; x_wconf 91' lang='lat' dir='ltr'>einer</span> <span class='ocrx_word' id='word_1_77' title='bbox 1025 1985 1075 2033; x_wconf 93' lang='lat' dir='ltr'>Be·</span> 
     </span>
     <span class='ocr_line' id='line_1_11' title="bbox 94 2060 1075 2135; baseline 0.003 -19"><span class='ocrx_word' id='word_1_78' title='bbox 94 2064 227 2130; x_wconf 84' lang='lat' dir='ltr'>ziehung‚</span> <span class='ocrx_word' id='word_1_79' title='bbox 254 2066 283 2114; x_wconf 89' lang='lat' dir='ltr'>in</span> <span class='ocrx_word' id='word_1_80' title='bbox 302 2067 377 2116; x_wconf 88' lang='lat' dir='ltr'>einer</span> <span class='ocrx_word' id='word_1_81' title='bbox 395 2060 543 2130; x_wconf 78' lang='lat' dir='ltr'>Hinsicht’,</span> <span class='ocrx_word' id='word_1_82' title='bbox 569 2066 670 2131; x_wconf 84' lang='lat' dir='ltr'>ubique</span> <span class='ocrx_word' id='word_1_83' title='bbox 694 2073 786 2117; x_wconf 82' lang='lat' dir='ltr'><strong>tamen</strong></span> <span class='ocrx_word' id='word_1_84' title='bbox 805 2067 838 2115; x_wconf 88' lang='lat' dir='ltr'>de</span> <span class='ocrx_word' id='word_1_85' title='bbox 857 2067 991 2118; x_wconf 85' lang='lat' dir='ltr'>divisione</span> <span class='ocrx_word' id='word_1_86' title='bbox 1010 2085 1075 2135; x_wconf 84' lang='lat' dir='ltr'>qua·</span> 
     </span>
     <span class='ocr_line' id='line_1_12' title="bbox 96 2151 1076 2219; baseline 0.001 -17"><span class='ocrx_word' id='word_1_87' title='bbox 96 2152 158 2202; x_wconf 85' lang='lat' dir='ltr'>dam</span> <span class='ocrx_word' id='word_1_88' title='bbox 188 2151 361 2216; x_wconf 82' lang='lat' dir='ltr'>cogitandum</span> <span class='ocrx_word' id='word_1_89' title='bbox 389 2159 442 2213; x_wconf 87' lang='lat' dir='ltr'>est,</span> <span class='ocrx_word' id='word_1_90' title='bbox 469 2153 509 2202; x_wconf 81' lang='lat' dir='ltr'>ita</span> <span class='ocrx_word' id='word_1_91' title='bbox 531 2158 562 2202; x_wconf 85' lang='lat' dir='ltr'>ut</span> <span class='ocrx_word' id='word_1_92' title='bbox 583 2153 704 2218; x_wconf 80' lang='lat' dir='ltr'>aliquam</span> <span class='ocrx_word' id='word_1_93' title='bbox 723 2154 890 2219; x_wconf 74' lang='lat' dir='ltr'>‘singularem</span> <span class='ocrx_word' id='word_1_94' title='bbox 908 2160 1014 2219; x_wconf 84' lang='lat' dir='ltr'>partem</span> <span class='ocrx_word' id='word_1_95' title='bbox 1031 2155 1076 2204; x_wconf 84' lang='lat' dir='ltr'>vel</span> 
     </span>
     <span class='ocr_line' id='line_1_13' title="bbox 96 2239 1075 2304; baseline 0 -16"><span class='ocrx_word' id='word_1_96' title='bbox 96 2240 229 2290; x_wconf 78' lang='lat' dir='ltr'>rationem</span> <span class='ocrx_word' id='word_1_97' title='bbox 260 2239 294 2287; x_wconf 84' lang='lat' dir='ltr'>ab</span> <span class='ocrx_word' id='word_1_98' title='bbox 323 2239 384 2288; x_wconf 84' lang='lat' dir='ltr'>aliis</span> <span class='ocrx_word' id='word_1_99' title='bbox 411 2239 534 2304; x_wconf 81' lang='lat' dir='ltr'>partibus</span> <span class='ocrx_word' id='word_1_100' title='bbox 561 2240 606 2288; x_wconf 89' lang='lat' dir='ltr'>vel</span> <span class='ocrx_word' id='word_1_101' title='bbox 635 2241 786 2290; x_wconf 83' lang='lat' dir='ltr'>rationibus</span> <span class='ocrx_word' id='word_1_102' title='bbox 817 2240 934 2290; x_wconf 80' lang='lat' dir='ltr'>discerni</span> <span class='ocrx_word' id='word_1_103' title='bbox 965 2242 1075 2291; x_wconf 66' lang='lat' dir='ltr'><strong>sennes.</strong></span> 
     </span>
     <span class='ocr_line' id='line_1_14' title="bbox 97 2324 1076 2391; baseline 0.001 -16"><span class='ocrx_word' id='word_1_104' title='bbox 97 2324 249 2391; x_wconf 83' lang='lat' dir='ltr'>quodcum</span> <span class='ocrx_word' id='word_1_105' title='bbox 268 2325 296 2372; x_wconf 93' lang='lat' dir='ltr'>in</span> <span class='ocrx_word' id='word_1_106' title='bbox 315 2329 436 2374; x_wconf 82' lang='lat' dir='ltr'><strong>nostrum</strong></span> <span class='ocrx_word' id='word_1_107' title='bbox 455 2325 543 2374; x_wconf 90' lang='lat' dir='ltr'>locum</span> <span class='ocrx_word' id='word_1_108' title='bbox 562 2325 643 2390; x_wconf 83' lang='lat' dir='ltr'>plane</span> <span class='ocrx_word' id='word_1_109' title='bbox 662 2341 716 2374; x_wconf 90' lang='lat' dir='ltr'><strong>non</strong></span> <span class='ocrx_word' id='word_1_110' title='bbox 736 2326 828 2390; x_wconf 79' lang='lat' dir='ltr'>cadat,</span> <span class='ocrx_word' id='word_1_111' title='bbox 855 2327 883 2375; x_wconf 89' lang='lat' dir='ltr'>in</span> <span class='ocrx_word' id='word_1_112' title='bbox 910 2329 1000 2391; x_wconf 86' lang='lat' dir='ltr'>priore</span> <span class='ocrx_word' id='word_1_113' title='bbox 1021 2329 1076 2377; x_wconf 88' lang='lat' dir='ltr'>edi·</span> 
     </span>
     <span class='ocr_line' id='line_1_15' title="bbox 96 2410 1075 2478; baseline 0.001 -15"><span class='ocrx_word' id='word_1_114' title='bbox 96 2413 169 2463; x_wconf 82' lang='lat' dir='ltr'>tione</span> <span class='ocrx_word' id='word_1_115' title='bbox 203 2410 370 2461; x_wconf 85' lang='lat' dir='ltr'>conieceram</span> <span class='ocrx_word' id='word_1_116' title='bbox 402 2414 487 2477; x_wconf 75' lang='lat' dir='ltr'>parte</span> <span class='ocrx_word' id='word_1_117' title='bbox 521 2427 553 2461; x_wconf 87' lang='lat' dir='ltr'>ex</span> <span class='ocrx_word' id='word_1_118' title='bbox 586 2411 745 2476; x_wconf 82' lang='lat' dir='ltr'>compendio</span> <span class='ocrx_word' id='word_1_119' title='bbox 773 2427 792 2478; x_wconf 86' lang='lat' dir='ltr'>p</span> <span class='ocrx_word' id='word_1_120' title='bbox 816 2427 850 2466; x_wconf 83' lang='lat' dir='ltr'>re</span> <span class='ocrx_word' id='word_1_121' title='bbox 878 2421 970 2462; x_wconf 80' lang='lat' dir='ltr'><strong>natum</strong></span> <span class='ocrx_word' id='word_1_122' title='bbox 1003 2429 1075 2478; x_wconf 78' lang='lat' dir='ltr'>esse3</span> 
     </span>
    </p>

    <p class='ocr_par' dir='ltr' id='par_1_4' title="bbox 70 2496 1075 2736">
     <span class='ocr_line' id='line_1_16' title="bbox 97 2496 1075 2567; baseline 0.005 -20"><span class='ocrx_word' id='word_1_123' title='bbox 97 2499 152 2551; x_wconf 71' lang='lat' dir='ltr'>sed=</span> <span class='ocrx_word' id='word_1_124' title='bbox 172 2499 228 2548; x_wconf 83' lang='lat' dir='ltr'>iam</span> <span class='ocrx_word' id='word_1_125' title='bbox 255 2496 430 2546; x_wconf 80' lang='lat' dir='ltr'>verisimilius</span> <span class='ocrx_word' id='word_1_126' title='bbox 458 2497 533 2559; x_wconf 83' lang='lat' dir='ltr'>duxi,</span> <span class='ocrx_word' id='word_1_127' title='bbox 553 2497 697 2562; x_wconf 84' lang='lat' dir='ltr'>genuinam</span> <span class='ocrx_word' id='word_1_128' title='bbox 724 2500 883 2563; x_wconf 82' lang='lat' dir='ltr'>scripturam</span> <span class='ocrx_word' id='word_1_129' title='bbox 908 2499 992 2550; x_wconf 85' lang='lat' dir='ltr'>fuisse</span> <span class='ocrx_word' id='word_1_130' title='bbox 1015 2514 1075 2567; x_wconf 86' lang='lat' dir='ltr'>quo</span> 
     </span>
     <span class='ocr_line' id='line_1_17' title="bbox 70 2569 1075 2654; baseline 0.003 -19"><span class='ocrx_word' id='word_1_131' title='bbox 70 2571 73 2576; x_wconf 59' lang='grc'><strong>’</strong></span> <span class='ocrx_word' id='word_1_132' title='bbox 98 2587 210 2654; x_wconf 79' lang='lat' dir='ltr'>aperto</span> <span class='ocrx_word' id='word_1_133' title='bbox 227 2569 260 2654; x_wconf 71' lang='grc' dir='ltr'>(ᾇ</span> <span class='ocrx_word' id='word_1_134' title='bbox 280 2585 422 2651; x_wconf 75' lang='lat' dir='ltr'>aperlel3</span> <span class='ocrx_word' id='word_1_135' title='bbox 449 2582 521 2632; x_wconf 86' lang='lat' dir='ltr'><strong>unde</strong></span> <span class='ocrx_word' id='word_1_136' title='bbox 540 2598 601 2633; x_wconf 86' lang='lat' dir='ltr'>cum</span> <span class='ocrx_word' id='word_1_137' title='bbox 623 2583 724 2632; x_wconf 84' lang='lat' dir='ltr'>factum</span> <span class='ocrx_word' id='word_1_138' title='bbox 744 2589 816 2633; x_wconf 83' lang='lat' dir='ltr'>esset</span> <span class='ocrx_word' id='word_1_139' title='bbox 833 2599 894 2651; x_wconf 82' lang='lat' dir='ltr'>qua</span> <span class='ocrx_word' id='word_1_140' title='bbox 913 2588 1017 2652; x_wconf 79' lang='lat' dir='ltr'>perte,</span> <span class='ocrx_word' id='word_1_141' title='bbox 1044 2601 1075 2635; x_wconf 85' lang='lat' dir='ltr'>ex</span> 
     </span>
     <span class='ocr_line' id='line_1_18' title="bbox 98 2669 839 2736; baseline 0.001 -13"><span class='ocrx_word' id='word_1_142' title='bbox 98 2678 252 2722; x_wconf 83' lang='lat' dir='ltr'>correctura</span> <span class='ocrx_word' id='word_1_143' title='bbox 271 2670 369 2720; x_wconf 88' lang='lat' dir='ltr'>deinde</span> <span class='ocrx_word' id='word_1_144' title='bbox 388 2669 517 2733; x_wconf 87' lang='lat' dir='ltr'>scriptum</span> <span class='ocrx_word' id='word_1_145' title='bbox 537 2674 657 2736; x_wconf 76' lang='lat' dir='ltr'>estque</span> <span class='ocrx_word' id='word_1_146' title='bbox 676 2683 715 2721; x_wconf 85' lang='lat' dir='ltr'>ex</span> <span class='ocrx_word' id='word_1_147' title='bbox 734 2672 839 2736; x_wconf 82' lang='lat' dir='ltr'>parte.</span> 
     </span>
    </p>

    <p class='ocr_par' dir='ltr' id='par_1_5' title="bbox 98 2753 1076 3165">
     <span class='ocr_line' id='line_1_19' title="bbox 202 2753 1076 2819; baseline 0.005 -13"><span class='ocrx_word' id='word_1_148' title='bbox 202 2773 224 2806; x_wconf 86' lang='lat' dir='ltr'>c.</span> <span class='ocrx_word' id='word_1_149' title='bbox 242 2758 266 2818; x_wconf 83' lang='lat'>3,</span> <span class='ocrx_word' id='word_1_150' title='bbox 285 2759 314 2805; x_wconf 78' lang='lat'>2:</span> <span class='ocrx_word' id='word_1_151' title='bbox 342 2755 381 2806; x_wconf 72' lang='lat' dir='ltr'>uel</span> <span class='ocrx_word' id='word_1_152' title='bbox 405 2769 452 2806; x_wconf 80' lang='lat' dir='ltr'>eas</span> <span class='ocrx_word' id='word_1_153' title='bbox 475 2768 520 2806; x_wconf 80' lang='lat' dir='ltr'>rea</span> <span class='ocrx_word' id='word_1_154' title='bbox 545 2753 732 2819; x_wconf 72' lang='lat' dir='ltr'>conficiendas</span> <span class='ocrx_word' id='word_1_155' title='bbox 760 2755 902 2808; x_wconf 81' lang='lat' dir='ltr'>biennium</span> <span class='ocrx_word' id='word_1_156' title='bbox 924 2756 979 2809; x_wconf 77' lang='lat' dir='ltr'>sibl</span> <span class='ocrx_word' id='word_1_157' title='bbox 1003 2758 1076 2810; x_wconf 78' lang='lat' dir='ltr'>satis</span> 
     </span>
     <span class='ocr_line' id='line_1_20' title="bbox 98 2840 1076 2910; baseline -0.001 -14"><span class='ocrx_word' id='word_1_158' title='bbox 98 2858 156 2896; x_wconf 81' lang='lat' dir='ltr'>csse</span> <span class='ocrx_word' id='word_1_159' title='bbox 175 2842 333 2896; x_wconf 75' lang='lat' dir='ltr'>duxerunt:</span> <span class='ocrx_word' id='word_1_160' title='bbox 359 2841 390 2893; x_wconf 79' lang='lat' dir='ltr'>e&#39;a</span> <span class='ocrx_word' id='word_1_161' title='bbox 415 2840 529 2892; x_wconf 73' lang='lat' dir='ltr'>tertium</span> <span class='ocrx_word' id='word_1_162' title='bbox 553 2856 659 2893; x_wconf 75' lang='lat' dir='ltr'>anacam</span> <span class='ocrx_word' id='word_1_163' title='bbox 680 2840 882 2908; x_wconf 74' lang='lat' dir='ltr'>profectionem</span> <span class='ocrx_word' id='word_1_164' title='bbox 903 2841 958 2910; x_wconf 77' lang='lat' dir='ltr'>lepe</span> <span class='ocrx_word' id='word_1_165' title='bbox 976 2843 1076 2908; x_wconf 70' lang='lat' dir='ltr'>confir-</span> 
     </span>
     <span class='ocr_line' id='line_1_21' title="bbox 98 2925 1076 2998; baseline 0.001 -17"><span class='ocrx_word' id='word_1_166' title='bbox 98 2932 185 2982; x_wconf 81' lang='lat' dir='ltr'><strong>mant.</strong></span> <span class='ocrx_word' id='word_1_167' title='bbox 223 2925 281 2996; x_wconf 81' lang='lat' dir='ltr'>[Aa</span> <span class='ocrx_word' id='word_1_168' title='bbox 307 2941 354 2978; x_wconf 83' lang='lat' dir='ltr'>eus</span> <span class='ocrx_word' id='word_1_169' title='bbox 381 2941 425 2978; x_wconf 73' lang='lat' dir='ltr'>res</span> <span class='ocrx_word' id='word_1_170' title='bbox 449 2925 645 2994; x_wconf 54' lang='lat' dir='ltr'>collocandas]</span> <span class='ocrx_word' id='word_1_171' title='bbox 674 2926 821 2996; x_wconf 74' lang='lat' dir='ltr'>Orpetoric</span> <span class='ocrx_word' id='word_1_172' title='bbox 847 2927 998 2996; x_wconf 77' lang='lat' dir='ltr'>[dcllpitur.</span> <span class='ocrx_word' id='word_1_173' title='bbox 1034 2929 1076 2998; x_wconf 86' lang='lat' dir='ltr'>Is]</span> 
     </span>
     <span class='ocr_line' id='line_1_22' title="bbox 99 3011 1076 3082; baseline -0.001 -15"><span class='ocrx_word' id='word_1_174' title='bbox 99 3013 153 3068; x_wconf 78' lang='lat' dir='ltr'>albi</span> <span class='ocrx_word' id='word_1_175' title='bbox 171 3012 335 3082; x_wconf 78' lang='lat' dir='ltr'>leputionem</span> <span class='ocrx_word' id='word_1_176' title='bbox 353 3011 392 3064; x_wconf 83' lang='lat' dir='ltr'>ool</span> <span class='ocrx_word' id='word_1_177' title='bbox 413 3011 542 3064; x_wconf 74' lang='lat' dir='ltr'>civitates</span> <span class='ocrx_word' id='word_1_178' title='bbox 566 3011 717 3082; x_wconf 67' lang='lat' dir='ltr'>samma]</span> <span class='ocrx_word' id='word_1_179' title='bbox 752 3015 837 3064; x_wconf 83' lang='lat' dir='ltr'>verba</span> <span class='ocrx_word' id='word_1_180' title='bbox 864 3016 941 3064; x_wconf 80' lang='lat' dir='ltr'><strong>uncis</strong></span> <span class='ocrx_word' id='word_1_181' title='bbox 970 3015 1076 3066; x_wconf 82' lang='lat' dir='ltr'>inclusa</span> 
     </span>
     <span class='ocr_line' id='line_1_23' title="bbox 99 3099 614 3165; baseline -0.006 -14"><span class='ocrx_word' id='word_1_182' title='bbox 99 3117 159 3151; x_wconf 92' lang='lat' dir='ltr'>cum</span> <span class='ocrx_word' id='word_1_183' title='bbox 177 3101 307 3150; x_wconf 85' lang='lat' dir='ltr'>Diibnero</span> <span class='ocrx_word' id='word_1_184' title='bbox 327 3101 419 3165; x_wconf 83' lang='lat' dir='ltr'>spuria</span> <span class='ocrx_word' id='word_1_185' title='bbox 438 3114 497 3149; x_wconf 83' lang='lat' dir='ltr'>esso</span> <span class='ocrx_word' id='word_1_186' title='bbox 515 3099 614 3148; x_wconf 87' lang='lat' dir='ltr'>iudico.</span> 
     </span>
    </p>

    <p class='ocr_par' dir='ltr' id='par_1_6' title="bbox 99 3183 1077 3508">
     <span class='ocr_line' id='line_1_24' title="bbox 200 3183 1077 3252; baseline 0.002 -15"><span class='ocrx_word' id='word_1_187' title='bbox 200 3188 266 3247; x_wconf 80' lang='lat' dir='ltr'>c.8,</span> <span class='ocrx_word' id='word_1_188' title='bbox 286 3188 313 3237; x_wconf 90' lang='lat'>1:</span> <span class='ocrx_word' id='word_1_189' title='bbox 341 3201 360 3237; x_wconf 82' lang='lat' dir='ltr'><strong><em>a</em></strong></span> <span class='ocrx_word' id='word_1_190' title='bbox 378 3184 442 3237; x_wconf 80' lang='lat' dir='ltr'>lacu</span> <span class='ocrx_word' id='word_1_191' title='bbox 460 3183 613 3250; x_wconf 81' lang='lat' dir='ltr'>Lemanno,</span> <span class='ocrx_word' id='word_1_192' title='bbox 642 3200 709 3251; x_wconf 79' lang='lat' dir='ltr'>qua</span> <span class='ocrx_word' id='word_1_193' title='bbox 731 3184 763 3236; x_wconf 79' lang='lat' dir='ltr'>in</span> <span class='ocrx_word' id='word_1_194' title='bbox 780 3184 883 3252; x_wconf 69' lang='lat' dir='ltr'>(lumea</span> <span class='ocrx_word' id='word_1_195' title='bbox 906 3184 1077 3239; x_wconf 74' lang='lat' dir='ltr'>Rhodanum</span> 
     </span>
     <span class='ocr_line' id='line_1_25' title="bbox 99 3269 1077 3340; baseline -0.002 -16"><span class='ocrx_word' id='word_1_196' title='bbox 99 3269 213 3340; x_wconf 65' lang='lat' dir='ltr'>influit]</span> <span class='ocrx_word' id='word_1_197' title='bbox 232 3273 296 3322; x_wconf 89' lang='lat' dir='ltr'>libri</span> <span class='ocrx_word' id='word_1_198' title='bbox 314 3271 363 3338; x_wconf 76' lang='lat' dir='ltr'>qui</span> <span class='ocrx_word' id='word_1_199' title='bbox 376 3271 491 3334; x_wconf 77' lang='lat' dir='ltr'>habent3</span> <span class='ocrx_word' id='word_1_200' title='bbox 510 3270 666 3335; x_wconf 83' lang='lat' dir='ltr'>Nipperdey</span> <span class='ocrx_word' id='word_1_201' title='bbox 685 3271 855 3338; x_wconf 81' lang='lat' dir='ltr'>corruptelae</span> <span class='ocrx_word' id='word_1_202' title='bbox 874 3273 981 3336; x_wconf 85' lang='lat' dir='ltr'><strong>signum</strong></span> <span class='ocrx_word' id='word_1_203' title='bbox 999 3288 1077 3337; x_wconf 85' lang='lat' dir='ltr'>prae·</span> 
     </span>
     <span class='ocr_line' id='line_1_26' title="bbox 101 3356 1076 3426; baseline -0.004 -16"><span class='ocrx_word' id='word_1_204' title='bbox 101 3360 203 3426; x_wconf 81' lang='lat' dir='ltr'>posuit3</span> <span class='ocrx_word' id='word_1_205' title='bbox 230 3359 401 3410; x_wconf 78' lang='lat' dir='ltr'>retinuerunt</span> <span class='ocrx_word' id='word_1_206' title='bbox 427 3357 543 3423; x_wconf 81' lang='lat' dir='ltr'>Frigell,</span> <span class='ocrx_word' id='word_1_207' title='bbox 568 3357 807 3419; x_wconf 82' lang='lat' dir='ltr'><strong>Kran.-Dittenb.,</strong></span> <span class='ocrx_word' id='word_1_208' title='bbox 830 3357 941 3417; x_wconf 89' lang='lat' dir='ltr'>Dinter,</span> <span class='ocrx_word' id='word_1_209' title='bbox 964 3356 1076 3406; x_wconf 86' lang='lat' dir='ltr'>Holder.</span> 
     </span>
     <span class='ocr_line' id='line_1_27' title="bbox 100 3441 1075 3508; baseline -0.008 -11"><span class='ocrx_word' id='word_1_210' title='bbox 100 3445 147 3497; x_wconf 78' lang='lat' dir='ltr'>sed</span> <span class='ocrx_word' id='word_1_211' title='bbox 165 3460 219 3494; x_wconf 93' lang='lat' dir='ltr'><strong>non</strong></span> <span class='ocrx_word' id='word_1_212' title='bbox 238 3441 432 3494; x_wconf 85' lang='lat' dir='ltr'>describendus</span> <span class='ocrx_word' id='word_1_213' title='bbox 452 3447 509 3492; x_wconf 84' lang='lat' dir='ltr'>erat</span> <span class='ocrx_word' id='word_1_214' title='bbox 527 3441 601 3490; x_wconf 86' lang='lat' dir='ltr'>lacus</span> <span class='ocrx_word' id='word_1_215' title='bbox 614 3441 780 3506; x_wconf 84' lang='lat' dir='ltr'><strong>Lemannus,</strong></span> <span class='ocrx_word' id='word_1_216' title='bbox 798 3443 879 3492; x_wconf 90' lang='lat' dir='ltr'>immo</span> <span class='ocrx_word' id='word_1_217' title='bbox 897 3443 975 3492; x_wconf 88' lang='lat' dir='ltr'>locus</span> <span class='ocrx_word' id='word_1_218' title='bbox 994 3443 1075 3508; x_wconf 80' lang='lat' dir='ltr'><strong>signi·</strong></span> 
     </span>
    </p>
   </div>
   <div class='ocr_carea' id='block_1_4' title="bbox 150 3561 905 3606">
    <p class='ocr_par' dir='ltr' id='par_1_7' title="bbox 150 3561 905 3606">
     <span class='ocr_line' id='line_1_28' title="bbox 150 3561 905 3606; baseline -0.012 0"><span class='ocrx_word' id='word_1_219' title='bbox 150 3563 235 3606; x_wconf 71' lang='lat' dir='ltr'>Caesar.</span> <span class='ocrx_word' id='word_1_220' title='bbox 250 3564 268 3606; x_wconf 90' lang='grc' dir='ltr'>Ι.</span> <span class='ocrx_word' id='word_1_221' title='bbox 888 3561 905 3597; x_wconf 82' lang='lat' dir='ltr'>a</span> 
     </span>
    </p>
   </div>
   <div class='ocr_carea' id='block_1_5' title="bbox 0 0 1197 3924">
    <p class='ocr_par' dir='ltr' id='par_1_8' title="bbox 0 0 1197 3924">
     <span class='ocr_line' id='line_1_29' title="bbox 0 0 1197 3924; baseline 0 0"><span class='ocrx_word' id='word_1_222' title='bbox 0 0 1197 3924; x_wconf 95' lang='lat' dir='ltr'> </span> 
     </span>
    </p>
   </div>
  </div>
 </body>
</html>
