<?xml version="1.0" encoding="UTF-8"?>
<!DOCTYPE html PUBLIC "-//W3C//DTD XHTML 1.0 Transitional//EN"
    "http://www.w3.org/TR/xhtml1/DTD/xhtml1-transitional.dtd">
<html xmlns="http://www.w3.org/1999/xhtml" xml:lang="en" lang="en">
 <head>
  <title>
</title>
<meta http-equiv="Content-Type" content="text/html;charset=utf-8" />
  <meta name='ocr-system' content='tesseract 3.04.00' />
  <meta name='ocr-capabilities' content='ocr_page ocr_carea ocr_par ocr_line ocrx_word'/>
</head>
<body>
  <div class='ocr_page' id='page_1' title='image "./ciuliicaesarisc00hoffgoog/ciuliicaesarisc00hoffgoog_0216.png"; bbox 0 0 2376 3924; ppageno 0'>
   <div class='ocr_carea' id='block_1_1' title="bbox 382 225 1068 290">
    <p class='ocr_par' dir='ltr' id='par_1_1' title="bbox 382 225 1068 290">
     <span class='ocr_line' id='line_1_1' title="bbox 382 225 1068 290; baseline 0.022 -15"><span class='ocrx_word' id='word_1_1' title='bbox 382 225 492 276; x_wconf 81' lang='lat' dir='ltr'><strong>uranu</strong></span> <span class='ocrx_word' id='word_1_2' title='bbox 510 225 555 290; x_wconf 84' lang='lat' dir='ltr'><strong>vr,</strong></span> <span class='ocrx_word' id='word_1_3' title='bbox 575 225 652 277; x_wconf 75' lang='lat' dir='ltr'><strong>esp,</strong></span> <span class='ocrx_word' id='word_1_4' title='bbox 671 225 781 278; x_wconf 78' lang='lat' dir='ltr'><strong>es-as.</strong></span> <span class='ocrx_word' id='word_1_5' title='bbox 1006 225 1068 290; x_wconf 81' lang='lat'><strong>163</strong></span> 
     </span>
    </p>
   </div>
   <div class='ocr_carea' id='block_1_2' title="bbox 80 417 1092 3627">
    <p class='ocr_par' dir='ltr' id='par_1_2' title="bbox 88 417 1067 505">
     <span class='ocr_line' id='line_1_2' title="bbox 88 417 1067 505; baseline -0.001 -22"><span class='ocrx_word' id='word_1_6' title='bbox 88 417 177 483; x_wconf 90' lang='lat' dir='ltr'><strong>enim</strong></span> <span class='ocrx_word' id='word_1_7' title='bbox 204 425 339 504; x_wconf 91' lang='lat' dir='ltr'><strong>poterat</strong></span> <span class='ocrx_word' id='word_1_8' title='bbox 374 417 541 482; x_wconf 86' lang='lat' dir='ltr'><strong>universis</strong></span> <span class='ocrx_word' id='word_1_9' title='bbox 571 437 591 480; x_wconf 94' lang='lat' dir='ltr'><strong>a</strong></span> <span class='ocrx_word' id='word_1_10' title='bbox 618 418 805 503; x_wconf 78' lang='lat' dir='ltr'><strong>perterritis</strong></span> <span class='ocrx_word' id='word_1_11' title='bbox 836 440 876 482; x_wconf 88' lang='lat' dir='ltr'><strong>ac</strong></span> <span class='ocrx_word' id='word_1_12' title='bbox 906 417 1067 505; x_wconf 82' lang='lat' dir='ltr'><strong>dispersis</strong></span> 
     </span>
    </p>

    <p class='ocr_par' dir='ltr' id='par_1_3' title="bbox 87 519 1068 609">
     <span class='ocr_line' id='line_1_3' title="bbox 87 519 1068 609; baseline -0.001 -22"><span class='ocrx_word' id='word_1_13' title='bbox 87 521 271 609; x_wconf 89' lang='lat' dir='ltr'><strong>periculum</strong></span> <span class='ocrx_word' id='word_1_14' title='bbox 293 520 471 604; x_wconf 87' lang='lat' dir='ltr'><strong>accidere),</strong></span> <span class='ocrx_word' id='word_1_15' title='bbox 495 519 555 586; x_wconf 91' lang='lat' dir='ltr'><strong>sed</strong></span> <span class='ocrx_word' id='word_1_16' title='bbox 577 522 613 586; x_wconf 92' lang='lat' dir='ltr'><strong>in</strong></span> <span class='ocrx_word' id='word_1_17' title='bbox 637 520 779 605; x_wconf 84' lang='lat' dir='ltr'><strong>singulis</strong></span> <span class='ocrx_word' id='word_1_18' title='bbox 803 521 966 587; x_wconf 87' lang='lat' dir='ltr'><strong>militibus</strong></span> <span class='ocrx_word' id='word_1_19' title='bbox 990 544 1068 587; x_wconf 88' lang='lat' dir='ltr'><strong>con·</strong></span> 
     </span>
    </p>

    <p class='ocr_par' dir='ltr' id='par_1_4' title="bbox 89 625 1068 712">
     <span class='ocr_line' id='line_1_4' title="bbox 89 625 1068 712; baseline -0.001 -21"><span class='ocrx_word' id='word_1_20' title='bbox 89 625 283 710; x_wconf 83' lang='lat' dir='ltr'><strong>servandis3</strong></span> <span class='ocrx_word' id='word_1_21' title='bbox 317 647 404 711; x_wconf 86' lang='lat' dir='ltr'><strong>quae</strong></span> <span class='ocrx_word' id='word_1_22' title='bbox 426 634 540 691; x_wconf 90' lang='lat' dir='ltr'><strong>tamen</strong></span> <span class='ocrx_word' id='word_1_23' title='bbox 574 648 618 691; x_wconf 88' lang='lat' dir='ltr'><strong>ex</strong></span> <span class='ocrx_word' id='word_1_24' title='bbox 643 635 741 712; x_wconf 90' lang='lat' dir='ltr'><strong>parte</strong></span> <span class='ocrx_word' id='word_1_25' title='bbox 765 648 818 690; x_wconf 91' lang='lat' dir='ltr'><strong>res</strong></span> <span class='ocrx_word' id='word_1_26' title='bbox 848 626 893 691; x_wconf 90' lang='lat' dir='ltr'><strong>ad</strong></span> <span class='ocrx_word' id='word_1_27' title='bbox 925 626 1068 691; x_wconf 91' lang='lat' dir='ltr'><strong>salutem</strong></span> 
     </span>
    </p>

    <p class='ocr_par' dir='ltr' id='par_1_5' title="bbox 87 729 1092 918">
     <span class='ocr_line' id='line_1_5' title="bbox 88 729 1092 816; baseline -0.003 -20"><span class='ocrx_word' id='word_1_28' title='bbox 88 732 258 796; x_wconf 89' lang='lat' dir='ltr'><strong>exercitus</strong></span> <span class='ocrx_word' id='word_1_29' title='bbox 287 729 491 816; x_wconf 81' lang='lat' dir='ltr'><strong>pertinebat.</strong></span> <span class='ocrx_word' id='word_1_30' title='bbox 535 730 622 794; x_wconf 86' lang='lat' dir='ltr'><strong>Nam</strong></span> <span class='ocrx_word' id='word_1_31' title='bbox 653 740 686 797; x_wconf 91' lang='lat' dir='ltr'><strong>et</strong></span> <span class='ocrx_word' id='word_1_32' title='bbox 721 729 869 815; x_wconf 91' lang='lat' dir='ltr'><strong>praedae</strong></span> <span class='ocrx_word' id='word_1_33' title='bbox 896 730 1092 815; x_wconf 77' lang='lat' dir='ltr'><strong>cupiditas4</strong></span> 
     </span>
     <span class='ocr_line' id='line_1_6' title="bbox 87 833 1066 918; baseline 0 -19"><span class='ocrx_word' id='word_1_34' title='bbox 87 833 209 899; x_wconf 91' lang='lat' dir='ltr'><strong>multos</strong></span> <span class='ocrx_word' id='word_1_35' title='bbox 232 834 367 918; x_wconf 87' lang='lat' dir='ltr'><strong>longius</strong></span> <span class='ocrx_word' id='word_1_36' title='bbox 391 834 573 918; x_wconf 81' lang='lat' dir='ltr'><strong>evocabat,</strong></span> <span class='ocrx_word' id='word_1_37' title='bbox 605 843 638 899; x_wconf 91' lang='lat' dir='ltr'><strong>et</strong></span> <span class='ocrx_word' id='word_1_38' title='bbox 662 834 769 900; x_wconf 90' lang='lat' dir='ltr'><strong>silvae</strong></span> <span class='ocrx_word' id='word_1_39' title='bbox 792 837 931 900; x_wconf 89' lang='lat' dir='ltr'><strong>incertis</strong></span> <span class='ocrx_word' id='word_1_40' title='bbox 956 835 1066 901; x_wconf 89' lang='lat' dir='ltr'><strong>occul·</strong></span> 
     </span>
    </p>

    <p class='ocr_par' dir='ltr' id='par_1_6' title="bbox 87 936 1089 1128">
     <span class='ocr_line' id='line_1_7' title="bbox 87 936 1089 1024; baseline 0.001 -23"><span class='ocrx_word' id='word_1_41' title='bbox 87 939 199 1023; x_wconf 88' lang='lat' dir='ltr'><strong>tisque</strong></span> <span class='ocrx_word' id='word_1_42' title='bbox 225 937 405 1004; x_wconf 82' lang='lat' dir='ltr'><strong>itineribus</strong></span> <span class='ocrx_word' id='word_1_43' title='bbox 434 938 604 1003; x_wconf 85' lang='lat' dir='ltr'><strong>confertos</strong></span> <span class='ocrx_word' id='word_1_44' title='bbox 629 937 724 1003; x_wconf 91' lang='lat' dir='ltr'><strong>adire</strong></span> <span class='ocrx_word' id='word_1_45' title='bbox 747 937 984 1024; x_wconf 79' lang='lat' dir='ltr'><strong>prohibebant.</strong></span> <span class='ocrx_word' id='word_1_46' title='bbox 1030 936 1089 1012; x_wconf 57' lang='lat' dir='ltr'><strong>si,</strong></span> 
     </span>
     <span class='ocr_line' id='line_1_8' title="bbox 88 1041 1068 1128; baseline 0.002 -23"><span class='ocrx_word' id='word_1_47' title='bbox 88 1043 260 1125; x_wconf 85' lang='lat' dir='ltr'><strong>negotium</strong></span> <span class='ocrx_word' id='word_1_48' title='bbox 283 1041 404 1106; x_wconf 91' lang='lat' dir='ltr'><strong>confici</strong></span> <span class='ocrx_word' id='word_1_49' title='bbox 420 1043 624 1128; x_wconf 90' lang='lat' dir='ltr'><strong>stirpemque</strong></span> <span class='ocrx_word' id='word_1_50' title='bbox 640 1042 809 1107; x_wconf 91' lang='lat' dir='ltr'><strong>hominum</strong></span> <span class='ocrx_word' id='word_1_51' title='bbox 825 1042 1068 1108; x_wconf 90' lang='lat' dir='ltr'><strong>sceleratorum</strong></span> 
     </span>
    </p>

    <p class='ocr_par' dir='ltr' id='par_1_7' title="bbox 88 1143 1067 1230">
     <span class='ocr_line' id='line_1_9' title="bbox 88 1143 1067 1230; baseline 0.003 -22"><span class='ocrx_word' id='word_1_52' title='bbox 88 1146 231 1212; x_wconf 84' lang='lat' dir='ltr'><strong>interfici</strong></span> <span class='ocrx_word' id='word_1_53' title='bbox 247 1143 361 1229; x_wconf 89' lang='lat' dir='ltr'><strong>vellet,</strong></span> <span class='ocrx_word' id='word_1_54' title='bbox 385 1144 607 1210; x_wconf 81' lang='lat' dir='ltr'><strong>dimittendae</strong></span> <span class='ocrx_word' id='word_1_55' title='bbox 629 1145 742 1230; x_wconf 91' lang='lat' dir='ltr'><strong>plures</strong></span> <span class='ocrx_word' id='word_1_56' title='bbox 765 1168 884 1211; x_wconf 89' lang='lat' dir='ltr'><strong>manus</strong></span> <span class='ocrx_word' id='word_1_57' title='bbox 909 1146 1067 1212; x_wconf 86' lang='lat' dir='ltr'><strong>diducen-</strong></span> 
     </span>
    </p>

    <p class='ocr_par' dir='ltr' id='par_1_8' title="bbox 85 1247 1089 1443">
     <span class='ocr_line' id='line_1_10' title="bbox 88 1247 1089 1338; baseline -0.003 -21"><span class='ocrx_word' id='word_1_58' title='bbox 88 1252 188 1338; x_wconf 90' lang='lat' dir='ltr'><strong>dique</strong></span> <span class='ocrx_word' id='word_1_59' title='bbox 211 1257 309 1316; x_wconf 89' lang='lat' dir='ltr'><strong>erant</strong></span> <span class='ocrx_word' id='word_1_60' title='bbox 331 1247 475 1332; x_wconf 81' lang='lat' dir='ltr'><strong>milites3</strong></span> <span class='ocrx_word' id='word_1_61' title='bbox 510 1251 539 1313; x_wconf 90' lang='lat' dir='ltr'><strong>si</strong></span> <span class='ocrx_word' id='word_1_62' title='bbox 562 1251 735 1314; x_wconf 91' lang='lat' dir='ltr'><strong>continere</strong></span> <span class='ocrx_word' id='word_1_63' title='bbox 764 1250 809 1315; x_wconf 89' lang='lat' dir='ltr'><strong>ad</strong></span> <span class='ocrx_word' id='word_1_64' title='bbox 840 1252 938 1335; x_wconf 89' lang='lat' dir='ltr'><strong>signa</strong></span> <span class='ocrx_word' id='word_1_65' title='bbox 961 1252 1089 1323; x_wconf 68' lang='lat' dir='ltr'><strong>mani-0</strong></span> 
     </span>
     <span class='ocr_line' id='line_1_11' title="bbox 85 1354 1067 1443; baseline -0.002 -22"><span class='ocrx_word' id='word_1_66' title='bbox 85 1356 183 1443; x_wconf 91' lang='lat' dir='ltr'><strong>pulos</strong></span> <span class='ocrx_word' id='word_1_67' title='bbox 199 1354 313 1438; x_wconf 87' lang='lat' dir='ltr'><strong>vellet,</strong></span> <span class='ocrx_word' id='word_1_68' title='bbox 336 1363 373 1420; x_wconf 95' lang='lat' dir='ltr'><strong>ut</strong></span> <span class='ocrx_word' id='word_1_69' title='bbox 391 1354 550 1419; x_wconf 89' lang='lat' dir='ltr'><strong>instituta</strong></span> <span class='ocrx_word' id='word_1_70' title='bbox 572 1355 660 1419; x_wconf 89' lang='lat' dir='ltr'><strong>ratio</strong></span> <span class='ocrx_word' id='word_1_71' title='bbox 686 1363 719 1419; x_wconf 91' lang='lat' dir='ltr'><strong>et</strong></span> <span class='ocrx_word' id='word_1_72' title='bbox 742 1354 949 1420; x_wconf 81' lang='lat' dir='ltr'><strong>consuetudo</strong></span> <span class='ocrx_word' id='word_1_73' title='bbox 974 1378 1067 1420; x_wconf 87' lang='lat' dir='ltr'><strong>exer·</strong></span> 
     </span>
    </p>

    <p class='ocr_par' dir='ltr' id='par_1_9' title="bbox 86 1452 1067 1545">
     <span class='ocr_line' id='line_1_12' title="bbox 86 1452 1067 1545; baseline 0 -21"><span class='ocrx_word' id='word_1_74' title='bbox 86 1462 174 1526; x_wconf 90' lang='lat' dir='ltr'><strong>citus</strong></span> <span class='ocrx_word' id='word_1_75' title='bbox 188 1460 330 1525; x_wconf 91' lang='lat' dir='ltr'><strong>Romani</strong></span> <span class='ocrx_word' id='word_1_76' title='bbox 353 1452 562 1545; x_wconf 84' lang='lat' dir='ltr'><strong>postulabat,</strong></span> <span class='ocrx_word' id='word_1_77' title='bbox 585 1456 679 1523; x_wconf 88' lang='lat' dir='ltr'><strong>locus</strong></span> <span class='ocrx_word' id='word_1_78' title='bbox 703 1457 776 1545; x_wconf 90' lang='lat' dir='ltr'><strong>ipse</strong></span> <span class='ocrx_word' id='word_1_79' title='bbox 800 1468 873 1523; x_wconf 90' lang='lat' dir='ltr'><strong>erat</strong></span> <span class='ocrx_word' id='word_1_80' title='bbox 896 1459 1067 1544; x_wconf 90' lang='lat' dir='ltr'><strong>praesidio</strong></span> 
     </span>
    </p>

    <p class='ocr_par' dir='ltr' id='par_1_10' title="bbox 86 1560 1067 1649">
     <span class='ocr_line' id='line_1_13' title="bbox 86 1560 1067 1649; baseline -0.003 -19"><span class='ocrx_word' id='word_1_81' title='bbox 86 1564 252 1646; x_wconf 89' lang='lat' dir='ltr'><strong>barbaris,</strong></span> <span class='ocrx_word' id='word_1_82' title='bbox 275 1584 384 1649; x_wconf 85' lang='lat' dir='ltr'><strong>neque</strong></span> <span class='ocrx_word' id='word_1_83' title='bbox 406 1584 451 1628; x_wconf 87' lang='lat' dir='ltr'><strong>ex</strong></span> <span class='ocrx_word' id='word_1_84' title='bbox 474 1560 606 1628; x_wconf 91' lang='lat' dir='ltr'><strong>occulto</strong></span> <span class='ocrx_word' id='word_1_85' title='bbox 630 1560 816 1627; x_wconf 91' lang='lat' dir='ltr'><strong>insidiandi</strong></span> <span class='ocrx_word' id='word_1_86' title='bbox 840 1571 873 1627; x_wconf 88' lang='lat' dir='ltr'><strong>et</strong></span> <span class='ocrx_word' id='word_1_87' title='bbox 897 1562 1067 1648; x_wconf 88' lang='lat' dir='ltr'><strong>dispersos</strong></span> 
     </span>
    </p>

    <p class='ocr_par' dir='ltr' id='par_1_11' title="bbox 85 1665 1087 1857">
     <span class='ocr_line' id='line_1_14' title="bbox 85 1665 1087 1751; baseline 0.003 -17"><span class='ocrx_word' id='word_1_88' title='bbox 85 1666 373 1734; x_wconf 90' lang='lat' dir='ltr'><strong>circumveniendi</strong></span> <span class='ocrx_word' id='word_1_89' title='bbox 396 1665 539 1751; x_wconf 80' lang='lat' dir='ltr'><strong>singulis</strong></span> <span class='ocrx_word' id='word_1_90' title='bbox 557 1665 673 1732; x_wconf 91' lang='lat' dir='ltr'><strong>deerat</strong></span> <span class='ocrx_word' id='word_1_91' title='bbox 689 1666 844 1732; x_wconf 87' lang='lat' dir='ltr'><strong>audacia.</strong></span> <span class='ocrx_word' id='word_1_92' title='bbox 867 1667 964 1733; x_wconf 91' lang='lat' dir='ltr'><strong>Utin</strong></span> <span class='ocrx_word' id='word_1_93' title='bbox 982 1669 1087 1737; x_wconf 78' lang='lat' dir='ltr'><strong>eius-r</strong></span> 
     </span>
     <span class='ocr_line' id='line_1_15' title="bbox 85 1769 1066 1857; baseline -0.004 -19"><span class='ocrx_word' id='word_1_94' title='bbox 85 1770 177 1838; x_wconf 93' lang='lat' dir='ltr'><strong>modi</strong></span> <span class='ocrx_word' id='word_1_95' title='bbox 201 1769 476 1855; x_wconf 89' lang='lat' dir='ltr'><strong>difficultatibus,</strong></span> <span class='ocrx_word' id='word_1_96' title='bbox 505 1779 667 1857; x_wconf 91' lang='lat' dir='ltr'><strong>quantum</strong></span> <span class='ocrx_word' id='word_1_97' title='bbox 691 1769 871 1853; x_wconf 83' lang='lat' dir='ltr'><strong>diligentia</strong></span> <span class='ocrx_word' id='word_1_98' title='bbox 894 1770 1066 1856; x_wconf 83' lang='lat' dir='ltr'><strong>provideri</strong></span> 
     </span>
    </p>

    <p class='ocr_par' dir='ltr' id='par_1_12' title="bbox 84 1872 1068 1962">
     <span class='ocr_line' id='line_1_16' title="bbox 84 1872 1068 1962; baseline -0.004 -21"><span class='ocrx_word' id='word_1_99' title='bbox 84 1883 230 1962; x_wconf 88' lang='lat' dir='ltr'><strong>poterat,</strong></span> <span class='ocrx_word' id='word_1_100' title='bbox 252 1872 505 1961; x_wconf 78' lang='lat' dir='ltr'><strong>providebatur,</strong></span> <span class='ocrx_word' id='word_1_101' title='bbox 527 1883 564 1941; x_wconf 94' lang='lat' dir='ltr'><strong>ut</strong></span> <span class='ocrx_word' id='word_1_102' title='bbox 588 1875 699 1960; x_wconf 90' lang='lat' dir='ltr'><strong>potius</strong></span> <span class='ocrx_word' id='word_1_103' title='bbox 717 1876 751 1940; x_wconf 92' lang='lat' dir='ltr'><strong>in</strong></span> <span class='ocrx_word' id='word_1_104' title='bbox 767 1875 920 1940; x_wconf 89' lang='lat' dir='ltr'><strong>nocendo</strong></span> <span class='ocrx_word' id='word_1_105' title='bbox 937 1873 1068 1959; x_wconf 90' lang='lat' dir='ltr'><strong>aliquid</strong></span> 
     </span>
    </p>

    <p class='ocr_par' dir='ltr' id='par_1_13' title="bbox 84 1978 1066 2067">
     <span class='ocr_line' id='line_1_17' title="bbox 84 1978 1066 2067; baseline -0.005 -21"><span class='ocrx_word' id='word_1_106' title='bbox 84 1980 425 2067; x_wconf 86' lang='lat' dir='ltr'><strong>praetermitteretur,</strong></span> <span class='ocrx_word' id='word_1_107' title='bbox 449 1980 514 2044; x_wconf 91' lang='lat' dir='ltr'><strong>etsi</strong></span> <span class='ocrx_word' id='word_1_108' title='bbox 538 1980 683 2045; x_wconf 90' lang='lat' dir='ltr'><strong>omnium</strong></span> <span class='ocrx_word' id='word_1_109' title='bbox 707 1981 811 2044; x_wconf 89' lang='lat' dir='ltr'><strong>animi</strong></span> <span class='ocrx_word' id='word_1_110' title='bbox 835 1979 880 2045; x_wconf 90' lang='lat' dir='ltr'><strong>ad</strong></span> <span class='ocrx_word' id='word_1_111' title='bbox 902 1978 1066 2044; x_wconf 89' lang='lat' dir='ltr'><strong>ulciscen-</strong></span> 
     </span>
    </p>

    <p class='ocr_par' dir='ltr' id='par_1_14' title="bbox 86 2081 1066 2168">
     <span class='ocr_line' id='line_1_18' title="bbox 86 2081 1066 2168; baseline -0.004 -17"><span class='ocrx_word' id='word_1_112' title='bbox 86 2085 165 2151; x_wconf 90' lang='lat' dir='ltr'><strong>dum</strong></span> <span class='ocrx_word' id='word_1_113' title='bbox 187 2081 366 2167; x_wconf 83' lang='lat' dir='ltr'><strong>ardebant,</strong></span> <span class='ocrx_word' id='word_1_114' title='bbox 401 2103 501 2168; x_wconf 88' lang='lat' dir='ltr'><strong>quam</strong></span> <span class='ocrx_word' id='word_1_115' title='bbox 533 2104 611 2149; x_wconf 88' lang='lat' dir='ltr'><strong>eum</strong></span> <span class='ocrx_word' id='word_1_116' title='bbox 644 2083 757 2168; x_wconf 91' lang='lat' dir='ltr'><strong>aliquo</strong></span> <span class='ocrx_word' id='word_1_117' title='bbox 786 2083 933 2148; x_wconf 91' lang='lat' dir='ltr'><strong>militum</strong></span> <span class='ocrx_word' id='word_1_118' title='bbox 964 2083 1066 2147; x_wconf 90' lang='lat' dir='ltr'><strong>detri-</strong></span> 
     </span>
    </p>

    <p class='ocr_par' dir='ltr' id='par_1_15' title="bbox 84 2186 1089 2378">
     <span class='ocr_line' id='line_1_19' title="bbox 84 2186 1089 2256; baseline 0.001 -1"><span class='ocrx_word' id='word_1_119' title='bbox 84 2198 197 2255; x_wconf 91' lang='lat' dir='ltr'><strong>mento</strong></span> <span class='ocrx_word' id='word_1_120' title='bbox 229 2195 418 2253; x_wconf 88' lang='lat' dir='ltr'><strong>noceretur.</strong></span> <span class='ocrx_word' id='word_1_121' title='bbox 461 2186 614 2253; x_wconf 86' lang='lat' dir='ltr'><strong>Dimittit</strong></span> <span class='ocrx_word' id='word_1_122' title='bbox 642 2187 687 2253; x_wconf 91' lang='lat' dir='ltr'><strong>ad</strong></span> <span class='ocrx_word' id='word_1_123' title='bbox 715 2188 877 2254; x_wconf 86' lang='lat' dir='ltr'><strong>finitimas</strong></span> <span class='ocrx_word' id='word_1_124' title='bbox 908 2188 1089 2256; x_wconf 88' lang='lat' dir='ltr'><strong>civitatess</strong></span> 
     </span>
     <span class='ocr_line' id='line_1_20' title="bbox 84 2288 1066 2378; baseline -0.003 -20"><span class='ocrx_word' id='word_1_125' title='bbox 84 2293 221 2358; x_wconf 90' lang='lat' dir='ltr'><strong>nuntios</strong></span> <span class='ocrx_word' id='word_1_126' title='bbox 239 2288 386 2356; x_wconf 76' lang='lat' dir='ltr'><strong>Caesar:</strong></span> <span class='ocrx_word' id='word_1_127' title='bbox 409 2312 523 2356; x_wconf 87' lang='lat' dir='ltr'><strong>omnes</strong></span> <span class='ocrx_word' id='word_1_128' title='bbox 541 2301 663 2357; x_wconf 87' lang='lat' dir='ltr'><strong>evocat</strong></span> <span class='ocrx_word' id='word_1_129' title='bbox 679 2313 737 2377; x_wconf 89' lang='lat' dir='ltr'><strong>spe</strong></span> <span class='ocrx_word' id='word_1_130' title='bbox 752 2291 902 2378; x_wconf 89' lang='lat' dir='ltr'><strong>praedae</strong></span> <span class='ocrx_word' id='word_1_131' title='bbox 924 2291 969 2356; x_wconf 90' lang='lat' dir='ltr'><strong>ad</strong></span> <span class='ocrx_word' id='word_1_132' title='bbox 987 2291 1066 2356; x_wconf 92' lang='lat' dir='ltr'><strong>diri·</strong></span> 
     </span>
    </p>

    <p class='ocr_par' dir='ltr' id='par_1_16' title="bbox 84 2393 1067 2484">
     <span class='ocr_line' id='line_1_21' title="bbox 84 2393 1067 2484; baseline -0.002 -21"><span class='ocrx_word' id='word_1_133' title='bbox 84 2395 225 2484; x_wconf 87' lang='lat' dir='ltr'><strong>piendos</strong></span> <span class='ocrx_word' id='word_1_134' title='bbox 254 2393 446 2469; x_wconf 82' lang='lat' dir='ltr'><strong>Eburones,</strong></span> <span class='ocrx_word' id='word_1_135' title='bbox 481 2402 520 2459; x_wconf 93' lang='lat' dir='ltr'><strong>ut</strong></span> <span class='ocrx_word' id='word_1_136' title='bbox 552 2396 663 2480; x_wconf 91' lang='lat' dir='ltr'><strong>potius</strong></span> <span class='ocrx_word' id='word_1_137' title='bbox 694 2397 729 2460; x_wconf 91' lang='lat' dir='ltr'><strong>in</strong></span> <span class='ocrx_word' id='word_1_138' title='bbox 764 2395 859 2462; x_wconf 83' lang='lat' dir='ltr'><strong>silvis</strong></span> <span class='ocrx_word' id='word_1_139' title='bbox 890 2393 1067 2462; x_wconf 76' lang='lat' dir='ltr'><strong>Gallorum</strong></span> 
     </span>
    </p>

    <p class='ocr_par' dir='ltr' id='par_1_17' title="bbox 83 2497 1066 2586">
     <span class='ocr_line' id='line_1_22' title="bbox 83 2497 1066 2586; baseline -0.001 -21"><span class='ocrx_word' id='word_1_140' title='bbox 83 2503 156 2565; x_wconf 86' lang='lat' dir='ltr'><strong>vita</strong></span> <span class='ocrx_word' id='word_1_141' title='bbox 179 2521 280 2586; x_wconf 89' lang='lat' dir='ltr'><strong>quam</strong></span> <span class='ocrx_word' id='word_1_142' title='bbox 303 2497 512 2583; x_wconf 77' lang='lat' dir='ltr'><strong>legionarius</strong></span> <span class='ocrx_word' id='word_1_143' title='bbox 535 2497 632 2564; x_wconf 92' lang='lat' dir='ltr'><strong>miles</strong></span> <span class='ocrx_word' id='word_1_144' title='bbox 655 2498 875 2584; x_wconf 80' lang='lat' dir='ltr'><strong>periclitetur,</strong></span> <span class='ocrx_word' id='word_1_145' title='bbox 905 2499 1005 2564; x_wconf 89' lang='lat' dir='ltr'><strong>simul</strong></span> <span class='ocrx_word' id='word_1_146' title='bbox 1029 2509 1066 2564; x_wconf 93' lang='lat' dir='ltr'><strong>ut</strong></span> 
     </span>
    </p>

    <p class='ocr_par' dir='ltr' id='par_1_18' title="bbox 82 2600 1065 2689">
     <span class='ocr_line' id='line_1_23' title="bbox 82 2600 1065 2689; baseline -0.001 -20"><span class='ocrx_word' id='word_1_147' title='bbox 82 2623 208 2687; x_wconf 84' lang='lat' dir='ltr'><strong>magna</strong></span> <span class='ocrx_word' id='word_1_148' title='bbox 219 2600 436 2668; x_wconf 90' lang='lat' dir='ltr'><strong>multitudine</strong></span> <span class='ocrx_word' id='word_1_149' title='bbox 444 2602 649 2668; x_wconf 89' lang='lat' dir='ltr'><strong>circumfusa</strong></span> <span class='ocrx_word' id='word_1_150' title='bbox 661 2624 720 2689; x_wconf 91' lang='lat' dir='ltr'><strong>pro</strong></span> <span class='ocrx_word' id='word_1_151' title='bbox 728 2602 791 2669; x_wconf 90' lang='lat' dir='ltr'><strong>tali</strong></span> <span class='ocrx_word' id='word_1_152' title='bbox 799 2602 950 2668; x_wconf 85' lang='lat' dir='ltr'><strong>facinore</strong></span> <span class='ocrx_word' id='word_1_153' title='bbox 963 2604 1065 2688; x_wconf 91' lang='lat' dir='ltr'><strong>stirps</strong></span> 
     </span>
    </p>

    <p class='ocr_par' dir='ltr' id='par_1_19' title="bbox 83 2703 1087 2877">
     <span class='ocr_line' id='line_1_24' title="bbox 83 2703 1087 2792; baseline 0.002 -20"><span class='ocrx_word' id='word_1_154' title='bbox 83 2703 577 2773; x_wconf 83' lang='lat' dir='ltr'><strong>aenomencivitatistollatur.</strong></span> <span class='ocrx_word' id='word_1_155' title='bbox 600 2706 1087 2792; x_wconf 84' lang='lat' dir='ltr'><strong>Magnusundiquenumeruso</strong></span> 
     </span>
     <span class='ocr_line' id='line_1_25' title="bbox 83 2810 433 2877; baseline -0.006 -1"><span class='ocrx_word' id='word_1_156' title='bbox 83 2810 241 2877; x_wconf 89' lang='lat' dir='ltr'><strong>celeriter</strong></span> <span class='ocrx_word' id='word_1_157' title='bbox 263 2811 433 2875; x_wconf 86' lang='lat' dir='ltr'><strong>convenit.</strong></span> 
     </span>
    </p>

    <p class='ocr_par' dir='ltr' id='par_1_20' title="bbox 80 2913 1087 3627">
     <span class='ocr_line' id='line_1_26' title="bbox 169 2913 1064 3002; baseline 0.007 -25"><span class='ocrx_word' id='word_1_158' title='bbox 169 2913 221 2978; x_wconf 78' lang='lat'><strong>35.</strong></span> <span class='ocrx_word' id='word_1_159' title='bbox 244 2914 341 2979; x_wconf 86' lang='lat' dir='ltr'><strong>Hace</strong></span> <span class='ocrx_word' id='word_1_160' title='bbox 359 2915 395 2980; x_wconf 93' lang='lat' dir='ltr'><strong>in</strong></span> <span class='ocrx_word' id='word_1_161' title='bbox 410 2914 565 2982; x_wconf 92' lang='lat' dir='ltr'><strong>omnibus</strong></span> <span class='ocrx_word' id='word_1_162' title='bbox 580 2915 776 2981; x_wconf 87' lang='lat' dir='ltr'><strong>Eburonum</strong></span> <span class='ocrx_word' id='word_1_163' title='bbox 799 2917 954 3002; x_wconf 89' lang='lat' dir='ltr'><strong>partibus</strong></span> <span class='ocrx_word' id='word_1_164' title='bbox 971 2938 1064 3002; x_wconf 86' lang='lat' dir='ltr'><strong>gere-</strong></span> 
     </span>
     <span class='ocr_line' id='line_1_27' title="bbox 80 3017 1066 3106; baseline 0.002 -21"><span class='ocrx_word' id='word_1_165' title='bbox 80 3018 216 3100; x_wconf 91' lang='lat' dir='ltr'><strong>bantur,</strong></span> <span class='ocrx_word' id='word_1_166' title='bbox 241 3017 380 3105; x_wconf 87' lang='lat' dir='ltr'><strong>diesque</strong></span> <span class='ocrx_word' id='word_1_167' title='bbox 403 3018 586 3106; x_wconf 87' lang='lat' dir='ltr'><strong>appetebat</strong></span> <span class='ocrx_word' id='word_1_168' title='bbox 601 3020 772 3105; x_wconf 89' lang='lat' dir='ltr'><strong>septimus,</strong></span> <span class='ocrx_word' id='word_1_169' title='bbox 796 3042 894 3106; x_wconf 93' lang='lat' dir='ltr'><strong>quem</strong></span> <span class='ocrx_word' id='word_1_170' title='bbox 916 3020 961 3087; x_wconf 91' lang='lat' dir='ltr'><strong>ad</strong></span> <span class='ocrx_word' id='word_1_171' title='bbox 978 3022 1066 3088; x_wconf 92' lang='lat' dir='ltr'><strong>diem</strong></span> 
     </span>
     <span class='ocr_line' id='line_1_28' title="bbox 82 3120 1065 3210; baseline 0.003 -22"><span class='ocrx_word' id='word_1_172' title='bbox 82 3120 212 3188; x_wconf 77' lang='lat' dir='ltr'><strong>Caesar</strong></span> <span class='ocrx_word' id='word_1_173' title='bbox 228 3121 274 3188; x_wconf 89' lang='lat' dir='ltr'><strong>ad</strong></span> <span class='ocrx_word' id='word_1_174' title='bbox 289 3121 529 3207; x_wconf 89' lang='lat' dir='ltr'><strong>impedimenta</strong></span> <span class='ocrx_word' id='word_1_175' title='bbox 542 3122 777 3210; x_wconf 86' lang='lat' dir='ltr'><strong>legionemque</strong></span> <span class='ocrx_word' id='word_1_176' title='bbox 798 3127 925 3191; x_wconf 81' lang='lat' dir='ltr'><strong>reverti</strong></span> <span class='ocrx_word' id='word_1_177' title='bbox 941 3128 1065 3192; x_wconf 89' lang='lat' dir='ltr'><strong>eonsti-</strong></span> 
     </span>
     <span class='ocr_line' id='line_1_29' title="bbox 82 3226 1087 3316; baseline 0.002 -24"><span class='ocrx_word' id='word_1_178' title='bbox 82 3234 206 3293; x_wconf 89' lang='lat' dir='ltr'><strong>tuerat.</strong></span> <span class='ocrx_word' id='word_1_179' title='bbox 250 3226 333 3309; x_wconf 93' lang='lat' dir='ltr'><strong>Hic,</strong></span> <span class='ocrx_word' id='word_1_180' title='bbox 362 3234 526 3312; x_wconf 87' lang='lat' dir='ltr'><strong>quantum</strong></span> <span class='ocrx_word' id='word_1_181' title='bbox 554 3228 589 3292; x_wconf 91' lang='lat' dir='ltr'><strong>in</strong></span> <span class='ocrx_word' id='word_1_182' title='bbox 617 3227 708 3294; x_wconf 93' lang='lat' dir='ltr'><strong>bello</strong></span> <span class='ocrx_word' id='word_1_183' title='bbox 737 3229 873 3296; x_wconf 88' lang='lat' dir='ltr'><strong>fortuna</strong></span> <span class='ocrx_word' id='word_1_184' title='bbox 895 3232 1003 3316; x_wconf 89' lang='lat' dir='ltr'><strong>possit</strong></span> <span class='ocrx_word' id='word_1_185' title='bbox 1032 3239 1087 3296; x_wconf 83' lang='lat' dir='ltr'><strong>ets</strong></span> 
     </span>
     <span class='ocr_line' id='line_1_30' title="bbox 82 3329 1087 3421; baseline 0.001 -26"><span class='ocrx_word' id='word_1_186' title='bbox 82 3339 226 3417; x_wconf 91' lang='lat' dir='ltr'><strong>quantos</strong></span> <span class='ocrx_word' id='word_1_187' title='bbox 250 3329 371 3397; x_wconf 85' lang='lat' dir='ltr'><strong>afferat</strong></span> <span class='ocrx_word' id='word_1_188' title='bbox 394 3353 505 3416; x_wconf 87' lang='lat' dir='ltr'><strong>casus,</strong></span> <span class='ocrx_word' id='word_1_189' title='bbox 529 3334 691 3418; x_wconf 86' lang='lat' dir='ltr'><strong>cognosci</strong></span> <span class='ocrx_word' id='word_1_190' title='bbox 713 3335 833 3421; x_wconf 91' lang='lat' dir='ltr'><strong>potuit.</strong></span> <span class='ocrx_word' id='word_1_191' title='bbox 877 3333 1087 3418; x_wconf 82' lang='lat' dir='ltr'><strong>Dissipatiss</strong></span> 
     </span>
     <span class='ocr_line' id='line_1_31' title="bbox 82 3432 1062 3521; baseline 0.004 -22"><span class='ocrx_word' id='word_1_192' title='bbox 82 3454 123 3499; x_wconf 91' lang='lat' dir='ltr'><strong>ac</strong></span> <span class='ocrx_word' id='word_1_193' title='bbox 146 3434 337 3521; x_wconf 86' lang='lat' dir='ltr'><strong>perterritis</strong></span> <span class='ocrx_word' id='word_1_194' title='bbox 352 3432 520 3520; x_wconf 89' lang='lat' dir='ltr'><strong>hostibus,</strong></span> <span class='ocrx_word' id='word_1_195' title='bbox 542 3445 581 3502; x_wconf 91' lang='lat' dir='ltr'><strong>ut</strong></span> <span class='ocrx_word' id='word_1_196' title='bbox 604 3435 919 3521; x_wconf 86' lang='lat' dir='ltr'><strong>demonstravimus,</strong></span> <span class='ocrx_word' id='word_1_197' title='bbox 942 3459 1062 3503; x_wconf 91' lang='lat' dir='ltr'><strong>manus</strong></span> 
     </span>
     <span class='ocr_line' id='line_1_32' title="bbox 83 3538 1062 3627; baseline 0.004 -23"><span class='ocrx_word' id='word_1_198' title='bbox 83 3546 157 3605; x_wconf 82' lang='lat' dir='ltr'><strong>erat</strong></span> <span class='ocrx_word' id='word_1_199' title='bbox 189 3538 294 3624; x_wconf 88' lang='lat' dir='ltr'><strong>nulla,</strong></span> <span class='ocrx_word' id='word_1_200' title='bbox 328 3561 415 3626; x_wconf 86' lang='lat' dir='ltr'><strong>quae</strong></span> <span class='ocrx_word' id='word_1_201' title='bbox 447 3562 591 3627; x_wconf 84' lang='lat' dir='ltr'><strong>parvam</strong></span> <span class='ocrx_word' id='word_1_202' title='bbox 624 3542 724 3609; x_wconf 90' lang='lat' dir='ltr'><strong>modo</strong></span> <span class='ocrx_word' id='word_1_203' title='bbox 759 3565 899 3609; x_wconf 89' lang='lat' dir='ltr'><strong>causam</strong></span> <span class='ocrx_word' id='word_1_204' title='bbox 931 3544 1062 3608; x_wconf 91' lang='lat' dir='ltr'><strong>timoris</strong></span> 
     </span>
    </p>
   </div>
   <div class='ocr_carea' id='block_1_3' title="bbox 873 3662 923 3717">
    <p class='ocr_par' dir='ltr' id='par_1_21' title="bbox 873 3662 923 3717">
     <span class='ocr_line' id='line_1_33' title="bbox 873 3662 923 3717; baseline -0.02 0"><span class='ocrx_word' id='word_1_205' title='bbox 873 3662 923 3717; x_wconf 63' lang='lat' dir='ltr'><strong>li*</strong></span> 
     </span>
    </p>
   </div>
   <div class='ocr_carea' id='block_1_4' title="bbox 0 0 1192 3924">
    <p class='ocr_par' dir='ltr' id='par_1_22' title="bbox 0 0 1192 3924">
     <span class='ocr_line' id='line_1_34' title="bbox 0 0 1192 3924; baseline 0 1"><span class='ocrx_word' id='word_1_206' title='bbox 0 0 1192 3924; x_wconf 95' lang='lat' dir='ltr'><strong> </strong></span> 
     </span>
    </p>
   </div>
  </div>
 </body>
</html>
