2376 3924
474 242 553 293 car.
567 245 676 293 rs-aa.
978 220 980 226 ’
1001 244 1066 310 305

85 441 230 518 tempore
264 453 359 495 mane
387 431 538 496 loricatus
565 453 649 496 unus
679 453 723 496 cx
744 431 869 517 legione
894 435 1068 500 vernacula

86 535 129 600 ad
151 557 209 600 nos
231 537 406 620 transfugit
434 545 467 601 et
495 538 656 601 nuntiavit
677 537 867 622 Pompeium
890 537 1068 623 oppidanos

85 638 277 705 Ucubenses
300 661 495 704 convocasse
518 641 628 724 eisque
643 642 688 704 ita
709 642 927 725 imperavisse,
950 651 987 706 ut
1002 640 1069 706 dili-

85 745 195 828 gentia
222 742 368 808 adhibita
403 745 642 828 perquirerent,
687 745 743 828 qui
786 753 893 808 essent
936 766 1070 809 suarum

85 849 227 932 partium
259 849 401 931 itemque
434 844 695 911 adversariorum
728 849 882 911 victoriae
915 846 1067 912 fautores.

85 950 158 1014 Hoc
181 952 355 1034 praeterito
371 958 515 1035 tempore
537 951 571 1013 in
586 949 713 1034 oppido,
738 950 825 1034 quod
846 950 907 1014 fuit
928 959 1092 1035 captum,a

85 1074 200 1118 servus
224 1061 273 1116 est
295 1074 431 1138 prensus
453 1054 486 1116 in
510 1051 670 1135 cuniculo,
695 1073 791 1136 quem
814 1074 914 1139 supra
941 1053 1070 1118 demon·

85 1157 260 1221 stravimus
272 1153 437 1218 dominum
449 1153 626 1239 iugulasse:
650 1156 677 1217 is
692 1157 787 1219 vivus
810 1165 859 1220 est
874 1154 1069 1220 combustus.

85 1259 243 1344 Idemque
272 1260 424 1343 temporis
459 1260 661 1322 centuriones
689 1256 812 1323 loricati
836 1277 899 1322 vm
927 1257 970 1325 ad
993 1257 1094 1324 Cae-r

86 1384 194 1428 sarem
215 1360 460 1445 transfugerunt
483 1383 526 1424 ex
548 1360 673 1444 legione
688 1362 873 1445 vernacula,
898 1372 931 1427 et
946 1365 1069 1447 equites

85 1467 188 1531 nostri
221 1487 295 1528 cum
324 1464 586 1530 adversariorum
611 1463 774 1548 equitibus
797 1468 961 1550 congressi
983 1476 1070 1550 sunt,

87 1579 120 1634 et
143 1571 243 1633 saucii
266 1567 387 1653 aliquot
410 1567 597 1632 occiderunt
619 1567 683 1631 levi
705 1577 879 1635 armatura.
903 1570 954 1633 Ea
975 1579 1091 1634 noctes

86 1672 303 1759 speculatores
327 1674 435 1757 prensi
457 1674 544 1736 servi
566 1687 609 1737 111
632 1681 665 1736 et
687 1694 770 1736 unus
793 1696 836 1737 ex
860 1672 985 1758 legione
999 1695 1070 1738 ver·
1167 1725 1169 1728 .

86 1777 213 1842 nacula.
243 1775 337 1841 Servi
353 1783 429 1840 sunt
451 1777 484 1839 in
507 1797 637 1840 crucem
661 1774 788 1858 sublati,
812 1775 904 1841 militi
927 1768 1071 1842 cervices

31 1936 34 1941 .
86 1879 242 1945 abscisae.

173 1983 225 2046 21.
259 1982 394 2046 Postero
423 1982 475 2045 die
504 1983 628 2066 equites
657 2004 732 2046 cum
753 1982 817 2047 levi
840 1993 1007 2048 armatura
1029 2006 1073 2048 ex

86 2086 349 2152 adversariorum
371 2087 487 2150 castris
516 2085 559 2149 ad
581 2108 640 2150 nos
669 2087 923 2170 transfugerunt.
968 2087 1012 2151 Et
1034 2108 1093 2151 eor

87 2199 234 2275 tempore
258 2190 386 2253 circiter
410 2207 456 2251 xu
479 2191 604 2272 equites
627 2188 859 2274 adaquatores
875 2199 1001 2254 nostros
1018 2212 1073 2253 ex-

87 2300 313 2375 cucurrerunt,
336 2290 504 2356 nonnullos
527 2292 769 2375 interfecerunt,
792 2294 870 2356 itern
886 2291 964 2356 alios
978 2293 1072 2356 vivos

88 2395 316 2479 abduxerunt,
342 2418 359 2459 e
383 2394 500 2480 quibus
524 2396 609 2480 capti
633 2403 708 2459 sunt
730 2397 855 2479 equites
878 2413 951 2459 vul.
985 2395 1093 2460 Insee

86 2502 199 2586 quenti
221 2485 277 2564 dle
292 2499 465 2584 Pompeius
480 2499 586 2561 securi
600 2500 760 2583 percussit
773 2497 920 2562 homines
934 2516 1072 2582 nxxlnl,

88 2605 144 2688 qui
166 2601 358 2668 dicebantur
380 2623 450 2666 esse
472 2601 615 2665 fautores
638 2599 787 2667 Caesaris
809 2603 974 2684 victoriae,
1004 2601 1074 2666 reli.

87 2727 169 2791 quos
191 2729 324 2771 versum
346 2706 501 2791 oppidum
522 2706 614 2769 iussit
636 2703 768 2788 deduci3
792 2703 975 2790 exquibus
998 2706 1073 2770 effu·

88 2817 207 2893 gerunt
229 2826 299 2874 cxx
323 2810 421 2875 etad
443 2808 618 2874 Caesarem
632 2815 803 2872 venerunt.

175 2912 226 2977 22.
271 2914 344 2978 Hoc
381 2914 555 2999 praeterito
592 2921 752 2996 tempore,
791 2911 847 2996 qui
884 2912 918 2974 in
956 2910 1073 2997 oppido

89 3014 221 3101 Ategua
257 3018 505 3083 Ursavonenses
543 3018 629 3100 capti
666 3024 758 3097 sunt,
802 3015 901 3099 legati
938 3017 1074 3101 profecti

90 3128 166 3184 sunt
198 3143 272 3185 cum
301 3121 428 3198 nostris,
463 3121 509 3183 uti
536 3141 606 3183 rem
634 3126 760 3202 gestam
787 3118 1074 3185 Ursavonensibus

90 3222 266 3306 referrent,
297 3221 375 3309 quid
398 3231 568 3308 sperarent
591 3221 631 3285 de
655 3220 713 3285 On.
738 3222 902 3306 Pompeio,
933 3245 1008 3287 cum
1030 3225 1074 3288 vi·

90 3323 206 3392 derant
227 3327 368 3413 hospites
391 3326 546 3411 iugulari,
570 3334 740 3412 praeterea
762 3326 865 3392 multa
887 3326 1009 3391 scelera
1032 3327 1074 3392 ab

88 3430 128 3494 iis
162 3430 249 3514 ficri,
288 3433 343 3517 qui
376 3430 530 3515 praesidii
563 3451 661 3495 causa
695 3429 737 3494 ab
766 3429 815 3494 his
843 3433 1075 3517 reciperentur.

31 3591 37 3597 .
91 3533 251 3614 Quicum
274 3534 316 3599 ad
340 3532 495 3619 oppidum
516 3536 691 3618 venissent,
714 3535 830 3612 nostri,
865 3537 921 3620 qui
942 3534 1098 3600 fuissentr

143 3639 231 3686 Caesar.
245 3643 275 3686 11.
877 3635 910 3687 20
