2376 3924
374 252 423 301 AD
442 252 546 302 BELL.
565 252 671 302 ALEX.
690 254 800 303 tid-ll.
1011 257 1078 306 LIX

94 444 169 493 tione
189 440 286 509 positu
303 440 367 510 ipso
386 443 483 508 scripsi
500 459 549 509 pro
568 443 667 493 tradito
681 441 808 510 positum
826 443 928 511 ipsum.
961 445 1079 511 Nipper-

95 529 148 594 dey
166 534 197 578 ut
214 527 283 579 haec
300 530 385 579 verbe
402 530 546 592 retineret,
573 528 707 581 niunito
734 546 783 595 pro
810 529 949 583 nnnitnrn
976 533 1074 597 posuit.

95 619 124 665 st
142 630 203 664 cum
221 613 303 666 facile
321 613 507 679 intellegatur,
526 630 574 665 cur
585 614 746 665 insolentior
758 614 807 665 ille
820 615 957 666 ablativus
966 615 1074 683 positu,

94 701 227 766 imprimis
247 716 307 750 cum
331 703 372 752 est
390 699 526 766 oppidum
548 703 704 765 antecedat,
732 703 761 751 in
788 700 912 768 positum
941 708 1074 751 mutatum

96 789 139 850 sit,
157 787 246 836 minus
264 785 345 838 facile
364 785 514 851 dispicitur,
534 788 623 837 curin
635 788 726 838 verbis
740 789 918 852 apertissimis
936 785 969 838 in
983 785 1078 852 plano

95 872 154 925 ioco
168 871 242 925 satis
261 869 394 923 mnnita
413 871 520 921 librarii
531 874 705 937 peccaverint
718 873 860 924 scribendo
873 871 1021 925 munitum.
1039 899 1075 909 -

95 963 120 1024 ξ.
138 961 169 1011 2:
195 987 231 1000 -
248 959 344 1026 colles,·
370 973 488 1026 quorum
506 959 682 1013 editissimas
699 975 789 1027 anus,
817 960 866 1027 qui
881 963 1000 1026 propter
1017 959 1074 1012 oic-

96 1045 200 1098 toriani
218 1045 404 1098 Mithridatis
428 1050 454 1098 et
477 1045 674 1110 infelicitatem
698 1045 797 1098 Triari
825 1045 1077 1112 detrimentumque

95 1131 236 1186 exercitus
253 1132 348 1185 nostri
366 1132 560 1199 superioribus
578 1133 754 1198 temporibus
775 1131 853 1200 [locis
867 1137 950 1199 atque
962 1131 1077 1184 itineri-

96 1219 147 1272 bus
164 1234 255 1286 paene
273 1219 441 1273 coniunctus
454 1218 569 1287 oppido]
589 1235 720 1287 nagnam
733 1219 764 1272 in
777 1218 835 1271 illis
845 1219 981 1286 partibus
993 1218 1076 1272 babet

94 1304 277 1372 nobilitatem,
298 1321 348 1358 nec
366 1304 452 1358 neulto
472 1305 584 1374 lonpins
602 1305 714 1358 milibus
730 1320 870 1372 pass-nura
888 1305 944 1358 ΙΙΙ
958 1306 1036 1359 abest
1057 1321 1079 1357 a

95 1391 190 1462 Zela]
216 1394 302 1444 verba
326 1392 522 1460 superioribus
546 1391 613 1445 locis
632 1397 716 1458 atque
734 1391 885 1444 itineribus
900 1407 992 1459 paene
1010 1407 1075 1444 con·

96 1478 212 1532 iunctus
224 1479 337 1544 Madvig
355 1481 382 1528 in
402 1478 455 1529 fine
474 1480 626 1529 sententiae
644 1485 705 1543 post
720 1477 795 1540 Zela,
813 1478 962 1528 Vielhaber
973 1476 1074 1544 (progr.

96 1566 452 1631 gymn.'1⁸heres.Vindob.
474 1566 541 1615 1864
558 1582 584 1629 p.
603 1565 647 1630 23)
666 1565 772 1614 Morum
791 1569 899 1614 secutus
918 1569 978 1629 port
996 1562 1076 1615 nobi·

96 1651 205 1704 litatem
233 1652 436 1716 transponenda
466 1667 525 1702 esse
555 1651 703 1712 duxerant,
734 1651 782 1701 sed
808 1656 903 1700 neutro
931 1649 991 1700 loco
1017 1649 1078 1700 illis

96 1738 291 1805 superioribus
315 1736 383 1790 locis
406 1745 485 1804 aptus
510 1753 604 1788 sensus
624 1736 694 1788 effici
712 1742 809 1803 potest.
840 1737 965 1801 equidem
984 1737 1074 1787 locum

96 1841 128 1876 eo
148 1831 302 1890 corruptum
321 1840 381 1875 esse
398 1831 477 1890 puto,
504 1825 575 1890 quod
593 1830 653 1891 post
671 1823 865 1892 superioribus
885 1824 986 1875 excidit
1008 1829 1078 1878 ient·

92 1912 222 1979 poribus.
251 1910 314 1961 inde
338 1912 439 1961 factum
464 1916 516 1973 est,
544 1917 574 1961 ut
597 1912 632 1961 nd
656 1909 851 1978 superioribus
875 1911 1076 1962 adscriberetur

95 1997 176 2064 locis,
205 2004 231 2048 et
249 2005 280 2048 ut
302 1999 345 2049 his
368 1997 563 2064 superioribus
586 1997 654 2050 locis
678 2001 731 2048 iem
754 1999 968 2063 adiungerentur
990 1999 1076 2048 verba

95 2085 146 2136 illa
171 2085 317 2136 undeunde
345 2084 453 2135 demota
472 2088 555 2151 atque
573 2083 724 2137 itineribus
743 2088 804 2137 cett.
835 2073 968 2149 suspicari
986 2084 1076 2148 possis

94 2172 220 2237 primitus
241 2172 327 2221 fuisse
351 2172 480 2236 scriptum
502 2186 553 2223 nec
571 2169 657 2223 nrulto
676 2169 787 2238 longius
806 2168 919 2222 milibus
934 2183 1077 2237 passurine

95 2256 152 2309 III
165 2256 243 2309 abest
262 2272 280 2308 a
297 2255 374 2318 Zela,
395 2255 547 2309 itineribus
561 2272 653 2324 parite
671 2256 838 2309 coriinnctns
857 2253 970 2322 oppido.

199 2361 222 2394 c.
242 2346 282 2407 73,
301 2345 331 2393 3:
354 2343 407 2396 brec
426 2358 532 2396 onineni
551 2347 755 2410 conspartatun
773 2358 899 2412 apperern
917 2357 951 2394 en
970 2340 1078 2393 eastris

95 2429 214 2482 seruitia
237 2444 405 2498 oggerere
428 2426 533 2497 iussit]
561 2431 638 2480 codd.
662 2433 814 2498 agerentur
839 2429 953 2492 habent;
980 2428 1074 2492 vulge-

94 2523 152 2567 tum
176 2520 292 2585 agerent
313 2518 470 2583 Nipperdey
492 2516 616 2576 retinuit3
643 2515 755 2581 Madvig
778 2518 905 2584 pererent
926 2515 1077 2580 proposuit.

95 2619 156 2653 cum
184 2608 274 2653 autem
300 2608 331 2654 ut
355 2603 503 2654 Vielhaber
529 2604 633 2651 monuit
660 2600 776 2670 (uphem.
800 2617 891 2667 gymn.
916 2607 998 2651 austr.
1025 2600 1075 2649 XX

94 2705 121 2754 p.
133 2689 204 2752 ort),
223 2690 412 2740 coniunctivus
425 2690 460 2740 ab
478 2687 595 2741 iubendi
613 2689 695 2739 verbo
714 2687 871 2753 dependens
890 2687 1076 2738 inscribendi

95 2790 195 2840 genere
218 2777 337 2826 auctoris
355 2775 382 2824 b.
400 2776 441 2827 Al.
461 2775 617 2836 abhorreat,
641 2773 804 2824 infinitivum
831 2775 910 2839 posui
936 2785 1077 2841 apperere.

94 2861 192 2911 Dinter
210 2876 292 2929 apere
310 2863 400 2913 edidit.

199 2964 222 2998 c.
236 2948 276 3012 to,
290 2950 319 2998 l:
339 2949 374 3001 ab
387 2964 467 3016 opere
485 2945 646 3016 reuocutll
664 2950 775 3000 reuocat
789 2963 849 2996 cum
863 2947 965 2996 Iurinio
979 2945 1077 3010 scripsi

93 3049 141 3098 pro
160 3034 259 3086 trudito
277 3038 366 3088 vocat.

199 3123 319 3186 c.tl,1=
340 3121 404 3175 Tuli
421 3121 542 3176 victoria
565 3121 667 3174 totiens
685 3120 774 3173 uictor
791 3119 896 3173 Caesar
913 3114 1079 3170 incredibili

96 3212 137 3261 est
158 3208 270 3261 laetitia
293 3208 423 3277 affectus,
451 3207 525 3276 quod
543 3207 696 3260 maximnm
715 3205 814 3258 bellurn
833 3208 916 3257 tauta
933 3201 1080 3256 celeritate

95 3294 267 3360 confecerat,
295 3294 422 3363 quoadque
440 3292 529 3348 subiti
546 3292 669 3361 periculi
687 3291 882 3345 recordatione
901 3287 1001 3342 laetior
1019 3284 1077 3338 oic-

95 3382 171 3435 toriu
198 3380 295 3446 facilis
323 3396 357 3433 en
385 3379 564 3446 difficillimis
590 3380 673 3433 rebus
700 3375 871 3446 acciderat]
902 3371 1076 3437 exstirpanda

93 3470 193 3520 vocula
219 3467 321 3535 qnod,
349 3483 418 3532 quae
437 3469 466 3517 in
485 3467 562 3517 libris
581 3467 652 3518 male
671 3467 787 3532 repetitu
806 3472 846 3515 est
865 3471 927 3513 ante
945 3456 1077 3525 uictoria,

93 3559 187 3619 aptum
207 3569 315 3605 sensum
335 3553 418 3616 effici,
444 3555 473 3604 in
490 3555 580 3620 priore
599 3555 654 3604 iam
671 3553 752 3603 docui
772 3551 900 3602 editione.
928 3562 971 3596 me
990 3544 1077 3596 secuti
