2376 3924
118 217 184 282 274
462 217 571 267 auum
589 217 760 277 armorui

96 410 318 472 ⁴sconveniret.
352 408 479 492 ltaque,
516 428 579 492 quo
602 408 683 472 haec
716 406 851 472 celerius
879 411 1096 494 conciperent,

120 509 221 575 dabat
255 531 395 595 operam,
431 519 468 577 ut
500 509 641 595 legiones
674 532 740 575 non
772 512 806 574 in
838 533 902 576 uno
930 511 999 577 loco
1023 535 1097 579 con·

119 618 245 698 tineret,
269 614 327 680 sed
349 638 407 701 per
430 637 563 680 oausam
584 614 804 679 frumentandi
825 615 890 681 huc
905 625 1003 700 atquc
1020 616 1097 680 illuc

118 727 272 805 raptaret,
306 719 380 784 ideo
410 718 497 805 quod
530 718 670 783 hostium
700 720 808 804 copias
837 718 879 783 ab
908 741 942 783 se
972 741 1096 806 suoque

96 824 254 909 avestigio
287 844 351 886 non
385 822 583 887 discessurae
617 823 833 889 existimabat.
878 823 989 909 Atque
1022 834 1097 910 post

118 926 204 990 diem
226 928 358 990 tertium
379 924 555 1010 productas
577 928 760 990 accuratius
783 948 858 992 suas
881 929 989 1012 copias
1012 929 1097 992 sicut

116 1032 325 1112 instruxerat,
359 1038 490 1113 propter
523 1028 663 1093 hostium
697 1038 803 1094 castra
833 1039 1096 1116 praetergressus

117 1154 220 1218 aequo
242 1130 311 1197 loco
333 1134 449 1196 invitat
471 1132 514 1196 ad
536 1131 764 1197 dimicandum.
788 1134 965 1219 Postquam
979 1133 1095 1199 abhor-

116 1258 189 1300 rere
223 1257 277 1300 eos
310 1236 409 1317 videt,
443 1236 569 1300 reducit
601 1234 662 1299 sub
691 1259 864 1323 vesperum
897 1236 1038 1324 legiones
1061 1240 1096 1302 in

117 1349 232 1405 castra.

204 1444 253 1506 74.
276 1444 395 1529 Legati
417 1445 547 1507 interim
570 1466 612 1507 ex
635 1443 752 1529 oppido
775 1443 880 1527 Vaga,
915 1444 1002 1528 quod
1025 1445 1094 1509 fini·

117 1550 231 1613 timum
252 1548 313 1612 fuit
335 1548 444 1630 Zetae,
479 1549 569 1610 cuius
592 1545 766 1611 Caesarem
787 1549 924 1632 potitum
946 1569 1016 1612 esse
1040 1548 1094 1612 de·

94 1653 378 1732 monstravimus,
402 1652 551 1735 veniunt3
576 1659 691 1735 petunt
713 1662 746 1714 et
769 1650 949 1733 obsecrant,
973 1660 1009 1715 ut
1031 1651 1095 1716 sibi

116 1755 314 1840 praesidium
346 1755 469 1818 mittat:
503 1776 537 1818 se
570 1775 623 1819 res
657 1753 846 1839 complures,
882 1776 965 1840 quae
998 1754 1093 1820 utiles

94 1858 198 1923 ³bello
226 1860 299 1940 sint,
330 1853 641 1943 [adlministraturos.
666 1858 729 1922 Per
759 1858 846 1923 idem
868 1868 995 1944 tempus
1018 1858 1093 1923 deo·

115 1985 189 2027 rum
216 1962 381 2026 voluntate
415 1962 585 2048 studioque
619 1985 698 2048 erga
721 1962 895 2029 Caesarem
922 1964 1093 2048 transfuga

115 2088 190 2131 suos
212 2068 299 2130 cives
321 2066 399 2130 facit
422 2068 574 2131 certiores
595 2065 712 2131 Iubam
727 2088 839 2151 regem
854 2067 1001 2132 celeriter
1017 2090 1094 2132 cum

116 2173 215 2256 copiis
246 2173 321 2253 suis,
352 2179 529 2256 antequam
557 2169 706 2235 Caesaris
736 2171 933 2256 praesidium
961 2193 998 2237 eo
1021 2195 1092 2258 per·

115 2276 249 2356 veniret,
272 2274 315 2338 ad
338 2273 492 2359 oppidum
515 2275 734 2339 accucurrisse
749 2283 847 2360 atque
863 2274 1092 2342 advenientem

113 2377 318 2442 multitudine
345 2377 545 2442 circumdata
567 2400 605 2442 co
627 2381 764 2463 potitum
787 2379 999 2465 omnibusque
1022 2383 1091 2446 eius

115 2482 224 2568 oppidi
246 2480 357 2546 incolis
380 2481 423 2545 ad
445 2503 546 2545 unum
573 2483 751 2547 interfectis
781 2483 908 2548 dedisse
937 2482 1092 2569 oppidum

114 2585 330 2671 diripiendum
353 2584 590 2670 delendumque
612 2586 775 2653 militibus.

218 2687 268 2752 75.
292 2687 413 2753 Caesar
435 2690 564 2753 interim
586 2688 720 2756 lustrato
749 2692 896 2757 exercitu
918 2711 947 2755 a.
971 2689 1003 2755 d.
1027 2709 1089 2756 ΧΗ.

113 2791 187 2859 Kal.
210 2791 313 2877 April.
349 2800 476 2877 postero
510 2791 563 2856 die
596 2794 761 2879 productis
797 2795 956 2858 universis
990 2797 1090 2880 copiis

112 2918 303 2982 progressus
330 2895 372 2959 ab
403 2899 467 2960 suis
497 2899 610 2961 castris
642 2898 730 2963 milia
757 2919 912 2983 passuum
933 2906 959 2961 V
982 2920 1002 2962 a
1024 2898 1089 2964 Soi-

112 3003 215 3086 pionis
239 3001 366 3065 circiter
389 2999 489 3064 duum
512 2999 636 3064 milium
656 3003 822 3065 interiecto
845 3002 948 3085 spatio
970 3002 1004 3064 in
1020 3004 1089 3066 acie

54 3128 59 3144 ’
92 3106 262 3169 aconstitit.
308 3105 485 3188 Postquam
513 3106 591 3169 satis
620 3103 739 3188 diuque
761 3103 965 3168 adversarios
988 3102 1030 3169 ab
1054 3127 1088 3168 se

113 3209 157 3275 ad
179 3209 400 3274 dimicandum
423 3210 576 3273 invitatos
598 3206 809 3292 supersedere
838 3228 966 3293 pugnae
990 3210 1088 3272 anim·

91 3312 264 3395 aadvertit,
287 3313 414 3377 reducit
429 3315 537 3398 copias
559 3320 752 3397 posteroque
775 3311 828 3376 die
851 3321 957 3376 castra
978 3320 1089 3376 movet

112 3424 210 3500 atque
232 3419 294 3480 iter
317 3414 359 3480 ad
383 3415 536 3501 oppidum
559 3416 739 3498 Sarsuram,
769 3413 826 3479 ubi
849 3414 955 3500 Scipio
978 3415 1088 3479 Numi-

104 3517 223 3584 darum
246 3517 410 3585 lrabuerat
437 3517 634 3605 praesidium
660 3517 922 3607 frumentumque
945 3541 1087 3605 compor-
