2376 3924
387 228 498 277 LIBER
516 228 565 288 ΙΙΙ,
585 225 661 277 ΟΑΡ.
681 229 756 277 6-9.
1019 228 1059 291 67

77 419 228 489 mabant.
246 419 374 484 Horum
391 419 595 485 auctoritate
610 420 744 484 finitimi
761 419 899 485 adducti
919 422 969 501 (ut
983 429 1082 484 sunta

77 523 256 589 Gallorum
286 522 398 588 subita
428 531 460 587 et
495 524 671 609 repentina
695 522 850 600 consilia)
878 523 994 589 cadem
1019 523 1060 588 de

76 650 182 693 causa
199 627 359 692 Trebium
373 627 669 713 Terrasidiumque
682 629 840 711 retinent,
857 638 889 692 et
906 629 1061 693 celeriter

75 732 189 796 missis
206 729 330 814 legatis
346 753 405 816 per
422 753 499 795 suos
517 732 687 817 principes
704 732 791 797 inter
808 755 843 796 se
867 734 1056 814 coniurant,

76 834 161 900 nihil
199 835 266 899 nisi
304 834 471 898 communi
505 834 646 898 consilio
685 843 821 899 acturos
852 834 1058 919 eundemque

79 939 188 1003 omnis
218 937 375 1002 fortunae
405 938 533 1001 exitum
558 959 632 1001 esse
666 937 812 1018 laturos,
848 937 1083 1021 reliquasquel

76 1043 237 1107 civitates
251 1039 447 1123 sollicitant,
464 1041 548 1106 utin
562 1062 601 1104 ca
617 1041 784 1122 libertate,
802 1062 901 1126 quam
918 1062 937 1103 a
953 1044 1057 1106 maio-

76 1144 171 1210 ribus
195 1142 399 1228 acccperint,
422 1165 617 1228 permanere
634 1165 733 1228 quam
748 1144 972 1209 Romanorum
990 1169 1058 1210 ser·

75 1250 220 1314 vitutem
242 1246 390 1332 perferre
414 1247 564 1312 mallent.
590 1247 689 1312 Omni
705 1269 763 1312 ora
780 1249 949 1314 maritima
973 1249 1083 1314 cele-5

75 1354 160 1417 riter
176 1350 222 1416 ad
238 1374 334 1416 suam
351 1353 553 1416 sententiam
565 1351 728 1437 perducta
746 1375 953 1418 communem
970 1353 1059 1437 loga·

76 1458 204 1521 tionem
228 1454 274 1520 ad
289 1454 446 1520 Publium
465 1453 625 1520 Crassum
648 1456 802 1521 mittunt:
827 1458 855 1520 si
878 1457 960 1521 velit
984 1480 1060 1521 suos

78 1560 241 1644 recipere,
266 1558 402 1624 obsides
427 1558 493 1623 sibi
516 1562 678 1625 remittat.

163 1661 193 1727 9.
231 1662 362 1744 Quibus
397 1663 438 1728 de
469 1663 570 1728 rebus
594 1662 722 1729 Caesar
746 1689 766 1729 a
791 1663 913 1730 Crasso
938 1669 1063 1730 certior

74 1768 199 1851 factus,
225 1766 314 1854 quod
330 1768 403 1853 ipse
420 1768 540 1833 aberat
554 1769 699 1853 longius,
716 1790 821 1834 naves
840 1771 975 1835 interim
991 1770 1062 1835 lon.

73 1893 136 1955 gas
150 1871 327 1937 aedificari
341 1874 375 1936 in
391 1872 525 1937 flumine
537 1872 671 1957 Ligere,
692 1873 781 1958 quod
796 1874 903 1938 influit
922 1876 959 1938 in
978 1875 1061 1939 Occ-

73 1998 186 2058 anum,
211 1975 357 2059 remiges
375 1998 417 2041 ex
432 1977 609 2061 provincia
625 1977 768 2058 institui,
792 1987 914 2041 nautas
939 1977 1058 2060 guber-

72 2089 281 2166 natoresque
309 2082 500 2164 comparari
528 2079 631 2145 iubet.
676 2080 739 2144 His
774 2081 873 2145 rebus
903 2081 1085 2147 celeriter2

71 2184 324 2250 administratis
347 2184 434 2269 ipse,
464 2206 540 2249 cum
567 2185 710 2270 primum
736 2206 797 2270 per
819 2187 900 2250 anni
924 2194 1055 2271 tempus

71 2290 195 2374 potuit,
220 2287 266 2351 ad
290 2287 477 2353 exercitum
492 2288 677 2353 contendit.
702 2289 824 2354 Veneti
841 2289 1084 2375 reliquaequea

72 2394 155 2457 item
171 2393 332 2457 civitates
345 2393 482 2476 cognito
496 2390 653 2457 Caesaris
668 2392 827 2475 adventu,
846 2393 942 2457 simul
957 2393 1056 2478 quod,

72 2505 238 2583 quantum
262 2496 297 2561 in
328 2518 364 2560 se
386 2497 517 2562 facinus
541 2496 774 2579 admisissent,
800 2497 1052 2581 intellegebant,

74 2599 229 2686 legatos,
259 2599 349 2686 quod
371 2623 490 2665 nomen
515 2600 560 2665 ad
587 2623 700 2666 omnes
725 2604 880 2667 nationes
906 2612 1060 2667 sanctum

76 2703 347 2791 inviolatumque
370 2726 501 2790 semper
517 2705 656 2787 fuisset,
680 2714 829 2770 retentos
855 2705 897 2770 ab
923 2728 958 2771 se
982 2706 1065 2770 etin

74 2807 215 2873 vincula
238 2808 422 2889 coniectos,
446 2831 505 2894 pro
528 2809 764 2892 magnitudine
780 2809 923 2895 periculi
940 2808 1066 2874 bellum

76 2933 203 2998 parare
227 2920 260 2976 et
283 2913 431 2977 maxime
456 2934 512 2997 ea,
536 2934 623 2997 quae
646 2912 690 2977 ad
714 2935 811 2977 usum
833 2915 969 2978 navium
992 2936 1064 3000 per·

80 3018 203 3101 tinent,
226 3015 405 3103 providere
427 3018 626 3100 instituunt,
650 3017 712 3081 hoc
728 3019 855 3082 maiore
880 3040 953 3103 spe,
977 3018 1067 3103 quod

73 3121 216 3189 multum
250 3128 376 3186 natura
404 3119 471 3185 loci
502 3119 728 3186 confidebant.
773 3120 951 3185 Pedestria
986 3138 1088 3187 esses

76 3226 201 3292 itinera
217 3226 358 3290 concisa
377 3224 569 3306 aestuariis,
593 3225 847 3307 navigationem
869 3224 1063 3310 impeditam

70 3338 211 3417 propter
226 3328 444 3394 inscientiam
455 3327 605 3392 locorum
617 3327 889 3413 paucitatemque
902 3336 1057 3412 portuum

73 3433 241 3517 sciebant,
264 3452 374 3518 neque
396 3439 530 3496 nostroe
548 3432 718 3495 exercitus
740 3440 877 3517 propter
899 3431 1085 3496 frumenti⁵

71 3537 222 3627 inopiam
239 3535 368 3602 diutius
385 3534 475 3620 apud
498 3557 534 3601 se
557 3535 680 3599 morari
702 3555 802 3620 posse
826 3532 1061 3614 confidebant,

856 3655 892 3709 bd:
