2376 3924
131 216 172 281 88
436 213 616 266 nanneno
636 212 794 268 eannrco

108 409 275 492 sagminis
299 408 407 474 nostri
422 406 605 473 venissent.
621 405 661 471 In
678 423 715 470 eo
732 403 859 491 proelio
876 426 919 470 ex
936 404 1105 491 equitibus

107 512 254 577 snost1·is
279 510 526 576 interficiuntur
541 518 701 595 quattuor
718 517 749 572 et
763 510 990 594 septuaginta,
1006 510 1041 574 in
1052 509 1106 574 his

130 618 183 681 vir
205 617 408 681 fortissimus
430 616 508 680 Piso
528 611 728 700 Aquitanas,
753 613 958 700 amplissimo
982 635 1106 697 genere

130 729 241 802 natus,
257 720 350 785 cuius
368 741 451 784 avus
467 719 504 782 in
521 719 661 784 civitate
678 739 739 781 sua
755 738 894 800 regnum
912 716 1106 784 obtinuerat

107 825 257 890 ⁵amicus
282 822 325 889 ab
342 832 460 889 senatu
477 831 591 914 nostro
608 820 807 908 appellatus.
830 820 896 885 Hic
917 843 992 886 oum
1008 823 1106 889 fratri

130 928 312 993 intercluso
329 926 372 992 ab
389 925 542 992 hostibus
559 925 723 991 auxilium
739 926 851 1007 ferret,
881 924 975 991 illum
992 949 1035 992 ex
1049 949 1105 1012 pe-

130 1031 236 1096 riculo
262 1033 393 1118 eripuit,
419 1033 490 1116 ipse
512 1053 595 1117 equo
612 1029 790 1095 vulnerato
808 1030 970 1114 deiectus,
994 1032 1106 1116 quoad

108 1155 120 1196 o
130 1136 250 1221 potuit,
272 1136 456 1201 fortissime
472 1137 617 1217 restitit3
634 1157 710 1200 oum
726 1137 974 1200 circumventus
991 1135 1105 1202 multis

128 1239 323 1306 vulneribus
346 1240 493 1326 acceptis
517 1239 708 1322 cecidisset,
738 1249 839 1325 atque
860 1239 896 1305 id
911 1240 1025 1322 frater,
1048 1242 1105 1326 qui

130 1345 197 1408 iam
219 1343 346 1428 proelio
371 1352 575 1427 excesserat,
599 1343 715 1428 procul
731 1344 1039 1429 animadvertisset,
1056 1345 1105 1409 in·

129 1448 234 1512 citato
253 1469 335 1533 equo
353 1469 388 1512 se
404 1446 557 1512 hostibus
576 1446 697 1512 obtulit
715 1456 815 1533 atque
831 1449 1029 1514 interfectus
1043 1458 1105 1514 est.

218 1549 266 1613 13.
282 1550 355 1616 Hoc
371 1549 462 1617 facto
478 1549 603 1634 proelio
621 1548 749 1616 ansar
771 1573 877 1636 neque
894 1553 961 1617 iam
978 1551 1042 1616 sibi
1058 1552 1104 1617 le·

130 1663 227 1738 gatos
236 1653 424 1719 audiendos
437 1676 545 1740 neque
557 1652 775 1719 condiciones
785 1655 1002 1741 accipiendas
1015 1656 1105 1721 arbi·

130 1756 286 1823 trabatur
309 1756 352 1821 ab
369 1758 421 1839 iis,
446 1758 501 1843 qui
518 1778 577 1842 per
595 1756 705 1822 dolum
722 1767 822 1842 atque
839 1757 980 1824 insidias
998 1762 1104 1845 petita

106 1879 212 1948 space
224 1860 313 1926 ultro
329 1859 455 1926 bellum
470 1859 680 1943 intulissent3
704 1869 902 1947 exspectare
917 1884 1008 1945 vere,
1027 1861 1105 1928 dum

128 1965 275 2030 hostium
287 1965 406 2050 copiae
413 1966 860 2050 augerenturequitatusque
868 1976 1104 2052 reverteretur,

107 2085 276 2134 tsummae
294 2068 484 2133 dementiae
501 2091 575 2133 esse
588 2068 774 2152 iudicabat,
791 2078 823 2134 et
836 2072 975 2154 cognita
989 2069 1104 2137 Gallo·

128 2196 199 2238 rum
223 2173 428 2256 infirmitate,
452 2181 613 2258 quantum
635 2173 702 2237 iam
726 2173 816 2257 apud
832 2195 889 2238 eos
906 2175 1019 2240 hostes
1038 2198 1103 2241 uno

127 2277 254 2363 proelio
271 2277 485 2341 auctoritatis
500 2285 613 2341 essent
628 2279 812 2359 consecuti,
829 2278 1014 2363 sentiebat3
1033 2282 1104 2365 qui-

127 2380 190 2445 bus
208 2380 252 2444 ad
268 2380 411 2445 consilia
426 2379 593 2466 capienda
609 2379 692 2444 nihil
709 2381 811 2466 spatii
828 2379 975 2447 dandum
988 2383 1103 2447 existi·

106 2483 253 2550 amabat.
277 2484 338 2548 His
355 2485 549 2549 constitutis
566 2483 665 2549 rebus
683 2493 716 2549 et
732 2484 872 2550 consilio
889 2507 964 2550 cum
979 2485 1104 2570 legatis

129 2598 161 2654 ct
185 2597 363 2675 quaestore
386 2589 643 2671 communicato,
671 2610 714 2652 ne
739 2609 836 2673 quem
859 2588 947 2653 diem
969 2611 1103 2674 pugnae

128 2693 421 2779 praetermitteret,
445 2692 727 2777 opportunissima
757 2714 810 2756 res
843 2691 985 2777 accidit,
1015 2694 1103 2779 quod

128 2796 291 2881 postridie
308 2797 379 2860 eius
396 2794 463 2860 diei
479 2817 577 2860 mane
590 2793 707 2860 eadem
720 2803 752 2860 et
764 2795 906 2881 perfidia
922 2804 955 2861 et
968 2796 1104 2863 simula·

129 2900 219 2964 tione
242 2900 293 2963 usi
319 2897 480 2964 Germani
502 2898 695 2984 frequentes
718 2898 871 2964 omnibus
894 2900 1103 2986 principibus

128 3002 376 3089 maioribusque
392 3012 474 3068 natu
490 3002 652 3068 adhibitis
670 3002 714 3069 ad
731 3025 804 3068 eum
821 3003 856 3068 in
872 3012 988 3069 castra
1004 3027 1103 3069 vene·

107 3115 217 3190 crunt,
235 3107 342 3189 simul,
359 3116 394 3172 ut
414 3105 599 3189 dicebatur,
624 3109 675 3173 sui
691 3108 858 3193 purgandi
874 3130 991 3191 causa,
1014 3109 1103 3194 quod

128 3220 257 3295 contra,
270 3221 369 3298 atque
383 3220 471 3277 esset
485 3211 612 3276 dictum
625 3219 657 3275 et
671 3212 735 3297 ipsi
748 3213 923 3297 petissent,
940 3209 1103 3297 proelium

129 3315 236 3401 pridie
260 3317 514 3398 commisissent,
538 3312 635 3379 simul
659 3323 705 3396 ut,
730 3316 758 3379 si
781 3315 862 3400 quid
884 3323 1032 3400 possent,
1061 3315 1103 3380 de
1163 3396 1172 3414 x

109 3420 271 3486 cindutiis
283 3419 431 3486 fallendo
444 3421 673 3506 impetrarent.
688 3417 780 3499 Quos
793 3417 858 3485 sibi
866 3416 995 3484 Caesar
1009 3417 1102 3485 obla·

132 3537 183 3593 tos
208 3527 344 3610 gavisus
368 3524 444 3592 illos
467 3523 605 3590 retineri
630 3523 746 3607 iussit;
768 3524 840 3608 ipse
856 3544 970 3588 omnes
987 3525 1104 3610 copias
