2376 3924
138 238 201 302 312
434 237 543 288 BELLI
561 236 814 290 morimundus

137 426 262 509 cedere,
285 429 357 510 †in
379 447 443 512 quo
465 426 526 492 sibi
548 447 649 513 prope
671 447 801 492 murum
824 425 1019 492 adversariis
1043 451 1123 494 con·

116 529 322 598 rstituebant.
356 531 471 616 Itaque
487 533 586 595 nostri
603 528 791 616 procedunt.
825 530 994 595 Interdum
1009 535 1122 618 aequi·

137 644 187 698 tas
209 633 270 698 loci
298 633 501 699 adversarios
530 633 747 718 efflagitabat,
780 642 816 698 ut
843 633 899 698 tali
928 633 1120 702 condicione

115 738 370 806 acontenderent
393 738 435 802 ad
457 739 643 820 victoriam,
676 758 783 822 neque
810 747 920 803 tamen
947 738 992 802 illi
1015 761 1034 802 a
1058 761 1120 805 sua

138 841 369 906 consuetudine
392 840 612 922 discedebant,
636 848 672 904 ut
687 850 743 904 aut
759 841 801 905 ab
816 840 944 906 excelso
967 841 1037 907 loco
1061 854 1120 911 aut

138 944 180 1008 ab
203 944 321 1030 oppido
348 944 562 1009 discederent.
607 945 715 1009 Nostri
746 945 828 1030 pede
851 967 961 1031 presso
984 950 1119 1032 propius

136 1053 244 1115 rivum
267 1071 340 1112 cum
362 1049 689 1133 appropinquassent,
719 1047 898 1112 adversarii
919 1051 1119 1133 patrocinari

137 1154 206 1218 loco
228 1153 338 1236 iniquo
361 1173 425 1215 uon
449 1149 608 1215 desinunt.

223 1256 274 1320 30.
305 1255 387 1319 Erat
409 1256 494 1318 acies
511 1272 575 1317 xm
591 1254 705 1339 aquilis
729 1257 911 1338 constituta,
935 1276 1019 1340 quae
1041 1255 1118 1320 late-

137 1360 227 1425 ribus
251 1360 396 1444 equitatu
418 1356 590 1441 tegebatur
613 1379 686 1421 cum
708 1358 771 1421 levi
798 1365 964 1422 armatura
986 1358 1118 1426 milibus

138 1486 206 1546 sex,
229 1471 400 1548 praeterea
423 1461 596 1526 auxiliares
626 1460 826 1526 accedebant
854 1484 954 1548 prope
977 1461 1118 1528 alterum

136 1575 280 1650 tantum3
315 1575 425 1630 nostra
453 1565 615 1651 praesidia
645 1582 741 1628 Lxxx
770 1565 955 1630 cohortibus
983 1574 1016 1630 et
1038 1585 1119 1632 v1111

116 1671 266 1735 amilibus
300 1673 452 1756 equitum.
497 1670 549 1733 Ita
582 1692 655 1733 cum
688 1671 721 1732 in
744 1678 891 1734 extrema
913 1668 1049 1755 planicie
1072 1673 1118 1737 in-

137 1777 249 1860 iquum
282 1777 314 1837 in
347 1773 454 1837 locum
486 1774 586 1837 nostri
619 1773 948 1857 appropinquassent,
983 1783 1118 1858 paratus

138 1878 237 1942 hostis
260 1885 331 1940 erat
358 1877 520 1960 superior,
553 1883 590 1938 ut
616 1873 852 1939 transeundum
880 1878 1027 1960 superius
1055 1879 1118 1942 iter

117 1981 348 2044 evehementer
371 1988 455 2042 esset
475 1978 698 2064 periculosum.
735 1979 831 2060 Quod
852 2001 925 2042 cum
941 2003 961 2043 a
977 1978 1117 2046 Caesare

139 2092 223 2148 esset
253 2082 531 2164 animadversum,
566 2103 607 2146 ne
635 2080 713 2166 quid
746 2089 868 2146 temere
902 2083 996 2168 culpa
1024 2106 1118 2150 secus

139 2187 372 2269 admitteretur,
397 2208 471 2251 eum
492 2185 598 2250 locum
614 2186 749 2252 definire
770 2189 883 2273 coepit.
922 2186 1020 2269 Quod
1042 2211 1118 2254 cum

138 2291 304 2355 hominum
326 2291 459 2356 auribus
482 2300 567 2356 esset
589 2291 759 2376 obiectum,
789 2291 921 2356 moleste
945 2301 977 2356 et
999 2291 1117 2358 acerbe

139 2395 342 2480 accipiebant
364 2395 528 2481 impediri,
558 2417 621 2480 quo
649 2398 755 2459 minus
778 2395 934 2480 proelium
957 2396 1117 2460 conficere

117 2509 277 2584 spossent.
312 2501 405 2569 Haec
419 2521 510 2563 mora
526 2498 729 2562 adversarios
745 2497 916 2563 alacriores
939 2498 1117 2565 efficiebat:

140 2599 287 2667 Caesaris
322 2606 429 2689 copias
462 2604 576 2664 timore
603 2601 752 2686 impediri
780 2601 822 2664 ad
851 2603 1117 2668 committendum

118 2705 304 2791 sproelium.
339 2706 390 2769 Ita
405 2726 439 2768 se
455 2704 625 2768 efferentes
640 2706 749 2787 iniquo
770 2704 838 2769 loco
860 2709 909 2770 sui
925 2714 1117 2790 potestatem

140 2808 333 2891 efficiebant,
357 2817 393 2873 ut
408 2829 525 2892 magno
541 2816 651 2870 tamen
666 2808 808 2891 periculo
831 2829 980 2872 accessus
1003 2831 1116 2873 eorum

117 2910 324 2975 chaberetur.
368 2912 433 2975 Hic
455 2911 625 2975 decumani
648 2932 742 2975 suum
765 2911 884 2993 locum,
915 2933 1015 2975 cornu
1038 2911 1116 2976 dex-

139 3023 225 3078 trum
250 3013 415 3096 tenebant,
446 3015 610 3078 sinistrum
631 3031 680 3077 111.
705 3022 792 3096 etv,
815 3013 897 3098 legio
920 3015 1062 3099 itemque
1085 3025 1118 3080 et

140 3127 248 3181 cetera
271 3116 392 3181 auxilia
414 3126 446 3181 et
469 3120 638 3201 equitatus.
683 3117 845 3181 Proelium
868 3117 1008 3182 clamore
1030 3119 1116 3185 facto

139 3222 356 3284 committitur.

226 3324 276 3386 31.
301 3324 364 3388 Hic
386 3325 446 3388 etsi
467 3325 587 3389 virtute
610 3325 710 3389 nostri
733 3320 979 3408 antecedebant,
1002 3324 1116 3390 adver-

141 3429 215 3491 sarii
238 3426 306 3492 loco
330 3429 494 3514 superiore
517 3449 552 3492 se
575 3426 794 3493 defendebant
816 3428 982 3511 acerrime,
1009 3437 1042 3493 et
1063 3450 1116 3493 ve-

140 3531 273 3596 hemens
295 3531 395 3598 fiebat
417 3531 458 3597 ab
482 3534 627 3618 utrisque
650 3530 769 3596 clamor
791 3528 994 3617 telorumque
1016 3534 1116 3596 missu
