2376 3924
391 237 503 290 LIBER
520 236 570 299 111.
590 237 666 290 cnP.
686 239 795 296 tlt-tt,
1016 239 1074 304 141

100 432 186 494 omni
208 437 318 494 tantus
340 430 469 494 incessit
491 451 534 493 ex
555 427 758 494 incommodo
774 428 864 493 dolor
885 437 1076 514 tantumque

101 532 244 597 studium
276 534 428 598 infamiae
461 532 661 615 sarciendae,
695 542 731 598 nt
754 554 848 597 nemo
878 542 934 597 aut
954 531 1077 599 tribuni

100 646 157 700 aut
179 639 374 702 centurionis
407 639 578 723 imperium
612 637 822 720 desideraret,
857 646 889 700 et
911 634 972 700 sibi
993 638 1076 720 quis-

100 761 162 824 que
185 742 282 804 ctiam
305 762 428 826 poenae
450 740 518 805 loco
541 743 707 826 graviores
738 742 918 824 imponeret
939 735 1076 820 labores,

100 843 258 929 simulque
282 866 393 908 omnes
416 843 570 909 arderent
593 843 768 930 cupiditate
790 840 968 929 pugnandi,
1003 862 1077 905 cum

99 949 272 1032 superioris
306 950 403 1012 etiam
441 947 561 1012 ordinis
597 947 741 1012 nonnulli
778 949 902 1011 ratione
940 948 1077 1031 permoti

98 1050 295 1116 manendum
324 1074 361 1116 eo
390 1051 459 1116 loco
491 1061 524 1116 et
555 1074 626 1117 rem
658 1050 778 1137 proelio
812 1048 1076 1114 committendam

98 1158 329 1221 existimarent.
354 1155 475 1220 Contra
498 1178 537 1220 ea
553 1154 673 1220 Caesar
696 1176 801 1240 neque
824 1155 901 1218 satis
923 1150 1097 1218 militibus³

97 1263 275 1344 perterritis
299 1259 484 1326 confidebat
506 1261 710 1345 spatiumque
738 1256 1010 1344 interponendum
1032 1256 1075 1321 ad

97 1363 292 1429 recreandos
322 1366 446 1429 animos
475 1362 621 1449 putabat,
644 1366 672 1424 et
699 1362 817 1428 relictis
835 1360 1075 1428 munitionibus

97 1488 294 1551 magnopere
316 1468 364 1530 rei
386 1466 616 1530 frumentariae
639 1464 782 1531 timebat.

184 1569 234 1632 75.
264 1570 379 1654 Itaque
417 1568 504 1634 nulla
540 1570 729 1655 interposita
765 1591 856 1633 mora
893 1572 1075 1635 sauciorum

96 1672 192 1737 modo
215 1683 248 1738 et
270 1693 443 1758 aegrorum
457 1671 568 1738 habita
583 1675 708 1737 ratione
722 1673 954 1759 impedimenta
969 1675 1075 1738 omnia

97 1776 220 1840 silentio
243 1778 347 1862 prima
369 1786 463 1841 nocte
486 1799 529 1841 ex
551 1779 664 1842 castris
679 1775 884 1863 Apolloniam
899 1780 1073 1864 praemisit.

96 1881 188 1945 Haec
211 1883 439 1966 conquiescere
469 1890 544 1946 ante
567 1883 628 1947 iter
652 1882 833 1948 confectum
855 1885 967 1947 vetuit.
1012 1884 1073 1947 His

95 2007 160 2048 una
182 1984 264 2070 legio
286 1988 384 2049 missa
412 1985 573 2072 praesidio
596 1995 654 2051 est
699 1987 760 2052 His
789 1986 947 2073 explicitis
974 1986 1094 2052 rebusa

96 2087 176 2152 duas
198 2091 232 2153 in
254 2091 368 2154 castris
390 2087 532 2174 legiones
554 2090 695 2172 retinuit,
729 2089 869 2175 reliquas
893 2091 933 2155 de
957 2100 1073 2176 quarta

95 2190 205 2274 vigilia
242 2191 460 2277 compluribus
497 2195 598 2279 portis
635 2192 769 2259 eductas
807 2195 920 2259 eodem
958 2197 1072 2259 itincre

95 2296 260 2379 praemisit
282 2316 448 2381 parvoque
471 2299 574 2381 spatio
596 2298 788 2379 intermisso,
822 2307 859 2361 ut
881 2308 914 2362 et
935 2298 1072 2362 militare

95 2400 277 2462 institutum
306 2407 502 2482 servaretur,
537 2407 570 2464 et
601 2421 699 2485 qnam
728 2402 889 2465 serissime
912 2402 980 2465 eius
1003 2423 1072 2486 pro·

96 2502 192 2565 fectio
237 2511 488 2586 cognosceretur
524 2502 719 2567 conclamari
762 2505 854 2567 iussit
900 2506 1072 2588 statimque

96 2626 245 2689 egressus
268 2614 301 2668 ct
322 2607 532 2671 novissimum
560 2628 679 2692 agmen
707 2615 897 2671 consecutus
926 2606 1073 2671 celeriter

95 2731 136 2772 ex
161 2717 334 2793 conspectu
357 2717 536 2774 castrorum
559 2709 713 2774 discessit.
743 2710 858 2794 Neque
880 2731 958 2774 vero
981 2711 1093 2774 Pom-³

96 2814 186 2898 peius
220 2813 348 2896 cognito
382 2812 512 2878 consilio
546 2814 615 2876 eius
649 2833 774 2876 moram
806 2811 904 2878 ullam
927 2813 969 2878 ad
992 2814 1072 2879 inse-

96 2915 262 3000 quendum
284 2915 405 3000 intulit3
430 2915 488 2981 sed
510 2938 549 2980 ea
572 2915 703 2980 demum
725 2925 885 3002 spectans,
909 2921 935 2984 si
958 2921 1072 2985 itinere

95 3019 265 3104 impeditos
288 3021 476 3105 perterritos
492 3019 736 3106 deprehendere
751 3029 868 3107 posset,
892 3025 1070 3089 exercitum

94 3125 248 3187 ecastris
282 3123 395 3188 eduxit
428 3126 671 3210 equitatumque
704 3127 870 3210 praemisit
898 3127 940 3191 ad
968 3130 1072 3192 novis·

94 3229 210 3291 simum
233 3250 350 3314 agmen
373 3227 618 3311 demorandum,
648 3250 754 3314 neque
776 3233 930 3316 consequi
958 3233 1070 3316 potuit,

94 3331 182 3417 quod
204 3331 342 3396 multum
364 3332 516 3418 expedito
550 3333 664 3398 itinere
697 3341 917 3398 antecesserat
939 3332 1069 3400 Caesar.

94 3435 159 3501 Sed
189 3456 263 3499 cum
284 3444 419 3500 ventum
446 3445 531 3502 esset
558 3435 601 3501 ad
628 3436 750 3502 flumen
771 3437 950 3520 Genusum,
985 3437 1093 3522 quod4

93 3541 170 3623 ripis
193 3548 264 3604 erat
285 3539 456 3626 impeditis,
487 3549 677 3606 consecutus
699 3543 861 3627 equitatus
882 3543 1071 3608 novissimos
