2376 3924
120 251 162 316 52
445 250 495 299 nu
519 247 638 299 amno
658 248 770 299 crv1n1

120 442 272 528 subsequi
294 441 498 528 pabulatores
522 443 709 525 equitesque
731 441 878 504 revocari
903 437 1004 504 iubet.
1045 438 1107 507 Oe·

119 546 227 610 leriter
255 549 415 631 equitatus
444 544 486 611 ad
509 544 707 609 cotidianum
734 545 856 607 itineris
881 543 1026 609 officium
1056 567 1106 610 re

97 652 263 715 ⁵vertitur.
308 651 477 734 Pugnatur
510 651 627 713 acriter
660 646 703 712 ad
731 649 942 712 novissimum
969 669 1105 733 agmen,

99 753 199 818 ¹adeo
227 763 263 818 ut
290 775 392 839 paene
422 762 514 836 terga
540 761 745 834 convertant,
776 750 1022 837 compluresque
1046 756 1105 817 mi·

118 856 204 941 lites,
233 859 330 920 etiam
351 854 493 919 nonnulli
516 857 733 937 centuriones,
763 855 1010 920 interficiuntur.
1050 857 1105 922 In-

119 959 226 1025 stabat
248 982 364 1044 agmen
388 959 535 1024 Caesaris
566 969 662 1043 atque
685 961 872 1023 universum
898 959 1104 1027 imminebat.

204 1063 254 1127 81.
278 1065 364 1128 Tum
385 1085 463 1127 vero
486 1084 591 1147 neque
615 1063 657 1127 ad
680 1063 916 1149 explorandum
945 1064 1105 1131 idoneum

118 1166 224 1231 locum
251 1169 363 1231 castris
390 1188 496 1252 neque
525 1167 568 1231 ad
590 1166 863 1252 progrediendum
891 1167 969 1233 data
1000 1168 1104 1234 facul-

118 1280 184 1334 tate
221 1274 398 1335 consistunt
430 1272 611 1334 necessario
648 1279 681 1334 et
716 1270 828 1355 procul
865 1270 907 1335 ab
944 1293 1032 1356 aqua
1069 1284 1104 1338 et

96 1384 234 1439 ²natura
266 1377 375 1461 iniquo
408 1374 477 1439 loco
511 1383 617 1438 castra
641 1373 782 1459 'ponunt
829 1375 895 1440 Sed
922 1375 1030 1463 isdem
1059 1376 1103 1442 de

119 1481 224 1543 causis
240 1477 370 1562 Caesar,
394 1500 477 1564 quae
493 1501 591 1564 supra
607 1488 681 1542 sunt
703 1477 952 1561 demonstratae,
976 1480 1102 1565 proelio

118 1605 182 1647 non
218 1582 345 1647 lacessit
380 1592 413 1646 et
452 1604 489 1646 eo
523 1582 575 1646 die
608 1581 818 1647 tabernacula
852 1585 949 1647 statui
982 1606 1103 1668 passus

117 1709 181 1751 non
218 1697 297 1770 est,
325 1708 388 1771 quo
425 1687 602 1772 paratiores
638 1694 745 1750 essent
782 1685 824 1751 ad
860 1685 1103 1770 insequendum

95 1812 243 1873 somnes,
281 1793 349 1855 sive
382 1799 480 1854 noctu
512 1791 580 1854 sive
612 1789 753 1854 interdiu
786 1785 1002 1876 erumperent.
1049 1792 1102 1858 Illi

118 1896 343 1960 animadverso
371 1896 449 1958 vitio
478 1903 657 1959 castrorum
683 1903 751 1958 tota
779 1903 873 1958 nocte
903 1896 1100 1962 munitiones

118 1999 286 2085 proferunt
319 2008 489 2083 castraque
523 2001 635 2062 castris
664 2007 865 2063 convertunt.
910 1999 983 2063 Hoc
1009 1999 1100 2066 idem

118 2112 245 2189 postero
268 2101 320 2166 die
343 2125 362 2165 a
384 2104 489 2188 prima
516 2101 586 2166 luce
609 2101 732 2166 faciunt
754 2111 921 2187 totumque
943 2105 977 2167 in
999 2125 1039 2167 ea
1061 2128 1099 2169 re

94 2207 203 2272 idiem
231 2214 431 2272 consumunt.
477 2204 543 2272 Sed
573 2216 730 2290 quantum
753 2228 849 2292 opere
871 2219 1100 2292 processerant

116 2323 148 2377 et
177 2322 282 2378 castra
310 2310 525 2398 protulerant,
559 2319 648 2376 tanto
676 2309 813 2376 aberant
842 2309 883 2375 ab
913 2332 998 2396 aqua
1031 2309 1097 2377 lon-

115 2421 196 2502 gius,
221 2428 253 2482 et
275 2417 437 2503 praesenti
451 2414 535 2479 malo
558 2413 626 2477 aliis
641 2413 733 2478 malis
754 2414 899 2479 remedia
921 2412 1096 2480 dabantur.

93 2524 225 2587 rPrima
262 2530 355 2585 nocte
393 2519 536 2605 aquandi
573 2540 671 2583 eausa
707 2541 801 2583 nemo
847 2517 1012 2603 egreditur
1053 2541 1098 2584 ex

114 2629 243 2708 castris3
289 2626 436 2710 proximo
474 2623 525 2687 die
566 2621 726 2707 praesidio
762 2625 796 2687 in
834 2625 947 2689 castris
984 2622 1096 2688 relicto

115 2729 282 2794 universas
319 2727 361 2791 ad
399 2735 533 2812 aquarn
555 2727 662 2811 copias
703 2726 860 2810 educunt,
907 2725 1097 2812 pabulatum

92 2834 270 2898 remittitur
314 2855 417 2896 nemo.
462 2832 523 2895 His
564 2853 618 2894 eos
655 2830 817 2917 suppliciis
854 2831 938 2896 male
981 2829 1097 2896 haberi

117 2935 237 3000 Caesar
274 2944 306 2998 et
349 2936 564 2999 neeessariam
609 2933 717 2998 subire
755 2934 953 3001 deditionem
996 2956 1097 3021 quam

116 3037 235 3126 proelio
258 3038 425 3102 decertare
447 3037 597 3102 malebat.
636 3037 780 3104 Conatur
801 3050 911 3105 tamen
934 3062 989 3105 eos
1010 3039 1096 3105 vallo

116 3143 266 3227 fossaque
289 3145 544 3225 circummunire,
567 3153 603 3207 ut
626 3165 724 3228 quam
746 3147 888 3210 maxime
910 3145 1097 3231 repentinas
1156 3128 1160 3137 ¹

106 3244 228 3312 ‘eorum
265 3249 447 3332 eruptiones
484 3244 683 3330 demoretur,
723 3270 787 3334 quo
823 3251 1005 3314 necessario
1041 3248 1096 3314 de-

93 3374 285 3418 ascensuros
313 3350 528 3416 existimabat.
566 3348 615 3413 1111
645 3360 678 3414 et
699 3355 808 3440 inopia
829 3351 939 3441 pabuli
961 3351 1097 3418 adducti
1126 3413 1130 3421 .

118 3467 165 3541 et,
201 3477 264 3542 quo
298 3466 406 3522 essent
438 3451 493 3543 [ad
520 3450 565 3540 id]
599 3456 825 3541 expeditiores,
858 3456 967 3523 omnia
998 3458 1096 3521 seroi-

117 3564 209 3626 naria
231 3563 374 3627 iumenta
396 3560 534 3626 interfici
556 3557 677 3624 iubent.
