2376 3924
140 216 243 266 XXXII
414 232 417 236 ·
443 214 655 266 ADNOTATIO
674 214 819 265 CRlTlCA

243 421 266 454 c.
293 406 333 468 16,
359 406 387 453 1:
419 402 457 456 cul
484 402 670 464 Buthrotum,
701 403 932 472 oppositum
963 404 1121 476 Corcyrae]

141 489 371 557 oppositum
401 496 431 540 ut
461 497 542 540 antea
572 506 633 540 cum
650 489 824 554 .Nipperdeio
852 489 938 550 edidi;
966 492 1045 542 codd.
1073 507 1121 560 op-

139 575 241 642 pidum
271 576 388 637 babent,
426 576 499 640 quod
529 591 546 624 a
575 576 705 641 magistro
735 576 884 641 profectum
915 592 974 627 esse
1004 578 1121 630 videtur.

142 661 278 728 oppidum
306 661 466 729 oppositum
493 662 660 726 scripserunt
685 661 716 711 F.
736 662 872 712 Hofrnann
901 669 928 713 et
953 664 1061 715 Dinter.
1088 693 1123 704 —

142 753 166 812 ξ.
179 750 208 798 4:
227 747 278 800 ela
295 762 432 800 scammum
450 760 508 798 ease
525 760 558 797 oc
576 744 667 810 fuisse
678 759 785 812 reuuper
797 745 986 816 uoluututeuall
1005 747 1123 816 Pompei

143 852 254 896 nomen,
282 833 354 900 quod
373 833 451 882 codd.
469 839 533 882 ante
552 846 688 883 summum
709 832 824 895 habent,
853 833 898 883 hic
916 835 981 884 ferri
999 837 1121 901 nequire,

142 929 216 972 recte
235 922 340 970 monuit
355 918 506 982 Elberling‚
527 935 613 984 eoque
632 924 742 969 auctore
761 921 926 970 recentiores
946 920 1065 972 editores
1078 924 1123 974 vel

143 1023 240 1060 suoru
258 1020 394 1058 sumntum
413 1018 479 1070 esse,
503 1005 548 1054 vel
566 1006 676 1054 inverso
695 1004 790 1054 ordine
809 1019 945 1056 summum
963 1020 1046 1058 suum
1064 1021 1123 1061 eoae

143 1096 315 1158 scripserunt.
346 1090 393 1141 sed
411 1089 481 1140 Libo
500 1106 554 1139 nou
573 1105 622 1139 suo
640 1090 719 1139 modo
739 1090 788 1140 sed
806 1092 888 1140 etiam
900 1091 995 1141 Bibuli
1012 1095 1122 1143 nomine

144 1194 204 1226 cum
224 1176 341 1226 Caesare
360 1175 425 1240 agit.
457 1174 555 1224 Bibulo
580 1174 667 1237 enim,
694 1173 760 1224 licet
781 1175 902 1239 privatas
926 1177 1039 1228 haberet
1061 1195 1123 1229 cum

144 1264 261 1313 Caesare
284 1263 442 1312 inimicitias
467 1267 495 1311 et
517 1262 588 1312 hanc
613 1261 647 1310 cb
671 1275 728 1310 rem
746 1260 781 1310 ad
799 1261 966 1326 colloquium
985 1281 1040 1315 non
1061 1283 1122 1332 pro-

143 1350 241 1411 disset,
272 1340 315 1397 ‘ne
340 1362 382 1398 res
406 1350 539 1399 maximae
562 1348 621 1412 spei
639 1349 828 1412 maximaeque
845 1348 971 1398 utilitatis
991 1351 1051 1401 eius
1070 1355 1123 1405 ira·

144 1435 243 1485 cundia
269 1432 487 1500 impedirentur’,
516 1433 630 1483 eandem
658 1439 749 1483 tamen
777 1433 861 1484 luisse
887 1434 1058 1488 voluntatem
1085 1431 1124 1490 ‘ut

145 1528 349 1586 componeretur
373 1526 454 1585 atque
479 1520 513 1569 ab
539 1520 620 1569 armis
644 1515 848 1580 discederetur’,
878 1524 905 1569 et
927 1535 959 1570 eo
983 1524 1123 1592 probatur,

144 1608 215 1673 quod
234 1622 290 1657 una
308 1623 368 1656 cum
387 1607 493 1656 Libone
514 1605 680 1670 colloquium
699 1604 768 1653 illud
780 1604 967 1670 postulaverat
979 1607 1014 1674 (c.
1030 1611 1072 1673 lo,
1085 1611 1122 1678 6),

144 1702 171 1745 et
189 1711 230 1756 eo,
250 1694 321 1759 quod
339 1694 411 1743 infra
429 1697 463 1756 (c.
478 1694 518 1757 16,
532 1693 559 1758 5)
577 1692 646 1742 Libo
666 1697 693 1742 et
711 1708 759 1741 suo
779 1697 806 1742 et
822 1692 915 1742 Bibuli
934 1695 1043 1745 nomine
1061 1714 1124 1762 pro-

145 1782 234 1841 mittit,
253 1797 282 1830 se
301 1773 453 1845 ‘postulatis
474 1778 599 1828 Caesaris
618 1779 734 1842 cognitis
752 1777 889 1829 missuros
909 1778 944 1829 ad
962 1780 1124 1846 Pompeium

144 1874 225 1931 atque
249 1867 326 1917 illum
351 1865 457 1930 reliqua
479 1882 528 1930 per
551 1881 580 1914 se
604 1870 726 1914 acturum
754 1862 986 1917 hortantibus
1013 1866 1124 1933 ipsis?

144 1955 236 2017 itaque
264 1955 382 2003 scribere
407 1954 491 2003 malui
514 1951 565 2004 el's
589 1965 726 2003 suuauuuu
748 1965 819 2017 esse,
846 1951 929 2015 idque
948 1957 978 2001 ut
995 1952 1124 2021 facerem,

146 2056 177 2089 eo
197 2041 278 2089 etiam
297 2040 500 2103 commovebar,
528 2039 600 2104 quod
618 2039 642 2088 si
659 2037 749 2087 finalis
767 2037 858 2088 littera
878 2035 937 2105 [ulls
955 2053 1018 2088 cum
1036 2041 1125 2104 prima

145 2127 283 2192 sequentis
301 2125 429 2175 vocabuli
452 2123 608 2192 mumolum]
634 2124 787 2184 coaluerat,
814 2125 895 2173 facile
921 2131 1047 2189 apparet,
1076 2142 1125 2177 cur

145 2214 259 2264 voculae
279 2229 347 2278 quae
366 2215 502 2263 restiterat
521 2211 551 2264 ei
572 2213 626 2262 iam
644 2210 759 2277 Pompei
778 2227 875 2260 nomen
894 2212 1062 2276 adscriptum
1081 2213 1125 2266 sit.

249 2318 271 2353 c.
292 2302 332 2361 18,
350 2301 380 2348 3:
403 2313 464 2350 ere
481 2297 572 2350 oleum
590 2296 649 2365 eall]
669 2313 702 2346 ex
721 2296 883 2361 Elberlingii
902 2299 1058 2348 coniectura
1076 2315 1124 2364 pro

147 2402 273 2453 rursum,
294 2386 365 2451 quod
384 2385 460 2435 codd.
481 2385 617 2434 exhibent.

250 2491 272 2522 c.
292 2476 332 2534 19,
350 2475 379 2521 2:
399 2470 527 2523 liceretne
546 2468 652 2522 cluibus
672 2468 710 2520 cul
729 2468 800 2521 cloes
820 2467 853 2520 cle
868 2483 939 2534 poco
956 2467 1031 2536 [duo]
1050 2469 1125 2539 lequ-

147 2564 189 2612 tos
213 2557 340 2628 uzltterell
368 2557 424 2610 duo
452 2557 504 2607 del.
528 2556 628 2619 Aldus,
656 2556 686 2604 F.
705 2556 842 2605 Hofmann
870 2555 954 2604 verba
981 2556 1064 2605 etiam
1091 2555 1126 2610 oa

144 2662 215 2713 poce
237 2653 267 2696 ut
285 2647 377 2711 spuria
400 2645 518 2695 inclusit.
548 2645 646 2693 Dinter
664 2658 712 2706 pro
733 2640 788 2693 duo
808 2657 840 2691 ex
858 2641 949 2691 Vossii
967 2643 1126 2694 coniectura

148 2739 209 2786 tuto
228 2735 344 2798 scripsit.
362 2761 395 2770 -
415 2731 438 2797 ξ.
459 2733 488 2783 3:
511 2745 540 2783 ae
559 2728 650 2781 ultera
670 2726 714 2779 olle
733 2726 772 2778 ool
789 2725 955 2791 colloquium
973 2730 1125 2781 cariturum

148 2824 230 2885 utque
254 2835 326 2871 cluo
350 2818 509 2870 uisurum
531 2820 731 2879 utrumque,
756 2812 1038 2879 quemadmodum
1062 2818 1125 2866 luto

148 2905 233 2974 lequtl
251 2905 344 2957 aculae
362 2910 388 2956 et
407 2919 477 2971 quae
494 2902 593 2954 uelleut
612 2913 748 2966 eupouere
762 2897 896 2967 posseutll
922 2899 989 2950 haec
1014 2902 1126 2965 propius

148 2993 183 3043 ad
207 2993 338 3042 librorum
362 2992 523 3055 scripturam
547 2993 631 3053 utque
653 3002 712 3037 lum
736 2984 778 3037 uls
801 2989 950 3050 ultrumque
971 2984 1126 3039 odutodum

148 3079 277 3130 accedere
296 3078 391 3143 putavi
409 3092 490 3141 quam
510 3090 579 3139 quae
605 3079 631 3124 at
648 3073 805 3138 Nipperdey
830 3076 856 3121 et
882 3073 1046 3121 recentiores
1068 3068 1135 3123 edi-'

149 3175 220 3218 tores
239 3165 410 3230 Elberlingio
430 3168 539 3213 auctore
559 3161 739 3211 exhibuerunt
763 3162 846 3224 utque
869 3154 1011 3208 euudeuo
1034 3157 1126 3212 olcu-

151 3270 237 3321 rum,
265 3249 495 3318 quemadmodum
517 3277 559 3297 —.
587 3247 713 3312 displicet
741 3247 822 3295 etiam
849 3244 877 3292 in
903 3241 955 3290 hac
982 3245 1125 3308 scriptura,

150 3342 222 3406 quod
248 3338 364 3392 euuclem
391 3335 568 3387 antecedente
596 3347 625 3384 ae
651 3332 733 3397 plane
762 3329 925 3395 superfluum
952 3332 1005 3388 est,
1036 3346 1126 3396 neque

150 3431 229 3478 unius
248 3426 377 3478 Varronis
396 3438 455 3474 esse
474 3426 580 3487 poterat
597 3421 686 3469 visere
710 3412 940 3483 quemadmodum
958 3415 1020 3464 tuto
1038 3413 1126 3483 leqoti

150 3514 242 3567 bellue
261 3517 322 3567 cell.
338 3513 468 3580 posaeut,
495 3507 544 3558 sed
562 3520 622 3558 uuo
640 3506 666 3555 ei
684 3521 745 3554 eum
764 3509 869 3553 oratore
888 3497 1068 3567 Caesariano,
1087 3517 1127 3553 sc.
