2376 3924
120 214 182 283 110
425 216 474 268 nn
492 217 614 268 annno
634 216 793 268 caturco

116 407 307 490 legionibus
338 416 371 472 et
399 409 474 494 pari
496 430 633 474 numero
659 409 816 494 equitum,
840 429 937 493 quem
961 408 995 471 in
1019 428 1096 471 con·

116 513 238 576 tinenti
254 510 449 597 reliquerat,
473 513 519 578 ad
534 512 615 578 solis
640 534 797 579 occasum
812 534 918 577 naves
938 511 1039 577 solvit
1064 520 1096 576 et

113 613 182 679 leni
205 615 320 681 Africo
349 626 530 702 provectus
559 617 670 682 media
699 618 836 683 circiter
864 625 964 680 nocte
995 625 1096 680 vento

114 720 304 784 intermisso
339 742 474 785 cursum
507 743 573 785 non
604 723 712 786 tenuit
747 729 780 785 et
804 719 938 803 longius
963 719 1096 784 delatus

114 832 210 886 aestu
246 833 321 889 orta
349 822 424 888 luce
453 824 517 890 sub
538 825 677 890 sinistra
700 825 914 889 Britanniam
942 822 1097 887 relictam

92 928 303 1011 seonspexit.
341 926 427 992 Tum
449 951 564 994 rursus
590 939 704 994 aestus
728 929 1023 994 commutationem
1048 948 1096 991 se-

113 1040 210 1096 cutus
234 1031 334 1095 remis
358 1032 545 1116 contendit,
575 1041 612 1097 ut
636 1054 710 1097 eam
733 1042 864 1118 partem
886 1030 1018 1119 insulae
1042 1052 1097 1094 ca·

112 1143 215 1219 peret,
232 1156 298 1220 qua
314 1136 473 1220 optimum
490 1158 563 1201 esse
579 1157 751 1219 egressum
772 1138 943 1222 superiore
966 1142 1098 1199 aestate

91 1247 329 1326 tcoguoverat.
355 1236 430 1318 Qua
447 1241 481 1304 in
497 1262 533 1304 re
552 1239 732 1305 admodum
748 1239 811 1304 fuit
827 1239 972 1304 militum
987 1242 1096 1301 virtus

114 1339 298 1424 laudanda,
330 1343 386 1425 qui
408 1343 570 1407 vectoriis
601 1341 828 1427 gravibusque
858 1342 1005 1424 navigiis
1029 1362 1096 1404 non

114 1446 305 1509 intermisso
322 1445 513 1529 remigandi
534 1445 652 1511 labore
675 1446 853 1530 longarum
869 1446 1005 1510 navium
1022 1466 1096 1508 cur-

93 1565 186 1613 ⁵sum
203 1548 447 1634 adaequarunt.
471 1547 656 1614 Accessum
672 1557 724 1614 cst
740 1548 786 1614 ad
800 1550 1013 1615 Britanniam
1029 1570 1096 1612 om-

113 1652 213 1718 nibus
229 1652 374 1718 navibus
390 1652 577 1718 meridiano
600 1654 670 1719 fere
693 1663 853 1739 tempore,
877 1675 983 1739 neque
1007 1655 1040 1717 in
1058 1674 1096 1716 eo

92 1756 187 1821 tloco
211 1757 317 1823 hostis
347 1767 398 1823 est
422 1759 530 1843 visus3
566 1758 641 1841 sed,
674 1767 712 1822 ut
744 1767 864 1845 postea
893 1756 1019 1822 anear
1054 1779 1097 1821 ex

115 1861 261 1945 captivis
285 1863 462 1946 cognovit,
494 1883 569 1927 oum
592 1882 737 1945 magnae
765 1882 884 1926 manus
913 1882 951 1925 eo
975 1881 1097 1924 conve-

113 1967 255 2044 nissent,
278 1964 494 2029 multitudine
517 1966 654 2030 navium
676 1966 889 2051 perterritae,
912 1984 997 2049 qnae
1021 1985 1097 2028 cum

114 2071 286 2135 annotinis
308 2072 534 2156 privatisque,
568 2092 652 2156 quas
682 2071 733 2134 sui
764 2070 902 2154 quisque
929 2067 1096 2132 commodi

113 2172 251 2257 fecerat,
276 2172 419 2258 amplius
444 2176 662 2257 octingentae
684 2195 751 2238 uno
774 2182 871 2238 erant
894 2174 989 2236 visae
1012 2178 1095 2235 tem·

114 2297 203 2361 pore,
228 2299 248 2341 a
271 2275 369 2342 litore
387 2276 615 2342 discesserant
639 2299 679 2342 ac
703 2298 739 2341 se
762 2278 797 2340 in
821 2277 996 2362 superiora
1019 2274 1096 2341 loca

115 2380 330 2445 abdiderant.

199 2484 229 2547 9.
257 2482 385 2550 Caesar
419 2486 570 2571 exposito
606 2485 758 2549 exercitu
791 2492 824 2548 et
858 2481 932 2548 loco
970 2482 1095 2547 castris

114 2588 234 2653 idoneo
258 2595 369 2672 capto,
391 2587 449 2652 ubi
473 2610 516 2653 ex
539 2589 685 2672 captivis
701 2587 872 2670 cognovit,
888 2607 952 2671 quo
969 2586 1003 2649 in
1020 2584 1096 2649 loco

115 2692 259 2756 hostium
284 2692 401 2777 copiae
423 2690 667 2769 consedissent,
692 2689 886 2756 cohortibus
911 2688 1027 2754 decem
1050 2687 1097 2753 ad

115 2818 206 2859 mare
229 2795 356 2858 relictis
386 2802 419 2858 et
443 2792 611 2879 equitibus
633 2793 812 2876 trecentis,
840 2793 897 2878 qui
924 2789 1096 2877 praesidio

116 2897 260 2963 navibus
277 2907 400 2980 essent,
414 2897 455 2962 de
472 2898 573 2964 tertia
586 2895 706 2980 vigilia
722 2896 767 2961 ad
782 2896 896 2960 hostes
908 2894 1097 2979 contendit,
1116 2930 1123 2941 ·

117 3024 155 3066 eo
171 3004 281 3066 minus
298 3002 424 3067 veritus
441 3000 597 3084 navibus,
614 3000 703 3086 quod
718 3000 754 3064 in
770 2998 868 3065 litore
884 2997 976 3064 molli
991 3006 1097 3084 atque

116 3116 232 3192 aperto
250 3104 419 3188 deligatas
444 3105 488 3170 ad
512 3126 672 3170 ancoram
694 3101 919 3191 relinquebat,
943 3112 977 3167 et
997 3124 1087 3187 prae·

94 3210 202 3274 ssidio
218 3207 362 3273 navibus
379 3206 540 3288 Quintum
556 3208 689 3274 Atrium
705 3207 877 3293 praefecit.
899 3205 976 3291 Ipse
991 3215 1097 3272 noctu

116 3334 314 3400 progressus
338 3311 431 3377 milia
453 3333 613 3397 passuum
636 3312 773 3377 circiter
794 3328 847 3375 ΧΠ
870 3309 1016 3375 hostium
1040 3330 1096 3376 cc-

95 3420 191 3504 spias
208 3417 423 3504 conspicatus
447 3425 509 3487 est.
532 3414 586 3480 Illi
611 3417 764 3500 equitatu
779 3423 880 3501 atque
903 3412 1033 3479 essedis
1048 3412 1098 3479 ad

67 3602 69 3607 ,
115 3521 237 3588 flumen
247 3521 418 3609 progressi
434 3542 478 3586 ex
493 3519 566 3584 loco
583 3521 753 3606 superiore
768 3527 900 3584 nostros
916 3514 1097 3604 prohibere
