2376 3924
388 258 499 308 maun
516 259 568 321 111,
588 244 665 310 cnr.
684 260 794 310 eo-ee.
1019 261 1079 324 133

104 449 219 515 milites
253 472 295 513 ex
323 447 497 513 viminibus
530 449 637 512 faeere
671 457 768 534 atque
803 472 957 535 aggerem
989 449 1080 516 iubet

104 563 315 639 comportare.
361 555 422 620 His
451 557 572 641 paratis
599 553 697 619 rebus
724 576 879 640 magnum
906 576 1100 620 numeruma

103 657 183 722 levis
199 667 382 722 armaturae
406 666 439 722 et
460 660 701 743 sagittariorum
716 675 935 743 aggeremque
951 681 1079 724 omnem

103 771 200 825 noetu
229 763 262 824 in
290 762 427 848 scaphas
450 771 482 827 et
503 784 604 827 naves
633 765 793 827 actuarias
826 765 961 848 imponit
983 773 1015 827 et
1038 757 1078 828 de

103 864 210 929 media
238 874 333 930 nocte
361 865 508 931 cohortes
531 883 577 929 Lx
601 888 645 930 ex
666 868 816 930 maximis
845 868 958 931 castris
987 890 1078 952 prae·

103 969 255 1054 sidiisque
271 968 427 1035 deductas
444 970 487 1036 ad
502 993 575 1035 eam
598 979 724 1056 partem
745 973 958 1035 munitionum
979 970 1077 1053 ducit,

103 1097 186 1158 quae
209 1073 416 1159 pertinebant
438 1075 480 1139 ad
502 1097 592 1139 mare
616 1074 862 1160 longissimeque
885 1098 905 1138 a
927 1076 1077 1139 maximis

101 1181 214 1243 castris
244 1177 393 1244 Caesaris
421 1178 567 1243 aberant.
612 1178 738 1243 Eodem
767 1201 877 1260 naves,
913 1199 993 1264 quas
1023 1179 1098 1243 <le-³

100 1286 360 1365 monstravimus,
395 1305 516 1367 aggere
546 1293 579 1347 et
607 1282 686 1346 levis
709 1293 894 1347 armaturae
923 1282 1075 1347 militibus

100 1386 284 1471 completas,
319 1407 464 1471 quasque
493 1385 536 1449 ad
564 1385 807 1470 Dyrrhachium
835 1408 935 1450 naves
963 1385 1075 1470 longas

99 1488 251 1572 habebat,
280 1491 377 1554 mittit
406 1497 448 1572 et,
481 1489 601 1574 quida
629 1511 757 1575 quoque
780 1490 851 1553 fieri
874 1490 960 1571 velit,
984 1512 1075 1574 prae·

100 1595 184 1678 cipit.
209 1592 342 1657 Adeas
370 1595 563 1658 munitiones
592 1592 714 1664 Caesar
741 1593 918 1658 Lentulum
940 1592 1098 1657 Marcel-⁴

99 1696 199 1760 linum
227 1707 432 1782 quaestorem
455 1719 528 1762 eum
551 1697 676 1783 legione
698 1715 786 1762 vnn.
810 1685 949 1784 positum
978 1697 1074 1762 habe·

98 1799 164 1864 bat.
180 1802 276 1883 Huic,
300 1801 387 1886 quod
402 1800 588 1866 valetudine
604 1804 710 1866 minus
726 1801 895 1866 commoda
910 1800 1073 1884 utebatur,

97 1904 251 1968 Fulvium
272 1906 462 1970 Postumum
485 1904 666 1970 adiutorem
688 1904 891 1988 submiserat.

184 2009 234 2074 63.
258 2010 339 2074 Erat
362 2031 400 2074 eo
423 2009 491 2074 loeo
513 2010 599 2074 fossa
622 2009 741 2094 pedum
756 2027 803 2073 xv
820 2018 852 2073 et
866 2007 987 2074 vallum
1003 2032 1074 2074 oon—

97 2120 148 2174 tra
170 2112 295 2177 hostem
323 2115 356 2176 in
379 2112 580 2177 altitudinem
608 2113 728 2198 pedum
751 2131 784 2196 x,
818 2113 1073 2198 tantundemque

97 2215 164 2276 eius
186 2214 262 2277 valli
291 2237 392 2300 agger
420 2217 453 2279 in
481 2215 682 2280 latitudinem
711 2214 859 2302 patebat:
897 2217 939 2283 ab
968 2239 1006 2281 eo
1029 2220 1094 2281 in·²

96 2319 242 2381 termisso
272 2320 374 2402 spatio
403 2318 524 2403 pedum
552 2334 597 2382 Dc
625 2318 706 2384 alter
737 2342 912 2384 conversus
940 2323 973 2385 in
1001 2343 1072 2384 eon-

96 2423 230 2483 trariam
264 2429 390 2504 partem
423 2429 494 2485 erat
515 2421 619 2510 vallus
653 2422 820 2486 humiliore
848 2423 944 2507 paulo
972 2426 1071 2487 muni-

96 2526 190 2586 tione.
220 2524 293 2588 Hoc
316 2526 402 2587 enim
424 2524 642 2610 superioribus
665 2525 779 2590 diebus
801 2528 916 2590 timens
940 2526 1093 2609 Caesam

96 2650 136 2690 ne
170 2625 308 2691 navibus
345 2630 446 2692 nostri
479 2630 800 2712 circumvenirentur,
838 2629 1000 2715 duplicem
1033 2653 1070 2695 eo

94 2730 163 2795 loeo
191 2731 314 2796 lecerat
341 2730 470 2814 vallum,
504 2741 549 2815 ut,
579 2735 606 2796 si
634 2734 765 2818 ancipiti
794 2733 913 2818 proeho
942 2734 1070 2798 dimica-

95 2843 195 2916 retur,
219 2844 326 2919 posset
348 2837 462 2899 resisti.
486 2835 552 2902 Sed
575 2857 709 2921 operum
731 2838 920 2922 magnitudo
943 2847 975 2902 et
998 2853 1090 2903 con-4

94 2940 200 3002 tinens
229 2943 370 3004 omnium
399 2939 524 3004 dierum
552 2939 653 3022 labor,
687 2940 774 3026 quod
802 2940 888 3005 miha
917 2963 1070 3026 passuum

94 3044 127 3105 in
156 3044 292 3106 circuitu
321 3039 527 3129 [munitionis]
551 3061 626 3107 xvir
648 3052 718 3108 erat
745 3044 942 3130 complexus,
976 3047 1069 3132 perfi-

92 3145 198 3209 ciendi
220 3148 360 3231 spatium
381 3169 446 3211 non
469 3146 578 3212 dabat.
601 3148 717 3233 Itaque
732 3159 845 3213 contra
860 3171 950 3214 mare
966 3159 1091 3213 trans-⁵

93 3271 224 3313 versum
238 3249 369 3332 vallum,
393 3253 447 3334 qui
470 3250 528 3316 has
544 3252 625 3317 duas
640 3255 833 3317 munitiones
849 3255 1067 3338 coniungeret,

93 3352 236 3418 nondum
264 3354 452 3439 perfecerat.
499 3356 592 3437 Quae
621 3377 673 3421 res
701 3365 778 3421 nota
806 3365 877 3421 erat
904 3357 1066 3442 Pompeio,

92 3455 199 3520 delata
222 3480 281 3542 per
303 3456 497 3543 Allobrogas
519 3459 681 3545 perfugas,
709 3481 928 3546 magnumque
949 3462 1066 3526 nostris

91 3559 244 3624 attulerat
276 3560 524 3627 incommodum.
569 3563 655 3627 Nam'
681 3572 718 3627 ut
746 3563 788 3628 ad
817 3584 908 3628 mare
925 3556 1087 3630 'nostraee
