2376 3924
416 231 525 281 marm
544 230 565 291 1,
585 229 662 280 esp.
681 232 757 280 4-1.
1056 230 1074 292 7

98 433 228 510 paratas
252 441 291 507 κς
320 430 490 508 praeterea
518 423 682 505 cognitum
711 429 975 505 compertumque
1005 418 1098 502 sibi‚r

98 528 201 592 alieno
235 549 305 591 esse
338 528 444 590 animo
478 527 512 589 in
540 523 714 589 Caesarem
748 524 863 589 milites
896 542 1001 608 neque
1039 525 1076 588 iis

97 654 191 717 posse
214 630 417 716 persuaderi,
447 632 493 694 uti
517 651 591 693 eum
614 629 791 694 defendant
813 637 869 692 aut
890 637 1075 713 sequantur.

98 736 214 801 Statim
245 735 285 798 de
307 733 438 818 reliquis
467 734 565 797 rebus
589 733 631 797 ad
654 742 802 797 senatum
828 731 980 795 refertur:
1009 739 1097 799 totae

97 837 191 901 Italia
220 837 363 901 delectus
392 836 566 919 habeatur3
590 838 730 900 Faustus
759 835 847 902 Sulla
880 856 1016 919 propere
1043 837 1076 897 in

97 942 328 1005 Mauritaniam
350 941 510 1022 mittatur3
540 941 676 1024 pecunia
706 940 752 1001 uti
775 961 817 1001 ex
840 939 964 1001 aerario
985 938 1076 1000 Pom-

98 1047 169 1129 peio
192 1044 296 1108 detur.
334 1044 487 1108 Refertur
509 1045 607 1107 etiam
629 1043 670 1107 de
692 1065 769 1126 rege
792 1042 890 1122 Iuba,
913 1049 950 1104 ut
972 1042 1100 1104 sociusr

98 1151 139 1212 sit
161 1158 258 1232 atque
282 1150 418 1231 amicus3
443 1147 616 1212 Marcellus
638 1169 716 1210 vero
739 1168 909 1231 passurum
931 1147 964 1208 in
987 1166 1076 1229 prae·
1100 1204 1106 1211 .

98 1255 200 1316 sentia
222 1260 329 1336 negat.
357 1253 410 1316 De
428 1253 549 1327 Fausto
571 1251 705 1336 impedit
727 1250 903 1335 Philippus,
927 1248 1076 1313 tribunus

98 1356 208 1440 plebis.
254 1358 307 1420 De
337 1354 470 1440 reliquis
502 1354 601 1418 rebus
633 1353 910 1418 senatusconsulta
944 1354 1098 1437 persen-5

98 1459 228 1522 buntur.
260 1461 451 1523 Provinciae
474 1455 632 1545 [privatis]
658 1459 875 1523 decernuntur
898 1457 982 1519 duae
1006 1478 1083 1538 con·⁴

99 1561 231 1643 solares,
255 1562 397 1647 reliquae
421 1566 610 1647 praetoriae.
639 1563 779 1647 Scipioni
803 1560 935 1624 obvenit
972 1561 1076 1644 Syria,

98 1667 137 1730 L.
161 1667 304 1730 Domitio
333 1665 452 1749 Gallia3
477 1666 642 1752 Philippus
662 1675 703 1730 ,et
730 1664 824 1730 Cotta
850 1666 976 1748 privato
1006 1685 1077 1726 con·

98 1770 165 1834 silio
195 1780 458 1855 praetereuntur,
488 1793 594 1856 neque
625 1793 737 1834 eorum
760 1779 861 1833 sortes
885 1769 1075 1834 deiciuntur.

96 1876 135 1937 ln
162 1874 302 1958 reliquas
331 1877 514 1960 provincias
542 1884 707 1960 praetores
738 1876 916 1937 mittuntur.
962 1875 1097 1959 Nequeo

97 1987 302 2062 exspectant,
337 1975 436 2064 [quod
465 1978 683 2063 superioribus
712 1980 804 2041 annis
827 1974 1011 2062 acciderat]
1040 1987 1077 2041 ut

97 2081 137 2145 de
160 2103 272 2145 eorum
299 2083 433 2166 imperio
456 2080 499 2145 ad
527 2080 680 2167 populum
707 2082 830 2145 feratur
866 2080 1076 2165 paludatique

96 2186 179 2248 votis
218 2187 413 2269 nuncupatis
446 2194 574 2250 exeant.
620 2184 775 2250 Consules
809 2182 906 2270 [quod
940 2194 1015 2248 ante
1043 2185 1093 2266 idt

96 2297 223 2372 tempus
257 2287 375 2353 accidit
407 2285 606 2374 numquam]
637 2312 680 2353 ex
709 2289 789 2353 urbe
819 2289 1075 2373 proficiscuntur,

96 2390 288 2476 lictoresque
303 2390 426 2457 habent
440 2394 473 2455 in
496 2393 577 2457 urbe
597 2402 630 2457 et
645 2391 800 2477 Capitolio
823 2393 941 2476 privati
965 2400 1077 2455 contra
1110 2432 1119 2454 .

97 2496 203 2557 omnia
225 2497 396 2560 vetustatis
424 2495 581 2580 exempla.
628 2498 711 2561 Tota
733 2495 827 2559 Italia
858 2495 1000 2559 delectus
1022 2495 1109 2560 ha-s''

96 2599 228 2680 bentur,
267 2622 359 2663 arma
395 2601 610 2685 imperantur3
648 2601 803 2685 pecuniae
841 2624 860 2663 a
897 2601 1077 2684 municipiis

95 2704 287 2788 exiguntur,
318 2726 336 2767 e
365 2705 449 2768 fanis
478 2703 647 2768 tolluntur:
681 2705 789 2767 omnia
822 2702 933 2767 divina
966 2704 1076 2767 huma-

96 2827 203 2891 naque
226 2807 299 2870 iura
321 2809 564 2892 permiscentur.

183 2909 210 2972 7.
236 2909 363 2992 Quibus
395 2910 494 2977 rebus
528 2914 663 2996 cognitis
690 2911 812 2978 Caesar
846 2915 933 2999 apud
961 2913 1077 2978 milites

96 3015 308 3078 contionatur.
339 3017 493 3082 Omnium
515 3025 696 3102 temporum
718 3018 850 3082 iniurias
876 3021 1078 3083 inimicorum

96 3118 129 3179 in
152 3139 187 3180 se
211 3129 455 3203 commemorat3
479 3144 499 3184 a
522 3118 639 3205 quibus
661 3121 837 3186 deductum
860 3146 899 3186 ae
922 3123 1077 3207 deprava-

97 3227 167 3289 tum
188 3221 379 3306 Pompeium
401 3226 547 3308 queritur
569 3224 691 3289 invidia
717 3235 815 3310 atquc
846 3226 1077 3291 obtrectatione
1107 3297 1110 3301 ¹

95 3321 199 3386 laudis
222 3345 317 3407 suae,
352 3328 442 3391 cuius
470 3329 539 3412 ipse
568 3327 680 3392 honori
709 3338 742 3392 et
770 3329 920 3414 dignitati
950 3351 1077 3414 semper

94 3425 212 3491 faverit
235 3426 427 3514 adiutorque
449 3431 554 3495 fuerit.
585 3432 714 3496 Novum
736 3435 770 3496 in
792 3432 958 3518 republica
981 3434 1096 3496 intro-r

94 3525 229 3607 ductum
250 3531 437 3616 exemplum
459 3535 614 3617 queritur,
637 3544 674 3599 ut
694 3535 868 3616 tribunicia
891 3537 1075 3601 intercessio
