2376 3924
96 239 208 288 XXXVI
399 234 611 287 ADNOTA'PIO
632 234 776 286 cmrlcs

199 426 282 490 cea,
302 429 329 475 1:
356 440 423 477 reaia
443 423 608 491 plerunque
631 421 663 476 in
686 437 758 476 aava
775 439 803 474 re
822 421 970 474 veritatem
993 422 1072 489 sunia

96 510 254 581 antecedit]
282 528 315 562 ex
339 512 390 562 hac
414 513 547 576 scriptura
566 510 673 560 librarii
692 525 782 561 errore
801 514 911 560 enatum
929 515 1071 574 esseputo

97 599 167 664 quod
185 600 250 650 libri
267 599 369 649 habent
392 596 429 649 iu
451 596 611 649 ecaritate
634 591 885 662 surna'autecedit.
908 594 1073 661 Nipperdey,

96 702 175 750 quem
194 691 277 737 autea
295 690 402 736 secutus
422 699 509 745 eram,
537 683 569 735 iu
586 683 712 736 nouitate
728 681 810 748 fania
833 697 905 734 rene
923 680 1073 748 cecedit,

95 773 201 822 Kransr
213 778 240 822 et
252 772 365 821 Diibner
377 772 406 820 in
423 769 549 822 nouitate
566 769 647 835 fana
664 785 732 822 rent
750 766 940 834 antecedit,
962 768 994 818 F.
1008 767 1072 818 Hof-

96 874 178 908 mann
201 858 232 909 in
254 856 379 910 nouitate
401 871 468 908 rent
491 859 572 920 tauta
596 855 750 918 antecedit,
781 857 880 906 Dinter
897 855 929 907 iu
946 853 1072 906 navitate

95 943 147 995 rei
170 943 250 1009 furna
273 941 414 995 antecedit
441 943 614 1007 scripserunt.
640 970 676 979 —
703 944 726 1004 §-
744 944 773 992 2:
801 939 960 1009 abfuisset]
986 942 1027 991 sic
1044 940 1072 1004 ἡ

97 1029 226 1094 affuisset
245 1029 303 1091 ab3
330 1028 413 1094 vulgo
432 1026 562 1092 afuisset.
589 1056 625 1066 -
651 1031 674 1091 ς.
692 1031 721 1077 3;
747 1031 781 1080 ut
798 1026 883 1080 siutui
901 1025 1029 1080 adesse
1047 1029 1072 1079 et

96 1114 189 1169 aeriire
206 1112 410 1182 nuntiaretur]
430 1113 502 1164 hanc
520 1113 652 1164 librorum
669 1115 815 1165 lectionem
832 1115 891 1163 iure
909 1118 1013 1164 tutatus
1033 1117 1073 1163 est

95 1204 201 1253 Kraner
220 1208 313 1252 contra
330 1201 540 1267 Nipperdeium‚
564 1201 611 1265 qui
629 1201 666 1250 M.
684 1201 834 1266 Hauptium
853 1204 963 1249 secutus
981 1196 1073 1250 abisse

95 1290 193 1354 posuit.

199 1390 222 1424 c.
240 1375 282 1436 3⁷,
300 1374 331 1422 3:
358 1376 397 1425 at
416 1377 530 1426 tanuen
551 1379 581 1422 ut
599 1379 681 1425 antea
699 1373 847 1423 secundum
867 1371 944 1422 codd.
964 1373 1072 1439 scripsi;

95 1460 250 1526 Nipperdey
268 1465 295 1510 et
312 1461 478 1511 recentiores
500 1475 533 1513 ac
552 1464 646 1513 tanen
664 1459 815 1510 ediderunt.

199 1563 222 1598 c.
240 1547 284 1608 38,
302 1549 330 1596 4:
356 1545 458 1613 nostri,
476 1545 596 1614 capnitis
615 1545 740 1612 insidiis,
764 1560 799 1597 ne
817 1544 932 1610 frustra
950 1544 1072 1613 reliquas

96 1636 304 1700 exspectarent,
333 1632 406 1684 duas
429 1632 509 1684 eructi
531 1636 641 1685 turnus
666 1632 709 1700 (in
732 1630 777 1684 bis
795 1629 915 1695 fuitM·
936 1630 1073 1699 Opimius,

92 1717 256 1786 praefectus
281 1719 414 1784 equitum)
439 1732 531 1770 amnes
555 1723 607 1771 aut
625 1717 829 1783 iuterfecerunt
846 1722 898 1770 aut
916 1721 1015 1786 captas
1035 1715 1074 1770 ud

96 1803 255 1856 Domitium
279 1803 485 1873 deduxerunt]
512 1806 541 1855 in
564 1805 688 1855 codicum
705 1806 796 1856 verbis
821 1803 894 1857 duas
912 1804 993 1857 nacti
1012 1808 1073 1858 tur-

96 1906 156 1942 ntas
183 1894 396 1956 exceperunt
420 1890 464 1957 (iu
487 1891 531 1944 bis
554 1890 613 1956 fuit
637 1891 679 1944 M.
702 1890 829 1958 Opimius
843 1907 890 1960 pr.
909 1893 969 1957 ea),
992 1890 1072 1944 reii-

96 1991 179 2042 quos
206 1992 319 2030 annes
346 1992 465 2030 carun
493 1982 690 2031 turmarum
716 1983 768 2031 aut
791 1977 997 2043 iuterfecerunt
1020 1981 1073 2031 aut

96 2067 157 2116 cett.
176 2065 257 2130 plane
272 2064 388 2115 otiosum
408 2069 448 2114 est
465 2068 633 2132 exceperunt
649 2066 793 2130 participio
812 2063 892 2117 nacti
909 2065 1073 2130 appositum,

96 2166 146 2201 nec
165 2150 263 2217 dispici
280 2157 377 2217 potest,
396 2167 510 2217 querum
528 2159 676 2202 turmarum
688 2152 789 2202 fuerint
800 2151 844 2202 illi
855 2150 958 2217 reliqui
970 2165 1073 2219 omnes,

96 2236 142 2301 qui
160 2242 207 2286 aut
224 2237 360 2287 interfecti
378 2243 426 2287 aut
444 2239 516 2303 capti
535 2254 594 2288 esse
614 2238 749 2288 dicuntur.
779 2239 872 2304 itaque
895 2237 963 2289 haec
985 2238 1072 2290 verba

94 2324 148 2373 iam
160 2324 189 2373 iu
201 2324 290 2388 priore
309 2323 428 2374 editione
447 2323 536 2375 delevi
554 2325 647 2390 ibique
666 2325 804 2387 adnotavi,
823 2328 993 2392 exceperunt
1012 2340 1073 2375 eam

96 2411 129 2459 ob
150 2424 260 2461 causam
278 2411 409 2462 insertum
427 2410 522 2475 videri,
547 2411 619 2477 quod
637 2411 780 2477 sequentia
797 2411 882 2462 verba
900 2410 932 2463 in
949 2409 994 2463 itis
1012 2410 1073 2477 suit

95 2499 157 2547 cett.
180 2502 208 2546 et
230 2497 350 2564 reliquas
369 2511 461 2550 omnes
479 2501 542 2552 cett.
571 2504 710 2564 tamquam
733 2499 857 2564 integrae
881 2503 908 2548 st
929 2498 1072 2552 absolutae

95 2585 245 2634 sententiae
258 2586 490 2649 existimarentur3
512 2585 551 2634 sic
565 2584 673 2649 quidem
687 2583 721 2634 ab
735 2581 928 2650 Oudendorpio
941 2584 1072 2637 distincta

95 2674 166 2718 sunt.
183 2669 379 2736 Fraudenberg
402 2669 476 2736 (ann.
499 2669 565 2735 phil.
583 2676 601 2719 t.
620 2670 662 2728 st,
680 2686 708 2734 p.
727 2668 787 2733 24⁶)
815 2675 877 2734 post
899 2674 1071 2736 exceperunt

95 2754 227 2804 excidisse
246 2760 323 2820 putat
341 2770 461 2822 quarum
475 2753 615 2822 perpauci
632 2753 704 2823 supa
722 2769 751 2808 se
767 2753 806 2807 ad
818 2768 885 2808 suas
897 2761 1073 2823 receperunt,
1102 2762 1103 2769 ’

95 2854 180 2903 eaque
199 2840 230 2889 F.
249 2840 386 2891 Hofmann
405 2848 433 2891 et
449 2842 547 2892 Dinter
564 2846 734 2907 receperunt.
751 2867 787 2880 -
804 2845 889 2892 restat
903 2847 933 2892 ut
947 2857 1071 2894 moneam

94 2925 121 2972 in
146 2925 285 2976 codicibus
311 2926 368 2993 legi
394 2926 514 2994 capnitis
541 2927 694 2980 bostium
720 2927 853 2996 insidiis;
879 2928 927 2980 sed
947 2927 1073 2982 bostium

94 3011 216 3075 ineptum
235 3026 307 3074 esse,
331 3029 393 3063 cum
410 3013 546 3064 Domitius
566 3016 709 3066 struxisset
726 3015 847 3078 insidias,
867 3017 921 3067 iam
940 2999 1071 3066 vetustio-

94 3111 137 3146 res
154 3096 283 3146 videruut
301 3097 425 3149 editores.
456 3101 548 3166 itaque
566 3099 689 3153 hostiurn
707 3101 789 3167 vulgo
808 3103 947 3151 omittitur.
972 3098 1071 3152 Vossio

94 3181 168 3236 hasti
189 3183 362 3235 scribendum
379 3186 536 3250 videbatur;
563 3187 740 3238 verisimilius
762 3193 854 3252 tamen
878 3191 919 3239 est
940 3186 1070 3242 bactrius

94 3271 224 3335 scriptum
241 3269 324 3320 fuisse
342 3270 425 3335 idque
446 3288 507 3321 cum
532 3273 652 3322 ablativo
676 3272 720 3323 illi
742 3271 863 3342 capnitis
885 3271 1004 3326 desidiis
1028 3276 1071 3325 in·

95 3363 195 3407 sertum
208 3361 286 3419 esset,
305 3355 340 3406 ab
352 3356 466 3407 librario
479 3360 549 3408 male
570 3358 649 3409 docto
667 3361 696 3409 in
713 3359 837 3413 bastinae
855 3374 915 3410 esse
927 3365 1069 3413 munium.

196 3458 218 3492 c.
231 3443 273 3509 39,
285 3445 315 3492 2:
333 3455 419 3509 super
437 3457 535 3508 quarn
555 3446 670 3495 correxit
682 3446 799 3497 Kraffert
816 3443 890 3513 (ann.
908 3447 974 3512 phil.
993 3450 1070 3513 tel,

93 3545 118 3593 p.
138 3527 211 3592 501);
236 3542 321 3596 super
339 3543 425 3596 quas
445 3529 522 3580 codd.
