2376 3924
98 239 160 303 208
398 236 508 286 BELLI
526 236 776 287 Ansxsumuru

183 428 234 492 54.
258 429 392 492 Interim
414 428 581 492 nuntiatur
596 428 767 492 Laterensi
789 428 900 492 vivere
916 426 1083 497 Cassium.

98 536 171 616 Quo
193 534 305 597 nuntio
328 531 438 597 dolore
454 533 557 616 magis
573 540 738 618 permotus
753 553 853 617 quam
875 533 983 596 animo
1006 554 1084 618 per-

97 637 244 702 turbatus
266 636 371 701 reficit
392 657 427 700 se
449 636 594 701 celeriter
617 644 649 699 et
671 635 713 701 ad
736 632 883 700 Cassium
903 635 1084 703 visendum

76 741 318 827 sproficiscitur.
349 741 397 804 Re
424 740 552 823 cognita
567 757 651 802 xxx
668 737 750 822 legio
772 740 865 823 signa
887 737 1083 807 Cordubam

76 845 193 913 sinfert
215 844 258 908 ad
280 843 436 909 auxilium
464 843 634 908 ferendum
661 845 846 928 imperatori
868 865 935 907 suo.
980 844 1083 911 Facit

97 949 158 1012 hoe
187 948 274 1012 idem
296 965 362 1010 xx1.
408 946 623 1031 Subsequitur
650 946 710 1011 has
733 964 764 1009 v.
810 944 892 1010 Cum
920 946 1006 1012 duae
1036 947 1081 1013 le·

95 1054 205 1136 giones
229 1051 371 1136 reliquae
394 1058 500 1114 essent
522 1052 555 1114 in
578 1051 701 1132 castris,
724 1048 901 1114 secundani
915 1052 1012 1115 veriti
1035 1075 1082 1117 ne

96 1156 153 1220 soli
168 1154 437 1241 relinquerentur,
459 1163 556 1240 atque
572 1177 614 1219 ex
630 1176 677 1235 eo,
695 1154 773 1240 quid
788 1156 971 1236 sensissent,
995 1156 1081 1222 iudi-

97 1269 240 1342 caretur,
268 1260 370 1323 secuti
393 1267 468 1324 sunt
489 1258 611 1323 factum
635 1259 846 1343 superiorum.
891 1259 1083 1326 Permansit

96 1365 128 1427 in
163 1364 322 1427 sententia
354 1361 437 1446 legio
465 1361 641 1426 vernacula
668 1383 775 1447 neque
803 1360 866 1427 ullo
894 1363 1010 1427 timore
1036 1365 1083 1430 de
1187 1441 1188 1450 ἵ

96 1466 203 1551 gradu
225 1467 350 1530 deiecta
373 1473 430 1528 est.

182 1568 232 1634 55.
271 1567 400 1634 Cassius
440 1589 508 1650 eos,
550 1569 605 1652 qui
639 1569 793 1632 nominati
828 1576 921 1633 erant
955 1573 1081 1636 conscii
1187 1557 1188 1588 ³

97 1674 213 1755 caedis,
237 1672 326 1737 iubet
348 1671 592 1758 comprehendi3
616 1671 775 1757 legionem
794 1691 823 1734 v.
840 1673 873 1736 in
897 1681 1005 1738 castra
1027 1698 1081 1741 re-

76 1779 193 1842 rmittit
226 1776 409 1842 cohortibus
433 1794 505 1839 xxx
534 1777 675 1840 retentis.
721 1776 845 1841 Indicio
874 1777 998 1843 Minuci
1026 1802 1080 1845 co-

97 1883 222 1966 gnoscit
249 1881 288 1944 L.
312 1880 470 1944 Racilium
504 1888 536 1943 et
565 1879 603 1943 L.
628 1880 840 1944 Laterensem
874 1888 906 1944 et
928 1879 1081 1951 Annium

97 1984 279 2070 Scapulam,
301 1985 464 2048 maximae
479 1982 643 2068 dignitatis
659 1992 691 2048 et
706 1985 829 2068 gratiae
845 1985 1081 2069 provincialem

86 2092 259 2156 bominem
286 2090 411 2175 sibique
433 2097 500 2153 tam
523 2088 712 2153 familiarem
740 2110 838 2174 quam
861 2089 1080 2159 Laterensem

97 2204 129 2260 et
151 2194 323 2276 Racilium,
354 2195 387 2257 in
410 2193 525 2257 eadem
546 2193 644 2257 fuisse
668 2194 902 2276 coniuratione,
934 2216 997 2260 neo
1018 2195 1080 2262 diu

96 2308 240 2365 moratur
269 2297 412 2362 dolorem
440 2319 549 2378 suum,
584 2298 660 2382 quin
694 2318 749 2360 eos
782 2297 919 2362 interfici
952 2296 1077 2366 iubeat.

75 2405 274 2469 aMinuoium
297 2401 417 2467 libertis
440 2400 539 2465 tradit
562 2399 825 2483 excruciandum,
848 2402 925 2466 item
940 2400 1078 2488 Calpur—

95 2511 184 2573 nium
207 2507 409 2585 Salvianum3
440 2506 494 2590 qui
523 2503 690 2590 profitetur
719 2504 873 2569 indicium
895 2506 1077 2574 coniurato·
1187 2565 1188 2591 ,

94 2634 231 2697 rumque
248 2633 418 2677 numerum
434 2619 540 2693 auget,
564 2630 651 2690 vere,
675 2618 710 2673 ut
727 2608 861 2694 quidam
875 2610 1077 2697 existimant,
1187 2655 1188 2699 3

73 2726 131 2780 1111
159 2715 300 2779 nonnulli
330 2721 524 2799 queruntur,
555 2721 693 2777 coactus.
738 2712 848 2776 isdem
876 2713 1078 2783 cruciatibus

95 2822 228 2884 affectus
251 2820 289 2883 L.
314 2817 485 2903 Mergili0*
508 2816 648 2902 Squillus
671 2818 816 2882 nominat
837 2816 961 2903 plures3
991 2839 1077 2903 quos

96 2923 225 2987 Cassius
254 2923 392 2986 interfici
420 2920 509 2986 iubet
538 2921 682 3007 exceptis
711 2922 764 3005 iis,
793 2922 849 3008 qui
875 2941 911 2986 se
933 2925 1077 3007 peouuia

74 3026 312 3091 oredemerunt.
357 3025 443 3088 Nam
476 3027 583 3111 palam
616 3026 673 3091 HS
709 3044 753 3088 nx
789 3048 863 3091 oum
896 3024 1075 3114 Calpurnio

94 3130 267 3215 paciscitur
295 3137 423 3193 etcum
447 3131 486 3211 Q.
512 3132 615 3196 Sestio
640 3147 668 3192 1,.
716 3131 780 3213 Qui
803 3131 829 3194 si
851 3130 995 3196 maxime
1018 3155 1075 3198 no·
1183 3167 1188 3184 ν

94 3242 202 3298 centes
225 3240 300 3297 sunt
322 3232 456 3316 multati,
480 3242 589 3298 tamen
612 3234 790 3320 periculum
805 3236 891 3299 vitae
915 3233 1075 3323 dolorque

93 3337 263 3402 vulnerum
285 3339 441 3423 pecuniae
464 3340 616 3403 remissus
646 3338 869 3404 crudelitatem
892 3360 967 3405 oum
996 3363 1075 3407 ava·

92 3444 165 3506 ritia
187 3451 327 3508 certasse
350 3442 562 3528 significabat.
