2376 3924
117 241 156 305 73
419 239 469 288 on
489 237 609 287 senno
630 232 788 286 Gannico

116 429 296 515 pellerent,
332 428 598 512 auxiliaresque,
633 424 753 511 quibus
783 425 827 489 ad
856 446 1002 511 pugnam
1025 420 1090 489 non

115 534 255 598 multum
272 530 414 596 Crassus
432 529 632 611 confidebat,
656 527 825 613 lapidibus
849 527 992 614 telisque
1017 529 1090 594 sub·

116 635 350 701 ministrandis
364 644 397 699 et
409 634 618 717 adaggerem
626 631 832 717 caespitibus
841 633 1091 716 comportandis

117 742 262 827 speciem
287 749 388 824 atque
412 738 600 822 opinionem
629 738 852 821 pugnantium
880 736 1091 822 praeberent,

117 866 192 908 cum
209 847 288 907 item
312 842 355 906 ab
379 841 532 906 hostibus
549 850 745 905 constanter
762 862 802 905 ac
818 862 884 904 non
902 841 1018 904 timide
1034 862 1091 925 pu-

117 956 287 1031 gnaretur,
301 946 436 1031 telaque
450 968 492 1009 ex
504 944 577 1009 loco
592 945 874 1030 superioremissa
887 967 952 1008 non
966 945 1091 1009 frustra

95 1051 319 1134 recciderent,
333 1053 462 1137 equites
476 1052 663 1115 circumitis
676 1050 822 1114 hostium
834 1051 957 1113 castris
967 1048 1091 1113 Crasso

115 1156 403 1236 renuntiaverunt,
428 1177 494 1219 non
512 1153 629 1219 eadem
646 1176 719 1218 esse
736 1152 914 1235 diligentia
931 1152 974 1216 ab
992 1151 1090 1217 decu-

115 1279 215 1321 mana
227 1266 324 1343 porta
337 1267 452 1322 castra
465 1258 593 1322 munita
606 1257 805 1341 facilemque
814 1255 942 1320 aditum
955 1256 1090 1321 habere.

201 1359 251 1422 26.
276 1361 418 1427 Crassus
443 1364 589 1450 equitum
613 1362 800 1447 praefectos
825 1361 1030 1443 cohortatus,
1054 1373 1091 1427 nt

115 1466 411 1550 magnispraemiis
420 1464 788 1550 pollicitationibusque
801 1487 876 1531 suos
891 1467 1090 1548 excitarent,

94 1568 197 1653 rquid
219 1569 292 1634 fieri
314 1567 407 1651 velit,
431 1567 590 1632 ostendit.
635 1566 700 1650 Illi,
724 1576 761 1632 ut
785 1575 857 1632 erat
882 1569 1090 1653 imperatum,

115 1671 246 1736 eductis
260 1674 301 1737 iis
314 1671 519 1751 cohortibus,
533 1692 617 1757 quae
629 1670 799 1756 pracsidio
816 1674 939 1736 castris
952 1672 1091 1737 relictae

113 1774 252 1841 intritae
269 1774 312 1840 ab
329 1773 445 1839 labore
462 1784 567 1856 erant,
593 1783 624 1838 et
641 1774 793 1859 longiore
815 1777 936 1840 itincre
951 1777 1090 1841 circum·

116 1878 237 1963 ductis,
260 1903 303 1944 ne
326 1903 369 1944 ex
384 1879 530 1944 hostium
546 1879 670 1944 castris
687 1880 835 1964 conspici
852 1888 999 1965 possent,
1024 1902 1091 1944 om-

115 1983 207 2048 nium
224 1984 329 2050 oculis
350 1983 586 2070 mentibusque
610 1984 653 2048 ad
676 2005 825 2069 pugnam
848 1985 987 2048 intentis
1004 1984 1090 2048 cele-

93 2088 198 2153 ariter
214 2088 258 2153 ad
275 2111 342 2170 eas,
366 2109 449 2174 quas
468 2087 623 2169 diximus,
648 2088 850 2152 munitiones
866 2098 1090 2172 pervenerunt

116 2200 216 2275 atque
238 2191 290 2256 his
314 2193 460 2276 prorutis
483 2193 575 2277 prius
599 2193 633 2255 in
657 2192 802 2256 hostium
825 2193 950 2257 castris
967 2196 1091 2258 consti·

116 2303 239 2379 terunt,
264 2319 361 2382 quam
378 2296 479 2381 plane
495 2295 538 2360 ab
555 2296 607 2360 his
624 2296 733 2361 videri
750 2305 819 2379 aut,
836 2296 916 2381 quid
932 2298 980 2362 rei
998 2318 1090 2381 gere·

93 2408 218 2476 eretur,
243 2401 402 2484 cognosci
426 2409 549 2485 posset.
596 2399 680 2463 Tum
702 2421 782 2464 vero
813 2398 960 2464 clamore
984 2400 1027 2465 ab
1052 2425 1091 2466 ea

115 2510 212 2586 parte
235 2503 351 2567 audito
375 2504 482 2567 nostri
498 2502 738 2585 redintegratis
755 2501 894 2586 viribus,
918 2503 1007 2589 quod
1022 2504 1091 2590 ple-

116 2629 253 2693 rumque
270 2610 304 2672 in
327 2630 384 2693 spe
400 2609 566 2673 victoriae
589 2606 744 2672 accidere
768 2609 953 2690 consuevit,
978 2610 1091 2674 acrius

94 2711 311 2797 oimpugnare
331 2721 521 2798 coeperunt.
551 2711 676 2776 Hostes
699 2711 847 2796 undique
870 2711 1091 2777 circumventi

116 2812 303 2899 desperatis
321 2815 474 2880 omnibus
491 2815 590 2880 rebus
609 2838 644 2880 se
659 2838 719 2901 per
740 2817 941 2881 munitiones
959 2816 1092 2883 deicere

91 2926 148 2980 set
171 2916 252 3000 fuga
269 2917 411 2982 salutem
427 2927 541 3003 petere
557 2918 785 2983 intenderunt.
810 2919 901 3000 Quos
919 2921 1090 3005 equitatus

114 3021 338 3103 apertissimis
369 3025 498 3107 campis
526 3032 745 3089 consectatus
770 3046 813 3088 ex
835 3024 964 3089 milium
987 3043 1008 3088 n
1030 3048 1090 3090 nu·

113 3144 215 3206 merc,
240 3145 326 3209 quae
349 3126 392 3189 'ex
416 3123 598 3209 Aquitania
623 3125 869 3213 Cantabrisque
892 3128 1091 3192 convenisse

114 3226 304 3311 constabat,
328 3229 388 3294 vix
403 3239 524 3314 quarta
546 3240 643 3315 parte
659 3230 789 3314 relicta,
813 3229 919 3296 multa
937 3240 1037 3297 nocte
1055 3253 1091 3296 se

114 3329 149 3392 in
172 3339 285 3395 castra
307 3333 437 3418 recipit.

201 3430 251 3498 27.
274 3433 349 3498 Hac
366 3435 485 3500 audita
501 3456 615 3522 pugna
631 3438 779 3502 maxima
792 3459 871 3524 pars
884 3437 1092 3525 Aquitaniae

116 3558 189 3600 sese
206 3533 328 3602 Crasso
346 3537 477 3604 dedidit
500 3538 700 3625 obsidesque
723 3541 811 3606 ultro
835 3542 944 3625 misit,
968 3564 1032 3628 quo
1056 3544 1090 3607 in
