2376 3924
159 230 198 295 13
247 248 249 251 -
481 227 531 277 nn
555 225 676 278 nanno
697 204 838 276 o1v1n1'

156 422 195 485 L.
220 417 377 483 Caecilius
400 417 514 499 Ruina,
539 418 614 482 Sex.
640 415 813 498 Quintilius
836 417 944 487 Varus
975 427 1143 502 quaestor,

158 525 196 586 L.
225 521 382 603 Rubrius;
418 530 587 605 praeterea
619 519 703 584 filius
736 521 871 585 Domitii
904 520 1021 608 aliique
1046 543 1149 594 ,coma

158 625 265 712 plures
301 623 523 689 adulescentes
561 634 593 688 et
629 646 766 709 magnus
803 647 956 690 numerus
992 628 1144 712 equitum

158 731 378 795 Romanorum
399 737 432 791 et
455 726 675 809 decurionum,
703 748 783 812 quos
806 750 848 791 ex
871 730 1051 815 municipiis
1074 732 1143 795 Do-

136 834 266 899 amitius
296 840 499 896 evocaverat.
545 831 615 895 Hos
644 853 754 895 omnes
782 832 955 916 productos
984 857 1003 897 a
1031 844 1143 900 contu-

159 935 261 1001 meliis
295 934 432 1000 militum
466 936 682 1019 conviciisque
713 934 877 1020 prohibet3
913 959 1018 1021 pauca
1051 938 1144 1024 apud

160 1061 214 1103 eos
237 1037 391 1124 loquitur,
421 1037 507 1122 quod
531 1037 591 1101 sibi
614 1047 747 1122 aparte
771 1060 883 1103 eorum
909 1041 1014 1124 gratia
1037 1040 1145 1106 relata

159 1165 224 1206 non
247 1144 287 1206 sit
309 1164 367 1226 pro
390 1143 455 1205 suis
482 1143 592 1206 ineos
618 1143 767 1206 maximis
799 1141 979 1226 benefieiis3
1009 1143 1145 1210 dimittit

138 1268 271 1311 somnes
285 1244 490 1310 incolumnes.
525 1245 582 1311 HS
596 1262 653 1328 Lx,
678 1245 765 1330 quod
781 1246 963 1312 advexerat
976 1248 1144 1313 Domitius

161 1360 258 1435 atque
292 1351 325 1414 in
361 1347 489 1434 publico
527 1348 737 1434 deposuerat,
776 1348 908 1413 allatum
945 1350 987 1414 ad
1025 1373 1059 1414 se
1099 1352 1144 1416 ab

162 1472 215 1517 1111
230 1455 308 1519 viris
320 1452 573 1518 Corfiniensibus
584 1454 726 1517 Domitio
739 1453 856 1535 reddit,
873 1475 914 1517 ne
927 1455 1145 1520 continentior

161 1559 194 1621 in
216 1558 283 1621 vita
309 1557 473 1621 hominum
502 1578 599 1642 quam
628 1558 661 1621 in
689 1559 826 1642 pecunia
855 1558 952 1622 fuisse
979 1558 1144 1642 videatur,

163 1663 221 1725 ctsi
259 1683 331 1728 eam
368 1663 539 1746 pecuniam
575 1661 738 1747 publicam
775 1684 844 1726 esse
882 1662 1051 1727 constabat
1089 1664 1145 1729 da-

141 1775 294 1850 ntamque
317 1789 337 1828 a
352 1765 504 1850 Pompeio
527 1766 560 1828 in
576 1764 779 1850 stipendium.
803 1765 922 1831 Milites
938 1766 1146 1834 Domitianos

163 1877 400 1934 sacramentum
434 1868 521 1954 apud
558 1890 592 1933 se
626 1868 734 1934 dicere
767 1868 856 1934 iubet
890 1879 987 1954 atque
1021 1891 1059 1934 eo
1091 1870 1146 1937 die

164 1981 269 2038 eastra
291 1982 400 2037 movet
422 1973 605 2057 iustumque
627 1973 688 2036 iter
703 1973 831 2038 conficit
851 1991 899 2038 vn
922 1974 1050 2038 omnino
1074 1973 1147 2041 dies

164 2077 207 2141 ad
222 2075 398 2141 Corfinium
414 2084 639 2159 commoratus,
655 2086 688 2141 et
702 2099 760 2162 per
774 2077 855 2142 fines
871 2079 1145 2163 Marrucinorum,

164 2181 412 2262 Frentanorum,
435 2179 639 2245 Larinatium
668 2181 701 2244 in
723 2177 877 2266 Apuliam
899 2182 1065 2266 pervenit·

251 2283 301 2347 24.
326 2283 498 2368 Pompeius
520 2282 570 2347 his
586 2282 685 2348 rebus
708 2285 853 2368 cognitis,
878 2305 961 2369 quae
984 2293 1079 2350 erant
1102 2285 1147 2351 ad

166 2388 343 2454 Corfinium
379 2396 505 2472 gestae,
543 2388 684 2455 Luceria
721 2387 934 2473 proficiscitur
967 2385 1148 2456 Canusium

144 2502 262 2578 ratque
293 2492 367 2565 inde
390 2491 608 2557 Brundisium.
654 2490 771 2578 Copias
798 2491 941 2578 undique
969 2513 1080 2557 omnes
1103 2515 1149 2560 ex

165 2599 258 2662 novis
288 2594 465 2662 deleotibus
488 2596 531 2661 ad
554 2617 588 2659 se
611 2597 682 2679 cogi
708 2594 813 2678 iubet,
848 2618 976 2678 servos,
999 2604 1149 2681 pastores

167 2711 272 2766 armat
294 2710 391 2785 atque
420 2701 458 2763 iis
481 2721 580 2784 equos
603 2699 765 2765 attribuit:
795 2722 837 2764 ex
860 2701 909 2766 his
933 2702 1060 2766 circiter
1083 2717 1148 2768 ccc

145 2805 291 2888 aequites
314 2804 450 2867 conficit.
496 2803 535 2868 L.
559 2802 699 2869 Manlius
727 2813 857 2890 praetor
879 2804 966 2870 Alba
994 2827 1069 2872 oum
1098 2829 1149 2873 oo·

167 2906 312 2970 hortibus
335 2928 394 2970 sex
416 2907 566 2992 profugit,
590 2907 727 2972 Rutilius
749 2908 863 2994 Lupus
886 2918 1015 2994 praetor
1030 2911 1149 2976 Tarra-

169 3010 240 3073 cina
274 3031 347 3073 cum
379 3009 498 3094 tribus,
533 3032 617 3096 quae
650 3010 761 3097 procul
791 3015 970 3097 equitatum
998 3002 1174 3081 Caesaris

169 3114 389 3198 conspicatae,
435 3117 486 3178 cui
523 3125 674 3200 praeerat
710 3114 827 3182 Vibius
863 3116 997 3200 Curius,
1035 3117 1150 3186 relicto

169 3226 317 3303 praetore
355 3220 447 3304 signa
483 3220 525 3285 ad
563 3219 695 3287 Curium
732 3223 932 3288 transferunt
968 3231 1067 3308 atque
1105 3224 1181 3293 ad.

146 3345 243 3387 reum
276 3331 452 3388 transeunt.
491 3323 574 3388 Item
611 3324 741 3410 reliquis
775 3325 942 3392 itineribus
976 3326 1151 3393 nonnullae

170 3425 317 3492 cohortes
350 3428 382 3491 in
419 3449 536 3512 agmen
565 3427 729 3511 Caesaris,
764 3430 845 3495 aliae
879 3432 912 3494 in
945 3431 1070 3516 equites
1104 3433 1152 3497 in·

171 3529 291 3598 cidunt.
337 3530 515 3598 Redueitur
551 3531 594 3598 ad
632 3554 706 3604 eum
743 3534 921 3619 deprensus
957 3554 1001 3599 ex
1023 3535 1153 3605 ‚itinere
