2376 3924
379 231 490 282 menn
505 231 566 298 vn,
585 230 663 282 esp.
680 231 792 282 os-u.
1011 227 1075 293 215

96 447 191 491 suum
206 425 242 489 in
258 423 504 508 longitudinem
515 431 633 508 patere
645 443 747 507 supra
761 420 1074 485 demonstravimus.

95 527 232 593 Summa
254 528 289 591 vi
311 526 356 592 ab
385 527 537 612 utrisque
560 524 786 590 contenditur.
819 522 1096 589 Laborantibus2

94 632 221 697 nostris
237 627 366 694 Caesar
381 628 569 695 Germanos
592 628 761 694 submittit
782 627 999 713 legionesque
1014 649 1074 713 pro

96 736 219 800 castris
235 735 422 817 constituit,
441 756 565 818 nequa
583 731 694 798 subito
711 732 852 817 irruptio
869 731 913 797 ab
931 731 1075 795 hostium

94 836 251 923 peditatu
265 839 335 903 fiat.
352 836 528 902 Praesidio
545 837 715 921 legionum
732 836 850 902 addito
862 838 988 901 nostris
1004 836 1098 900 ani-³

95 962 171 1005 mus
194 951 352 1024 augetur3
374 940 488 1005 hostes
505 942 539 1004 in
555 941 671 1024 fugam
692 941 836 1005 coniecti
854 963 889 1004 se
913 941 976 1025 ipsi
993 938 1075 1002 mul-

96 1043 243 1109 titudine
253 1043 438 1129 impediunt
448 1053 550 1129 atque
562 1043 816 1127 angustioribus
825 1045 932 1131 portis
947 1042 1076 1107 relictis

96 1157 354 1213 coacervantur.
378 1146 540 1212 Germani
558 1150 670 1212 acrius
692 1169 798 1233 usque
814 1147 859 1212 ad
874 1148 1098 1212 munitiones⁴

97 1260 292 1337 sequuntur.
308 1251 368 1316 Fit
378 1272 503 1335 magna
515 1251 655 1334 caedes3
671 1251 826 1317 nonnulli
837 1251 965 1316 relictis
983 1252 1099 1335 equis⁵

96 1356 223 1421 fossam
238 1357 384 1419 transire
401 1365 434 1420 ot
448 1357 631 1420 maceriam
647 1355 888 1421 transcendere
900 1365 1076 1420 conantur.

96 1458 238 1525 Paulum
249 1458 398 1543 legiones
412 1457 551 1544 Caesar,
567 1481 651 1546 quas
664 1459 827 1545 provallo
841 1461 1076 1541 constituerat,

96 1564 286 1648 promoveri
308 1562 411 1629 iubet.
438 1563 513 1628 Non
536 1565 656 1646 minus,
680 1565 737 1649 qui
760 1565 852 1628 intra
874 1565 1099 1628 munitionesss

98 1677 206 1748 erant,
230 1666 469 1752 perturbantur
491 1665 601 1750 Galli,
629 1668 739 1732 veniri
769 1667 814 1731 ad
841 1690 877 1732 se
900 1667 1078 1732 confestim

98 1770 334 1837 existimantes
352 1769 397 1834 ad
413 1793 507 1835 arma
523 1769 753 1854 conclamant3
776 1770 930 1836 nonnulli
952 1780 1077 1857 perter-

97 1874 157 1939 riti
169 1875 203 1938 in
213 1872 369 1959 oppidum
380 1874 578 1959 irrumpunt.
590 1874 852 1957 Vercingetorix
862 1872 1099 1959 iubetportas⁷

97 1976 222 2054 claudi,
243 1999 286 2041 ne
300 1987 416 2043 castra
431 1976 611 2043 nudentur.
634 1977 751 2044 Multis
768 1977 966 2062 interfectis,
990 1999 1076 2041 com-

97 2079 250 2168 pluribus
275 2083 368 2166 equis
392 2083 502 2167 captis
526 2079 687 2147 Germani
711 2104 785 2146 sese
809 2083 985 2166 recipiunt.

185 2183 236 2246 71.
252 2184 523 2269 Vercingetorix,
535 2187 731 2271 priusquam
742 2187 944 2250 munitiones
958 2184 1002 2248 ab
1014 2184 1078 2249 Ro·

97 2289 208 2354 manis
230 2289 460 2375 perficiantur,
490 2289 667 2355 consilium
696 2292 788 2376 capit
818 2311 947 2354 omnem
975 2287 1018 2353 ab
1043 2311 1079 2352 se

98 2392 284 2479 equitatum
296 2400 399 2456 noctu
412 2390 590 2457 dimittere.
601 2390 865 2458 Discedentibus
878 2389 1029 2473 mandat,
1041 2398 1099 2454 ute

98 2517 196 2560 suam
220 2495 360 2581 quisque
376 2517 489 2561 eorum
505 2497 681 2562 civitatem
696 2495 799 2560 adeat
816 2515 1005 2579 omnesque,
1022 2495 1079 2579 qui

97 2620 159 2684 per
181 2606 329 2664 aetatem
352 2620 446 2664 arma
469 2599 557 2665 ferre
572 2601 713 2686 possint,
737 2598 781 2665 ad
803 2597 929 2663 bellum
944 2607 1079 2681 cogant.

100 2700 169 2766 Sua
192 2703 226 2766 iu
248 2701 325 2768 illos
346 2705 467 2769 merita
482 2705 640 2789 proponit
656 2703 922 2788 obtestaturque,
945 2710 983 2766 ut
998 2723 1102 2768 suasa

100 2805 221 2870 salutis
234 2808 400 2872 rationem
417 2806 575 2891 habeant,
591 2830 657 2872 neu
674 2830 710 2872 se
723 2808 846 2892 optime
860 2806 901 2871 de
914 2809 1081 2872 communi

100 2906 260 2974 libertate
289 2912 443 2976 meritum
472 2910 627 2976 hostibus
659 2913 693 2976 in
724 2912 911 2977 cruciatum
943 2911 1080 2977 dedant.

101 3011 201 3092 Quod
224 3013 253 3077 si
276 3013 546 3098 indiligentiores
569 3014 704 3098 fuerint,
727 3015 821 3080 milia
837 3015 1007 3081 hominum
1024 3015 1081 3080 de·

100 3113 192 3181 lecta
216 3118 391 3202 octoginta
413 3140 481 3184 una
512 3139 625 3185 secum
654 3120 833 3184 interitura
859 3119 1079 3185 demonstrat.

100 3218 245 3285 Ratione
268 3222 355 3286 inita
371 3224 493 3305 exigue
509 3222 638 3288 dierum
655 3245 691 3287 se
707 3222 832 3288 habere
846 3239 923 3289 xxx
936 3223 1080 3287 frumen·
1091 3240 1110 3304 4·

102 3331 184 3406 tum,
216 3323 276 3388 sed
302 3324 404 3410 paulo
433 3327 536 3392 etiam
564 3326 698 3411 longius
721 3325 861 3392 tolerari
884 3348 983 3412 posse
1006 3347 1080 3411 par-

101 3425 219 3493 cendo.
250 3426 313 3492 His
343 3427 434 3494 datis
462 3429 645 3507 mandatis,
675 3452 741 3516 qua
771 3451 853 3516 opus
882 3438 955 3494 orat
979 3430 1104 3494 inter-⁵

102 3530 251 3616 missum,
275 3531 426 3598 secunda
437 3532 557 3618 vigilia
575 3532 710 3599 silentio
728 3534 912 3619 equitatum
930 3532 1081 3598 dimittit.
