2376 3924
204 922 417 1039 Quamquam
446 954 598 1037 codices,
633 955 754 1039 quibus
781 958 1013 1022 commentarii
1036 958 1078 1023 de

96 1058 188 1122 bello
223 1057 332 1140 civili,
367 1057 620 1139 Alexandrino,
648 1057 827 1134 Africano,
855 1059 1078 1146 Hispaniensi

98 1162 226 1227 servati
262 1172 355 1242 sunt,
390 1184 433 1225 ex
466 1183 533 1225 uno
568 1161 751 1246 eodemque
785 1162 878 1228 fonte
913 1165 1078 1247 originem

97 1264 283 1342 duxerunt,
317 1273 432 1327 tamen
455 1264 544 1326 inter
568 1285 624 1326 eos
649 1263 734 1327 duas
757 1263 923 1347 familias,
951 1267 1077 1332 Parisi-

96 1388 176 1430 nam
199 1376 232 1430 et
254 1365 501 1448 Havnienscm,
537 1364 795 1448 distinguendas
824 1389 914 1443 esse,
948 1372 1077 1454 primus

98 1469 273 1535 contendit
296 1470 328 1534 J.
351 1469 391 1533 N.
416 1467 457 1533 G.
480 1469 744 1534 Forchhammer
766 1471 801 1532 in
824 1469 942 1535 libello
961 1469 1077 1556 ‘quae-

98 1575 225 1639 stiones
259 1573 400 1636 criticae
435 1571 477 1636 de
505 1593 588 1636 vera
621 1574 882 1637 commentarios
914 1573 955 1638 de
985 1574 1076 1640 bello

97 1677 192 1742 civili
214 1686 295 1740 cett.
319 1674 521 1740 emendandi
543 1671 686 1741 ratione'
716 1674 1002 1760 (Havniae1852)
1027 1681 1077 1743 in·

98 1782 236 1865 scripto.
258 1781 364 1864 priori
385 1779 536 1845 familiae
560 1782 734 1845 accensuit
750 1780 824 1844 cod.
839 1781 949 1847 Paris.
966 1782 1075 1848 Thua·

96 1907 195 1949 neum
217 1906 249 1946 n.
271 1881 357 1944 5764
381 1885 416 1963 (a,
430 1883 616 1968 Nipperd.),
639 1882 847 1965 Leid.1(b),
872 1882 1000 1969 Scalig.
1019 1886 1077 1967 (c),

95 1987 243 2052 Vindob.
262 1986 326 2069 (f);
353 1987 453 2052 alteri
475 2009 556 2051 vero
571 1987 718 2052 Havn.1
744 1986 799 2068 (h3
821 1987 910 2052 hunc
933 2011 1075 2075 apogra-

94 2091 198 2176 phum
221 2112 295 2154 esse
318 2090 393 2154 cod.
415 2089 494 2155 vat.
518 2091 694 2156 Ursiniani
716 2089 803 2152 3324
830 2092 959 2175 primus
988 2093 1076 2158 vidit

94 2193 260 2277 Dtibner),
284 2191 400 2258 Ouiae.
419 2192 468 2272 (d)
494 2202 527 2257 et
549 2193 727 2279 plerosque
749 2192 943 2258 deteriores.
968 2195 1076 2260 eidem

95 2297 246 2364 familiae
269 2296 516 2362 accensendum
543 2319 617 2361 esse
645 2296 720 2361 cod.
742 2296 893 2362 Florent.
917 2297 1075 2363 Riccard.

96 2402 134 2483 (l)
158 2401 290 2465 monuit
316 2400 360 2464 H.
383 2399 512 2464 Meusel
542 2401 682 2485 (ephem.
713 2421 826 2486 gymn.
849 2400 963 2465 Berol.
982 2398 1075 2485 1885,

95 2527 126 2590 p.
153 2502 237 2582 178).

199 2605 281 2671 (lod.
297 2606 479 2671 Vindob.1
501 2606 545 2686 (f)
566 2607 828 2672 Forchhammer
850 2630 919 2672 non
941 2608 1009 2672 nisi
1033 2630 1077 2672 ex

94 2713 137 2776 iis
154 2711 328 2793 cognitum
346 2709 505 2793 habebat,
528 2732 613 2795 quae
636 2709 673 2775 O.
688 2710 729 2775 Ε.
745 2707 806 2774 (lh.
823 2709 1010 2776 Schneider
1033 2733 1076 2776 ex

95 2814 338 2879 commentario
362 2812 403 2876 de
426 2812 516 2877 bello
538 2813 635 2899 Hisp.
660 2814 795 2897 (Progg.
819 2813 1075 2880 acadVratisl.

98 2915 182 2980 1827
199 2925 232 2980 et
250 2914 346 2994 1837)
363 2916 600 2982 adnotaverat.
624 2919 738 3002 itaque
753 2916 846 2981 haud
868 2918 990 2982 mirum
1012 2928 1074 2999 est,

96 3019 125 3083 si
148 3018 276 3084 nullum
299 3020 368 3084 fere
391 3021 536 3086 fructum
552 3044 595 3086 cx
611 3044 650 3086 eo
665 3023 793 3108 percipi
808 3044 909 3108 posse
928 3025 1074 3108 putavit.

97 3143 158 3207 ego
175 3145 265 3205 vero,
283 3125 340 3208 qui
354 3125 481 3208 primus
499 3134 533 3189 et
548 3125 583 3188 in
599 3134 720 3190 octavo
736 3124 818 3190 belli
831 3122 960 3190 Gallici
976 3125 1074 3202 libro,

96 3235 129 3291 et
158 3228 194 3290 in
221 3226 495 3309 recognoscenda
526 3227 588 3292 hac
618 3227 727 3294 altera
749 3238 847 3312 parte
871 3237 1074 3293 commenta·

94 3331 220 3394 riorum
235 3328 357 3395 librum
371 3327 519 3394 Vindob.
536 3330 690 3396 consului
715 3331 895 3414 (integram
917 3329 1074 3395 lectionis

94 3433 297 3499 varietatem
312 3455 388 3498 cum
403 3431 564 3498 Dtibnero
588 3434 711 3499 deinde
733 3433 1001 3516 communicavi),
1025 3434 1074 3498 in·

147 3558 234 3602 emar.
248 3557 277 3602 11.
887 3568 907 3605 a
