2376 3924
134 231 198 296 288
469 225 580 276 raam
599 224 772 277 mmmm

135 425 203 486 sine
224 441 315 483 mora
337 426 513 503 receptum,
537 416 578 481 de
599 425 689 482 tanto
713 419 859 482 exercitu
873 417 1027 503 reliquias
1043 439 1114 484 esse

135 524 247 605 nullas,
271 523 331 587 sibi
354 523 483 608 suisque
506 521 614 587 liberis
636 545 656 587 a
678 521 812 588 Oaninio
835 522 1034 608 proconsule,
1058 527 1115 609 qui

135 649 210 691 eum
233 625 412 707 obsidebat,
435 625 500 688 fide
523 634 657 710 accepta
685 645 784 710 seque
807 634 841 689 et
862 647 921 690 sua
944 628 1052 690 omnia
1082 636 1116 691 et

136 729 290 816 oppidum
312 727 495 814 proconsuli
516 727 625 792 tradit.

220 833 271 896 94.
294 833 368 896 Rex
389 832 518 895 interim
541 830 583 895 ab
599 831 746 896 omnibus
762 831 946 896 civitatibus
962 832 1115 900 exclusus

135 937 308 1022 desperata
335 934 454 1017 salute,
488 956 562 998 cum
584 936 649 998 iam
677 944 830 999 coenatus
853 944 937 1000 esset
959 958 1033 1000 cnm
1056 937 1115 1001 Pe·

135 1043 225 1123 treio,
248 1048 285 1103 ut
307 1061 381 1103 cum
403 1040 524 1102 virtute
539 1038 700 1102 interfecti
716 1060 786 1103 esse
802 1039 1002 1122 viderentur,
1025 1040 1114 1105 ferro

134 1145 219 1207 inter
241 1164 274 1206 se
297 1141 494 1228 depugnant,
518 1150 616 1226 atque
637 1141 760 1206 firmior
775 1141 1015 1208 imbecilliorem
1030 1143 1115 1208 Iuba

114 1247 299 1311 aPetreium
327 1245 420 1309 facile
448 1245 534 1309 ferro
563 1247 768 1331 consumpsit.
818 1247 904 1311 Dein
938 1269 1012 1311 cum
1044 1248 1114 1333 ipse

135 1351 196 1417 sibi
218 1360 390 1415 conaretur
412 1349 518 1436 gladio
541 1352 678 1415 traicere
700 1359 813 1436 pectus
827 1373 889 1415 nec
904 1360 1020 1436 posset,
1044 1374 1114 1437 pre·

136 1456 226 1521 cibus
250 1479 269 1520 a
284 1477 377 1520 servo
393 1477 450 1520 suo
466 1456 660 1541 impetravit,
683 1464 720 1520 ut
735 1476 769 1520 se
784 1455 981 1520 interficeret
1003 1452 1114 1542 [idque

136 1556 293 1646 obtinuitl.

219 1663 269 1727 95.
304 1665 340 1729 P.
365 1665 477 1731 Sittius
499 1665 627 1728 interim
655 1663 746 1750 pulso
769 1665 915 1727 exercitu
938 1662 1113 1744 Saburrae,

136 1769 292 1854 praefecti
313 1768 432 1850 Iubae,
467 1769 600 1853 ipsoque
629 1767 813 1850 interfecto,
849 1789 922 1831 cnm
950 1769 1011 1831 iter
1040 1788 1115 1830 cum

105 1906 108 1912 ·
136 1874 247 1956 paucis
269 1892 328 1957 per
349 1871 581 1934 Mauritaniam
603 1869 646 1933 ad
672 1869 847 1935 Caesarem
869 1869 1001 1952 faceret,
1030 1869 1114 1934 forte

134 1973 248 2038 incidit
280 1977 313 2037 in
335 1975 493 2038 Faustum
515 1972 768 2058 Afraniumque,
803 1977 858 2059 qui
886 1997 959 2038 eam
980 1996 1115 2038 manum

134 2076 310 2158 habebant,
334 2097 417 2160 quae
432 2076 563 2140 Uticam
585 2075 772 2162 diripuerat,
796 2078 921 2162 iterque
943 2079 977 2141 in
998 2077 1114 2163 Hispa-

135 2183 223 2246 niam
256 2179 468 2244 intendebant
500 2187 532 2243 et
565 2189 658 2244 erant
689 2203 824 2246 numero
859 2182 986 2245 circiter
1017 2181 1113 2246 mille.

116 2285 251 2371 altaque
274 2284 420 2349 celeriter
442 2293 599 2350 nocturno
627 2295 772 2372 tempore
801 2285 923 2350 insidiis
952 2285 1114 2371 dispositis

136 2411 211 2453 cum
232 2391 337 2474 prima
358 2388 585 2454 luceadortns
607 2399 737 2475 praeter
759 2411 879 2474 paucos
902 2389 1034 2475 equites,
1059 2391 1114 2475 qui

137 2515 180 2557 ex
201 2494 305 2577 primo
327 2495 456 2579 agmine
477 2493 639 2578 fugerant,
662 2493 802 2579 reliquos
818 2503 874 2559 aut
889 2491 1042 2558 interficit
1056 2502 1114 2558 aut

136 2600 171 2661 in
203 2595 399 2661 deditionem
433 2599 558 2682 accipit,
592 2596 765 2661 Afranium
798 2605 831 2660 et
853 2598 1011 2660 Faustum
1040 2617 1115 2661 oum

115 2703 273 2786 reomago
302 2709 335 2765 et
363 2699 472 2765 liberis
500 2703 592 2766 vivos
621 2703 715 2786 capit.
759 2700 876 2764 Paucis
904 2709 977 2786 post
998 2699 1115 2766 diebus

137 2803 335 2869 dissensione
367 2807 401 2868 in
439 2807 585 2869 exercitu
619 2814 689 2869 orta
722 2805 863 2869 Faustus
897 2814 930 2869 et
957 2804 1114 2872 Afranius

136 2908 387 2992 interficiuntur3
417 2910 590 2995 Pompeiae
619 2931 693 2973 cum
719 2909 833 2974 Fausti
862 2908 970 2974 liberis
993 2908 1115 2976 ansar

137 3011 391 3077 incolumitatem
413 3033 536 3096 suaque
559 3013 666 3076 omnia
689 3014 855 3078 concessit.

223 3115 274 3179 96.
299 3117 405 3201 Scipio
428 3117 557 3179 interim
580 3138 654 3180 cnm
669 3118 870 3204 Damasippo
893 3125 926 3181 et
947 3119 1115 3203 Torquato

138 3227 171 3283 et
192 3219 352 3284 Plaetorio
367 3219 525 3284 Rustiano
547 3218 687 3284 navibus
709 3219 812 3306 longis
835 3220 891 3285 diu
912 3221 1114 3305 multumque

137 3325 263 3405 iactati,
298 3345 372 3388 cum
394 3323 586 3408 Hispaniam
608 3332 771 3409 peterent,
794 3324 837 3389 ad
859 3325 1044 3409 Hipponem
1066 3347 1114 3389 re·

137 3427 227 3512 gium
249 3426 454 3511 deferuntur3
477 3425 534 3492 ubi
556 3427 667 3492 classis
688 3427 724 3493 P.
749 3427 822 3494 Sitti
844 3449 902 3514 per
931 3427 965 3491 id
986 3435 1115 3514 tempus

107 3540 212 3597 rorat.
258 3530 292 3598 A
322 3553 388 3620 qua
414 3531 569 3620 pauciora
597 3529 640 3596 ab
662 3529 870 3618 amplioribus
893 3533 1115 3597 circumventa
