2376 3924
370 237 481 285 nmen
500 237 550 298 111,
576 236 652 286 err.
676 238 769 286 9-12.
1015 238 1056 299 59

77 424 207 490 auxilio
238 447 257 488 a
280 424 398 507 Belgis
423 429 579 490 arcessiti
604 428 820 509 dicebantur,
856 432 883 491 si
907 451 967 513 per
990 431 1058 491 vim

77 528 224 595 navibus
232 527 353 593 flumen
362 531 687 613 transireccnentur,
701 529 888 616 prohibeat.
904 530 1080 594 Publiums

79 631 242 697 Crassum
265 654 341 697 cum
364 631 558 698 cohortibus
586 634 783 717 legionariis
808 652 856 697 ΧΠ
880 644 912 699 et
935 655 1057 717 magno

78 758 217 800 numero
235 739 405 822 equitatus
423 740 456 802 in
473 737 691 823 Aquitaniam
707 739 873 824 proficisci
890 738 992 820 iubet,
1017 762 1059 802 nc

81 864 123 906 ex
147 840 201 905 his
217 840 413 906 nationibus
441 842 571 907 auxilia
595 845 628 907 in
646 842 793 907 Galliam
817 845 996 906 mittantur
1020 864 1059 906 ac

81 953 201 1009 tantae
224 947 379 1010 nationes
407 947 664 1029 coniungantur.
710 945 870 1026 Quintum
895 945 1059 1009 Titurium
1070 974 1082 1012 i

81 1046 245 1112 Sabinum
258 1047 409 1132 legatum
422 1071 496 1114 cum
513 1048 703 1133 legionibus
720 1048 828 1114 tribus
845 1051 878 1113 in
892 1048 1062 1132 Venellos,

80 1149 304 1216 Curiosolites
327 1152 564 1239 Lexoviosque
590 1155 711 1235 mittit,
741 1155 797 1239 qui
825 1176 898 1218 eam
928 1175 1062 1217 manum

81 1253 313 1320 distinendam
328 1265 433 1321 curet.
456 1256 632 1321 Decimum
648 1257 788 1321 Brutum
812 1256 1085 1321 adulescentems

81 1357 187 1423 classi
211 1355 421 1446 Gallicisque
443 1360 603 1439 navibus,
632 1384 716 1446 quas
744 1383 786 1424 ex
809 1359 1005 1425 Pictonibus
1030 1369 1062 1424 et

82 1460 1063 1550 Santonisreliquisquepacatisregionibusconvcnireius-

80 1575 186 1649 serat,
210 1567 364 1651 praeficit
389 1576 432 1650 et,
456 1569 689 1652 cumprimum
711 1577 836 1653 posset,
864 1569 898 1630 in
914 1567 1064 1632 Venetos

79 1669 254 1755 proficisci
267 1668 370 1734 iubet.
386 1670 463 1755 Ipse
477 1692 515 1735 ec
526 1670 740 1756 pedestribus
757 1672 861 1756 copiis
879 1669 1064 1735 contendit.

173 1771 225 1838 12.
260 1773 368 1838 Erant
398 1774 561 1840 eiusmodi
591 1776 659 1839 fere
684 1777 767 1838 situs
792 1773 999 1860 oppidorum,
1029 1783 1066 1838 ut

80 1879 196 1964 posita
221 1877 255 1940 in
280 1879 440 1942 extremis
465 1877 604 1960 lingulis
633 1878 936 1964 promontoriisque
960 1899 1066 1961 neque

80 1980 229 2067 pedibus
258 1980 388 2044 aditum
417 1980 597 2064 baberent,
627 2002 701 2045 cum
733 2003 774 2044 ex
798 1979 867 2044 alto
893 2004 927 2044 se
951 1989 1065 2044 aestus

81 2083 312 2167 incitavisset,
336 2083 425 2169 quod
449 2083 525 2168 [bis]
549 2083 677 2148 accidit
700 2106 829 2168 semper
844 2084 999 2149 horarum
1016 2103 1068 2147 xii

82 2189 208 2274 spatio,
233 2208 341 2272 neque
356 2187 510 2270 navibus,
535 2187 624 2274 quod
646 2209 761 2252 rursus
783 2189 953 2251 minuente
971 2197 1067 2251 aestu

82 2313 192 2357 naves
215 2291 249 2354 in
272 2291 371 2356 vadis
395 2291 650 2356 afflictarentur.
673 2293 728 2356 Ita
751 2301 893 2376 utraque
916 2314 952 2355 re
975 2292 1089 2377 appi-2

84 2395 205 2460 dorum
230 2396 438 2482 oppugnatio
462 2395 723 2481 impediebatur,
747 2415 786 2459 ac
804 2396 831 2457 si
849 2395 982 2479 quando
998 2417 1083 2458 mac

84 2497 268 2582 gnitudine
284 2500 394 2586 operis
411 2499 497 2564 forte
512 2502 672 2585 superati,
688 2508 825 2563 extruso
842 2487 926 2562 mari
944 2518 1069 2580 aggere

85 2624 126 2668 ac
150 2601 298 2668 molibus
321 2610 423 2687 atque
446 2603 498 2666 his
524 2602 638 2688 oppidi
659 2602 833 2668 moenibus
858 2603 1070 2686 adaequatis,

85 2709 156 2772 suis
179 2706 326 2770 fortunis
352 2705 531 2791 desperare
555 2715 751 2791 coeperant,
782 2727 904 2788 magno
932 2726 1069 2769 numero

84 2811 224 2877 navium
248 2808 399 2896 appulso,
422 2810 517 2874 cuius
541 2811 590 2874 rei
615 2806 775 2875 summam
801 2808 997 2873 facultatem
1011 2807 1070 2871 ha-

84 2912 232 2995 bebant,
258 2934 319 2977 sua
344 2911 570 2999 deportabant
595 2914 707 2978 omnia
731 2935 832 2998 seque
856 2914 889 2975 in
917 2913 1070 2997 proxima

86 3016 213 3104 oppida
234 3014 460 3102 recipiebant;
484 3015 532 3081 ibi
553 3039 588 3080 se
613 3039 727 3081 rursus
744 3016 862 3080 iisdem
880 3016 1093 3101 opportuni-r

85 3119 217 3187 tatibus
240 3119 308 3184 looi
324 3118 563 3184 defendebant.
591 3119 685 3183 Haec
703 3142 740 3183 eo
764 3117 899 3182 facilius
914 3139 1092 3200 magnams

86 3235 222 3310 partem
237 3224 382 3289 aestatis
399 3221 581 3306 faciebant,
605 3222 694 3308 quod
711 3231 848 3286 nostrae
864 3245 969 3286 naves
989 3230 1070 3285 tern-

85 3325 280 3414 pestatibus
294 3324 543 3409 detinebantur,
560 3348 753 3412 summaque
770 3335 843 3390 erat
855 3334 953 3390 vasto
971 3335 1071 3408 atque

87 3440 206 3520 aperto
221 3430 321 3512 mari,
343 3431 476 3514 magnis
493 3429 656 3513 aestibus,
679 3431 766 3494 raris
791 3451 831 3493 ac
851 3450 953 3513 prope
969 3427 1071 3492 nullis

85 3533 254 3621 portibus,
278 3530 465 3598 difficultas
492 3531 689 3615 navigandi.
