<?xml version="1.0" encoding="UTF-8"?>
<!DOCTYPE html PUBLIC "-//W3C//DTD XHTML 1.0 Transitional//EN"
    "http://www.w3.org/TR/xhtml1/DTD/xhtml1-transitional.dtd">
<html xmlns="http://www.w3.org/1999/xhtml" xml:lang="en" lang="en">
 <head>
  <title>
</title>
<meta http-equiv="Content-Type" content="text/html;charset=utf-8" />
  <meta name='ocr-system' content='tesseract 3.04.00' />
  <meta name='ocr-capabilities' content='ocr_page ocr_carea ocr_par ocr_line ocrx_word'/>
</head>
<body>
  <div class='ocr_page' id='page_1' title='image "./ciuliicaesarisc00hoffgoog/ciuliicaesarisc00hoffgoog_0233.png"; bbox 0 0 2376 3924; ppageno 0'>
   <div class='ocr_carea' id='block_1_1' title="bbox 152 224 815 291">
    <p class='ocr_par' dir='ltr' id='par_1_1' title="bbox 152 224 815 291">
     <span class='ocr_line' id='line_1_1' title="bbox 152 224 815 291; baseline -0.015 -3"><span class='ocrx_word' id='word_1_1' title='bbox 152 224 214 291; x_wconf 82' lang='lat'><strong>180</strong></span> <span class='ocrx_word' id='word_1_2' title='bbox 456 224 637 278; x_wconf 77' lang='lat' dir='ltr'><strong>osssnnuo</strong></span> <span class='ocrx_word' id='word_1_3' title='bbox 657 224 815 278; x_wconf 77' lang='lat' dir='ltr'><strong>GALLlcO</strong></span> 
     </span>
    </p>
   </div>
   <div class='ocr_carea' id='block_1_2' title="bbox 40 415 1157 3415">
    <p class='ocr_par' dir='ltr' id='par_1_2' title="bbox 148 415 1128 711">
     <span class='ocr_line' id='line_1_2' title="bbox 253 415 1128 506; baseline 0.009 -27"><span class='ocrx_word' id='word_1_4' title='bbox 253 415 302 480; x_wconf 84' lang='lat'><strong>15.</strong></span> <span class='ocrx_word' id='word_1_5' title='bbox 326 415 484 481; x_wconf 89' lang='lat' dir='ltr'><strong>Omnium</strong></span> <span class='ocrx_word' id='word_1_6' title='bbox 506 437 672 481; x_wconf 88' lang='lat' dir='ltr'><strong>consensu</strong></span> <span class='ocrx_word' id='word_1_7' title='bbox 694 416 758 484; x_wconf 89' lang='lat' dir='ltr'><strong>hac</strong></span> <span class='ocrx_word' id='word_1_8' title='bbox 783 419 953 484; x_wconf 89' lang='lat' dir='ltr'><strong>sententia</strong></span> <span class='ocrx_word' id='word_1_9' title='bbox 980 420 1128 506; x_wconf 88' lang='lat' dir='ltr'><strong>probata</strong></span> 
     </span>
     <span class='ocr_line' id='line_1_3' title="bbox 149 519 1128 606; baseline 0.005 -21"><span class='ocrx_word' id='word_1_10' title='bbox 149 542 215 585; x_wconf 92' lang='lat' dir='ltr'><strong>uno</strong></span> <span class='ocrx_word' id='word_1_11' title='bbox 240 519 295 584; x_wconf 90' lang='lat' dir='ltr'><strong>die</strong></span> <span class='ocrx_word' id='word_1_12' title='bbox 318 519 461 606; x_wconf 91' lang='lat' dir='ltr'><strong>amplius</strong></span> <span class='ocrx_word' id='word_1_13' title='bbox 486 537 535 584; x_wconf 85' lang='lat' dir='ltr'><strong>xx</strong></span> <span class='ocrx_word' id='word_1_14' title='bbox 557 519 658 586; x_wconf 90' lang='lat' dir='ltr'><strong>urbes</strong></span> <span class='ocrx_word' id='word_1_15' title='bbox 673 520 865 606; x_wconf 85' lang='lat' dir='ltr'><strong>Biturigum</strong></span> <span class='ocrx_word' id='word_1_16' title='bbox 887 521 1128 590; x_wconf 89' lang='lat' dir='ltr'><strong>incenduntur.</strong></span> 
     </span>
     <span class='ocr_line' id='line_1_4' title="bbox 148 623 1127 711; baseline 0.005 -22"><span class='ocrx_word' id='word_1_17' title='bbox 148 624 222 689; x_wconf 93' lang='lat' dir='ltr'><strong>Hoc</strong></span> <span class='ocrx_word' id='word_1_18' title='bbox 245 624 334 690; x_wconf 90' lang='lat' dir='ltr'><strong>idem</strong></span> <span class='ocrx_word' id='word_1_19' title='bbox 361 625 399 690; x_wconf 91' lang='lat' dir='ltr'><strong>fit</strong></span> <span class='ocrx_word' id='word_1_20' title='bbox 422 626 457 688; x_wconf 93' lang='lat' dir='ltr'><strong>in</strong></span> <span class='ocrx_word' id='word_1_21' title='bbox 486 623 625 711; x_wconf 92' lang='lat' dir='ltr'><strong>reliquis</strong></span> <span class='ocrx_word' id='word_1_22' title='bbox 655 624 869 709; x_wconf 81' lang='lat' dir='ltr'><strong>civitatibus3</strong></span> <span class='ocrx_word' id='word_1_23' title='bbox 906 627 941 691; x_wconf 92' lang='lat' dir='ltr'><strong>in</strong></span> <span class='ocrx_word' id='word_1_24' title='bbox 971 626 1127 694; x_wconf 88' lang='lat' dir='ltr'><strong>omnibus</strong></span> 
     </span>
    </p>

    <p class='ocr_par' dir='ltr' id='par_1_3' title="bbox 40 727 1157 3415">
     <span class='ocr_line' id='line_1_5' title="bbox 127 727 1127 816; baseline 0.001 -20"><span class='ocrx_word' id='word_1_25' title='bbox 127 728 300 814; x_wconf 78' lang='lat' dir='ltr'><strong>apartibus</strong></span> <span class='ocrx_word' id='word_1_26' title='bbox 325 728 484 793; x_wconf 90' lang='lat' dir='ltr'><strong>incendia</strong></span> <span class='ocrx_word' id='word_1_27' title='bbox 507 729 769 813; x_wconf 90' lang='lat' dir='ltr'><strong>conspiciuntur.</strong></span> <span class='ocrx_word' id='word_1_28' title='bbox 795 727 890 810; x_wconf 80' lang='lat' dir='ltr'><strong>Quae</strong></span> <span class='ocrx_word' id='word_1_29' title='bbox 913 731 977 795; x_wconf 88' lang='lat' dir='ltr'><strong>etsi</strong></span> <span class='ocrx_word' id='word_1_30' title='bbox 1000 752 1127 816; x_wconf 91' lang='lat' dir='ltr'><strong>magno</strong></span> 
     </span>
     <span class='ocr_line' id='line_1_6' title="bbox 148 831 1125 916; baseline 0.004 -20"><span class='ocrx_word' id='word_1_31' title='bbox 148 853 223 897; x_wconf 92' lang='lat' dir='ltr'><strong>cum</strong></span> <span class='ocrx_word' id='word_1_32' title='bbox 247 832 361 898; x_wconf 92' lang='lat' dir='ltr'><strong>dolore</strong></span> <span class='ocrx_word' id='word_1_33' title='bbox 384 854 498 898; x_wconf 89' lang='lat' dir='ltr'><strong>omnes</strong></span> <span class='ocrx_word' id='word_1_34' title='bbox 521 831 686 916; x_wconf 86' lang='lat' dir='ltr'><strong>ferebant,</strong></span> <span class='ocrx_word' id='word_1_35' title='bbox 703 841 816 898; x_wconf 90' lang='lat' dir='ltr'><strong>tamen</strong></span> <span class='ocrx_word' id='word_1_36' title='bbox 831 831 895 900; x_wconf 92' lang='lat' dir='ltr'><strong>hoc</strong></span> <span class='ocrx_word' id='word_1_37' title='bbox 920 833 986 899; x_wconf 82' lang='lat' dir='ltr'><strong>sibi</strong></span> <span class='ocrx_word' id='word_1_38' title='bbox 1004 834 1125 900; x_wconf 91' lang='lat' dir='ltr'><strong>solacii</strong></span> 
     </span>
     <span class='ocr_line' id='line_1_7' title="bbox 146 935 1124 1023; baseline 0.005 -23"><span class='ocrx_word' id='word_1_39' title='bbox 146 936 389 1023; x_wconf 82' lang='lat' dir='ltr'>proponebant,</span> <span class='ocrx_word' id='word_1_40' title='bbox 407 935 496 1022; x_wconf 91' lang='lat' dir='ltr'><strong>quod</strong></span> <span class='ocrx_word' id='word_1_41' title='bbox 512 959 548 1000; x_wconf 93' lang='lat' dir='ltr'><strong>se</strong></span> <span class='ocrx_word' id='word_1_42' title='bbox 563 957 666 1023; x_wconf 92' lang='lat' dir='ltr'><strong>prope</strong></span> <span class='ocrx_word' id='word_1_43' title='bbox 683 935 860 1021; x_wconf 87' lang='lat' dir='ltr'><strong>explorata</strong></span> <span class='ocrx_word' id='word_1_44' title='bbox 881 937 1025 1004; x_wconf 88' lang='lat' dir='ltr'><strong>victoria</strong></span> <span class='ocrx_word' id='word_1_45' title='bbox 1037 939 1124 1005; x_wconf 90' lang='lat' dir='ltr'><strong>cele-</strong></span> 
     </span>
     <span class='ocr_line' id='line_1_8' title="bbox 125 1038 1126 1125; baseline 0 -17"><span class='ocrx_word' id='word_1_46' title='bbox 125 1041 229 1108; x_wconf 81' lang='lat' dir='ltr'><strong>ariter</strong></span> <span class='ocrx_word' id='word_1_47' title='bbox 250 1041 376 1105; x_wconf 89' lang='lat' dir='ltr'><strong>amissa</strong></span> <span class='ocrx_word' id='word_1_48' title='bbox 392 1040 638 1125; x_wconf 89' lang='lat' dir='ltr'><strong>reciperaturos</strong></span> <span class='ocrx_word' id='word_1_49' title='bbox 655 1038 881 1105; x_wconf 88' lang='lat' dir='ltr'><strong>confidebant.</strong></span> <span class='ocrx_word' id='word_1_50' title='bbox 904 1038 1126 1108; x_wconf 78' lang='lat' dir='ltr'><strong>Deliberatur</strong></span> 
     </span>
     <span class='ocr_line' id='line_1_9' title="bbox 147 1142 1125 1230; baseline 0.005 -24"><span class='ocrx_word' id='word_1_51' title='bbox 147 1142 188 1206; x_wconf 90' lang='lat' dir='ltr'><strong>de</strong></span> <span class='ocrx_word' id='word_1_52' title='bbox 210 1142 358 1208; x_wconf 83' lang='lat' dir='ltr'><strong>Avarico</strong></span> <span class='ocrx_word' id='word_1_53' title='bbox 382 1143 417 1207; x_wconf 92' lang='lat' dir='ltr'><strong>in</strong></span> <span class='ocrx_word' id='word_1_54' title='bbox 440 1144 607 1208; x_wconf 89' lang='lat' dir='ltr'><strong>communi</strong></span> <span class='ocrx_word' id='word_1_55' title='bbox 636 1143 790 1228; x_wconf 89' lang='lat' dir='ltr'><strong>concilio,</strong></span> <span class='ocrx_word' id='word_1_56' title='bbox 815 1144 949 1209; x_wconf 93' lang='lat' dir='ltr'><strong>incendi</strong></span> <span class='ocrx_word' id='word_1_57' title='bbox 972 1144 1125 1230; x_wconf 79' lang='lat' dir='ltr'>placeret</span> 
     </span>
     <span class='ocr_line' id='line_1_10' title="bbox 124 1246 1123 1334; baseline 0.002 -20"><span class='ocrx_word' id='word_1_58' title='bbox 124 1270 190 1314; x_wconf 69' lang='lat' dir='ltr'><strong>ean</strong></span> <span class='ocrx_word' id='word_1_59' title='bbox 214 1247 360 1313; x_wconf 89' lang='lat' dir='ltr'><strong>defendi.</strong></span> <span class='ocrx_word' id='word_1_60' title='bbox 382 1247 610 1314; x_wconf 82' lang='lat' dir='ltr'><strong>Procumbunt</strong></span> <span class='ocrx_word' id='word_1_61' title='bbox 639 1247 792 1314; x_wconf 91' lang='lat' dir='ltr'><strong>omnibus</strong></span> <span class='ocrx_word' id='word_1_62' title='bbox 817 1246 926 1314; x_wconf 81' lang='lat' dir='ltr'><strong>Gallis</strong></span> <span class='ocrx_word' id='word_1_63' title='bbox 951 1246 996 1314; x_wconf 94' lang='lat' dir='ltr'><strong>ad</strong></span> <span class='ocrx_word' id='word_1_64' title='bbox 1017 1249 1123 1334; x_wconf 92' lang='lat' dir='ltr'><strong>pedes</strong></span> 
     </span>
     <span class='ocr_line' id='line_1_11' title="bbox 145 1350 1123 1438; baseline 0.004 -23"><span class='ocrx_word' id='word_1_65' title='bbox 145 1350 327 1435; x_wconf 79' lang='lat' dir='ltr'><strong>Bituriges,</strong></span> <span class='ocrx_word' id='word_1_66' title='bbox 357 1374 400 1417; x_wconf 89' lang='lat' dir='ltr'><strong>ne</strong></span> <span class='ocrx_word' id='word_1_67' title='bbox 427 1351 687 1438; x_wconf 83' lang='lat' dir='ltr'><strong>pulcherrimam</strong></span> <span class='ocrx_word' id='word_1_68' title='bbox 714 1374 817 1438; x_wconf 88' lang='lat' dir='ltr'><strong>prope</strong></span> <span class='ocrx_word' id='word_1_69' title='bbox 850 1355 954 1419; x_wconf 90' lang='lat' dir='ltr'><strong>totius</strong></span> <span class='ocrx_word' id='word_1_70' title='bbox 985 1350 1123 1420; x_wconf 79' lang='lat' dir='ltr'><strong>Galliae</strong></span> 
     </span>
     <span class='ocr_line' id='line_1_12' title="bbox 145 1454 1122 1542; baseline 0.004 -23"><span class='ocrx_word' id='word_1_71' title='bbox 145 1454 271 1539; x_wconf 91' lang='lat' dir='ltr'><strong>urbem,</strong></span> <span class='ocrx_word' id='word_1_72' title='bbox 301 1478 386 1540; x_wconf 87' lang='lat' dir='ltr'><strong>quae</strong></span> <span class='ocrx_word' id='word_1_73' title='bbox 414 1456 584 1542; x_wconf 91' lang='lat' dir='ltr'><strong>praesidio</strong></span> <span class='ocrx_word' id='word_1_74' title='bbox 614 1465 646 1521; x_wconf 92' lang='lat' dir='ltr'><strong>et</strong></span> <span class='ocrx_word' id='word_1_75' title='bbox 677 1465 872 1521; x_wconf 91' lang='lat' dir='ltr'><strong>ornamento</strong></span> <span class='ocrx_word' id='word_1_76' title='bbox 903 1459 947 1522; x_wconf 91' lang='lat' dir='ltr'><strong>sit</strong></span> <span class='ocrx_word' id='word_1_77' title='bbox 976 1456 1122 1542; x_wconf 86' lang='lat' dir='ltr'><strong>civitati,</strong></span> 
     </span>
     <span class='ocr_line' id='line_1_13' title="bbox 122 1559 1122 1644; baseline 0.001 -18"><span class='ocrx_word' id='word_1_78' title='bbox 122 1560 214 1626; x_wconf 77' lang='lat' dir='ltr'><strong>esuis</strong></span> <span class='ocrx_word' id='word_1_79' title='bbox 236 1559 392 1625; x_wconf 91' lang='lat' dir='ltr'><strong>manibus</strong></span> <span class='ocrx_word' id='word_1_80' title='bbox 416 1559 622 1625; x_wconf 90' lang='lat' dir='ltr'><strong>succendere</strong></span> <span class='ocrx_word' id='word_1_81' title='bbox 644 1568 862 1644; x_wconf 74' lang='lat' dir='ltr'><strong>cogerentur:</strong></span> <span class='ocrx_word' id='word_1_82' title='bbox 884 1559 985 1627; x_wconf 84' lang='lat' dir='ltr'><strong>facile</strong></span> <span class='ocrx_word' id='word_1_83' title='bbox 1002 1584 1039 1627; x_wconf 90' lang='lat' dir='ltr'><strong>se</strong></span> <span class='ocrx_word' id='word_1_84' title='bbox 1054 1561 1122 1627; x_wconf 93' lang='lat' dir='ltr'><strong>loci</strong></span> 
     </span>
     <span class='ocr_line' id='line_1_14' title="bbox 143 1663 1121 1750; baseline 0.002 -22"><span class='ocrx_word' id='word_1_85' title='bbox 143 1673 266 1730; x_wconf 91' lang='lat' dir='ltr'><strong>natura</strong></span> <span class='ocrx_word' id='word_1_86' title='bbox 290 1663 487 1729; x_wconf 78' lang='lat' dir='ltr'><strong>defensuros</strong></span> <span class='ocrx_word' id='word_1_87' title='bbox 512 1664 639 1746; x_wconf 88' lang='lat' dir='ltr'><strong>dicunt,</strong></span> <span class='ocrx_word' id='word_1_88' title='bbox 663 1663 753 1750; x_wconf 94' lang='lat' dir='ltr'><strong>quod</strong></span> <span class='ocrx_word' id='word_1_89' title='bbox 774 1686 877 1750; x_wconf 94' lang='lat' dir='ltr'><strong>prope</strong></span> <span class='ocrx_word' id='word_1_90' title='bbox 901 1686 944 1729; x_wconf 86' lang='lat' dir='ltr'><strong>ex</strong></span> <span class='ocrx_word' id='word_1_91' title='bbox 965 1664 1121 1730; x_wconf 90' lang='lat' dir='ltr'><strong>omnibus</strong></span> 
     </span>
     <span class='ocr_line' id='line_1_15' title="bbox 142 1766 1121 1853; baseline 0.001 -20"><span class='ocrx_word' id='word_1_92' title='bbox 142 1766 296 1853; x_wconf 89' lang='lat' dir='ltr'><strong>partibus</strong></span> <span class='ocrx_word' id='word_1_93' title='bbox 312 1767 446 1832; x_wconf 89' lang='lat' dir='ltr'><strong>flumine</strong></span> <span class='ocrx_word' id='word_1_94' title='bbox 462 1777 495 1832; x_wconf 92' lang='lat' dir='ltr'><strong>et</strong></span> <span class='ocrx_word' id='word_1_95' title='bbox 511 1766 635 1853; x_wconf 92' lang='lat' dir='ltr'><strong>palude</strong></span> <span class='ocrx_word' id='word_1_96' title='bbox 652 1767 861 1834; x_wconf 88' lang='lat' dir='ltr'><strong>circumdata</strong></span> <span class='ocrx_word' id='word_1_97' title='bbox 877 1790 979 1834; x_wconf 93' lang='lat' dir='ltr'><strong>unum</strong></span> <span class='ocrx_word' id='word_1_98' title='bbox 994 1767 1121 1834; x_wconf 89' lang='lat' dir='ltr'><strong>habeat</strong></span> 
     </span>
     <span class='ocr_line' id='line_1_16' title="bbox 121 1871 1120 1958; baseline 0.001 -22"><span class='ocrx_word' id='word_1_99' title='bbox 121 1881 177 1937; x_wconf 82' lang='lat' dir='ltr'><strong>oet</strong></span> <span class='ocrx_word' id='word_1_100' title='bbox 188 1881 431 1957; x_wconf 81' lang='lat' dir='ltr'><strong>perangustum</strong></span> <span class='ocrx_word' id='word_1_101' title='bbox 446 1872 586 1937; x_wconf 90' lang='lat' dir='ltr'><strong>aditum.</strong></span> <span class='ocrx_word' id='word_1_102' title='bbox 603 1871 714 1938; x_wconf 91' lang='lat' dir='ltr'><strong>Datur</strong></span> <span class='ocrx_word' id='word_1_103' title='bbox 725 1871 917 1958; x_wconf 90' lang='lat' dir='ltr'><strong>petentibus</strong></span> <span class='ocrx_word' id='word_1_104' title='bbox 933 1873 1034 1938; x_wconf 90' lang='lat' dir='ltr'><strong>venia</strong></span> <span class='ocrx_word' id='word_1_105' title='bbox 1052 1871 1120 1937; x_wconf 90' lang='lat' dir='ltr'><strong>dis·</strong></span> 
     </span>
     <span class='ocr_line' id='line_1_17' title="bbox 145 1974 1157 2062; baseline 0 -20"><span class='ocrx_word' id='word_1_106' title='bbox 145 1976 307 2042; x_wconf 84' lang='lat' dir='ltr'><strong>suadente</strong></span> <span class='ocrx_word' id='word_1_107' title='bbox 330 1977 437 2062; x_wconf 91' lang='lat' dir='ltr'><strong>primo</strong></span> <span class='ocrx_word' id='word_1_108' title='bbox 460 1976 753 2061; x_wconf 89' lang='lat' dir='ltr'><strong>Vercingetorige,</strong></span> <span class='ocrx_word' id='word_1_109' title='bbox 770 1984 845 2062; x_wconf 94' lang='lat' dir='ltr'><strong>post</strong></span> <span class='ocrx_word' id='word_1_110' title='bbox 862 1974 1070 2042; x_wconf 90' lang='lat' dir='ltr'><strong>concedente</strong></span> <span class='ocrx_word' id='word_1_111' title='bbox 1086 1985 1120 2042; x_wconf 90' lang='lat' dir='ltr'><strong>et</strong></span> <span class='ocrx_word' id='word_1_112' title='bbox 1155 2009 1157 2013; x_wconf 50' lang='grc'>’</span> 
     </span>
     <span class='ocr_line' id='line_1_18' title="bbox 143 2079 1120 2167; baseline 0 -22"><span class='ocrx_word' id='word_1_113' title='bbox 143 2080 300 2167; x_wconf 92' lang='lat' dir='ltr'><strong>precibus</strong></span> <span class='ocrx_word' id='word_1_114' title='bbox 324 2081 471 2167; x_wconf 92' lang='lat' dir='ltr'><strong>ipsorum</strong></span> <span class='ocrx_word' id='word_1_115' title='bbox 488 2091 521 2146; x_wconf 90' lang='lat' dir='ltr'><strong>et</strong></span> <span class='ocrx_word' id='word_1_116' title='bbox 537 2079 769 2147; x_wconf 88' lang='lat' dir='ltr'><strong>misericordia</strong></span> <span class='ocrx_word' id='word_1_117' title='bbox 785 2079 889 2164; x_wconf 85' lang='lat' dir='ltr'><strong>vulgi.</strong></span> <span class='ocrx_word' id='word_1_118' title='bbox 912 2079 1120 2145; x_wconf 87' lang='lat' dir='ltr'><strong>Defensores</strong></span> 
     </span>
     <span class='ocr_line' id='line_1_19' title="bbox 144 2183 631 2270; baseline 0 -22"><span class='ocrx_word' id='word_1_119' title='bbox 144 2184 265 2270; x_wconf 92' lang='lat' dir='ltr'><strong>oppido</strong></span> <span class='ocrx_word' id='word_1_120' title='bbox 289 2183 403 2249; x_wconf 90' lang='lat' dir='ltr'><strong>idonei</strong></span> <span class='ocrx_word' id='word_1_121' title='bbox 427 2183 631 2268; x_wconf 88' lang='lat' dir='ltr'><strong>deliguntur.</strong></span> 
     </span>
     <span class='ocr_line' id='line_1_20' title="bbox 241 2285 1120 2373; baseline 0.002 -23"><span class='ocrx_word' id='word_1_122' title='bbox 241 2285 1120 2373; x_wconf 80' lang='lat' dir='ltr'><strong>16.Vercingetorixminoribusansaremitineribus</strong></span> 
     </span>
     <span class='ocr_line' id='line_1_21' title="bbox 144 2390 1119 2479; baseline -0.002 -20"><span class='ocrx_word' id='word_1_123' title='bbox 144 2393 359 2479; x_wconf 87' lang='lat' dir='ltr'><strong>subsequitur</strong></span> <span class='ocrx_word' id='word_1_124' title='bbox 372 2392 526 2459; x_wconf 82' lang='lat' dir='ltr'><strong>stlocum</strong></span> <span class='ocrx_word' id='word_1_125' title='bbox 539 2391 662 2458; x_wconf 87' lang='lat' dir='ltr'><strong>castris</strong></span> <span class='ocrx_word' id='word_1_126' title='bbox 676 2391 798 2476; x_wconf 88' lang='lat' dir='ltr'><strong>deligit</strong></span> <span class='ocrx_word' id='word_1_127' title='bbox 811 2390 992 2478; x_wconf 92' lang='lat' dir='ltr'><strong>paludibus</strong></span> <span class='ocrx_word' id='word_1_128' title='bbox 1010 2390 1119 2458; x_wconf 87' lang='lat' dir='ltr'><strong>silvis-</strong></span> 
     </span>
     <span class='ocr_line' id='line_1_22' title="bbox 143 2495 1118 2583; baseline -0.005 -19"><span class='ocrx_word' id='word_1_129' title='bbox 143 2520 206 2583; x_wconf 92' lang='lat' dir='ltr'><strong>que</strong></span> <span class='ocrx_word' id='word_1_130' title='bbox 229 2498 394 2562; x_wconf 92' lang='lat' dir='ltr'><strong>munitum</strong></span> <span class='ocrx_word' id='word_1_131' title='bbox 417 2496 460 2564; x_wconf 93' lang='lat' dir='ltr'><strong>ab</strong></span> <span class='ocrx_word' id='word_1_132' title='bbox 482 2497 628 2563; x_wconf 86' lang='lat' dir='ltr'><strong>Avarico</strong></span> <span class='ocrx_word' id='word_1_133' title='bbox 644 2496 746 2580; x_wconf 87' lang='lat' dir='ltr'><strong>longe</strong></span> <span class='ocrx_word' id='word_1_134' title='bbox 760 2495 853 2562; x_wconf 90' lang='lat' dir='ltr'><strong>milia</strong></span> <span class='ocrx_word' id='word_1_135' title='bbox 869 2518 1030 2582; x_wconf 84' lang='lat' dir='ltr'><strong>passuum</strong></span> <span class='ocrx_word' id='word_1_136' title='bbox 1046 2513 1118 2563; x_wconf 73' lang='lat' dir='ltr'><strong>xvr.</strong></span> 
     </span>
     <span class='ocr_line' id='line_1_23' title="bbox 122 2599 1118 2688; baseline 0 -24"><span class='ocrx_word' id='word_1_137' title='bbox 122 2602 195 2666; x_wconf 83' lang='lat' dir='ltr'><strong>albi</strong></span> <span class='ocrx_word' id='word_1_138' title='bbox 218 2624 278 2688; x_wconf 96' lang='lat' dir='ltr'><strong>per</strong></span> <span class='ocrx_word' id='word_1_139' title='bbox 292 2609 404 2666; x_wconf 90' lang='lat' dir='ltr'><strong>certos</strong></span> <span class='ocrx_word' id='word_1_140' title='bbox 421 2600 651 2687; x_wconf 86' lang='lat' dir='ltr'><strong>exploratores</strong></span> <span class='ocrx_word' id='word_1_141' title='bbox 668 2602 703 2665; x_wconf 88' lang='lat' dir='ltr'><strong>in</strong></span> <span class='ocrx_word' id='word_1_142' title='bbox 720 2599 855 2684; x_wconf 91' lang='lat' dir='ltr'><strong>singula</strong></span> <span class='ocrx_word' id='word_1_143' title='bbox 873 2599 940 2665; x_wconf 91' lang='lat' dir='ltr'><strong>diei</strong></span> <span class='ocrx_word' id='word_1_144' title='bbox 955 2608 1118 2685; x_wconf 89' lang='lat' dir='ltr'><strong>tempora,</strong></span> 
     </span>
     <span class='ocr_line' id='line_1_24' title="bbox 143 2702 1118 2791; baseline 0.002 -22"><span class='ocrx_word' id='word_1_145' title='bbox 143 2727 229 2790; x_wconf 90' lang='lat' dir='ltr'><strong>quae</strong></span> <span class='ocrx_word' id='word_1_146' title='bbox 252 2705 297 2770; x_wconf 91' lang='lat' dir='ltr'><strong>ad</strong></span> <span class='ocrx_word' id='word_1_147' title='bbox 319 2703 505 2771; x_wconf 82' lang='lat' dir='ltr'><strong>Avaricum</strong></span> <span class='ocrx_word' id='word_1_148' title='bbox 520 2714 712 2789; x_wconf 84' lang='lat' dir='ltr'><strong>agerentur,</strong></span> <span class='ocrx_word' id='word_1_149' title='bbox 731 2702 958 2789; x_wconf 90' lang='lat' dir='ltr'><strong>cognoscebat</strong></span> <span class='ocrx_word' id='word_1_150' title='bbox 975 2713 1019 2788; x_wconf 91' lang='lat' dir='ltr'><strong>et,</strong></span> <span class='ocrx_word' id='word_1_151' title='bbox 1035 2703 1118 2791; x_wconf 91' lang='lat' dir='ltr'><strong>quid</strong></span> 
     </span>
     <span class='ocr_line' id='line_1_25' title="bbox 40 2807 1117 2895; baseline 0.004 -25"><span class='ocrx_word' id='word_1_152' title='bbox 40 2813 41 2817; x_wconf 77' lang='grc'>’</span> <span class='ocrx_word' id='word_1_153' title='bbox 119 2808 214 2874; x_wconf 83' lang='lat' dir='ltr'><strong>sfieri</strong></span> <span class='ocrx_word' id='word_1_154' title='bbox 237 2808 349 2891; x_wconf 88' lang='lat' dir='ltr'><strong>vellet,</strong></span> <span class='ocrx_word' id='word_1_155' title='bbox 367 2808 567 2895; x_wconf 87' lang='lat' dir='ltr'><strong>imperabat.</strong></span> <span class='ocrx_word' id='word_1_156' title='bbox 591 2808 716 2875; x_wconf 91' lang='lat' dir='ltr'><strong>Omnes</strong></span> <span class='ocrx_word' id='word_1_157' title='bbox 732 2818 867 2875; x_wconf 91' lang='lat' dir='ltr'><strong>nostras</strong></span> <span class='ocrx_word' id='word_1_158' title='bbox 879 2807 1117 2895; x_wconf 89' lang='lat' dir='ltr'><strong>pabulationes</strong></span> 
     </span>
     <span class='ocr_line' id='line_1_26' title="bbox 141 2911 1117 3000; baseline 0.001 -24"><span class='ocrx_word' id='word_1_159' title='bbox 141 2911 1117 3000; x_wconf 84' lang='lat' dir='ltr'><strong>frumentationesqueobservabatdispersosque,oumlon·</strong></span> 
     </span>
     <span class='ocr_line' id='line_1_27' title="bbox 143 3016 1117 3103; baseline 0.001 -23"><span class='ocrx_word' id='word_1_160' title='bbox 143 3019 218 3100; x_wconf 91' lang='lat' dir='ltr'><strong>gius</strong></span> <span class='ocrx_word' id='word_1_161' title='bbox 234 3019 426 3082; x_wconf 90' lang='lat' dir='ltr'><strong>necessario</strong></span> <span class='ocrx_word' id='word_1_162' title='bbox 442 3017 674 3103; x_wconf 89' lang='lat' dir='ltr'><strong>procederent,</strong></span> <span class='ocrx_word' id='word_1_163' title='bbox 691 3016 910 3083; x_wconf 87' lang='lat' dir='ltr'><strong>adoriebatur</strong></span> <span class='ocrx_word' id='word_1_164' title='bbox 926 3036 1117 3102; x_wconf 88' lang='lat' dir='ltr'><strong>magnoque</strong></span> 
     </span>
     <span class='ocr_line' id='line_1_28' title="bbox 141 3120 1116 3208; baseline 0 -22"><span class='ocrx_word' id='word_1_165' title='bbox 141 3120 351 3186; x_wconf 91' lang='lat' dir='ltr'><strong>incommodo</strong></span> <span class='ocrx_word' id='word_1_166' title='bbox 376 3120 558 3207; x_wconf 85' lang='lat' dir='ltr'><strong>afficiebat,</strong></span> <span class='ocrx_word' id='word_1_167' title='bbox 588 3122 662 3203; x_wconf 90' lang='lat' dir='ltr'><strong>etsi,</strong></span> <span class='ocrx_word' id='word_1_168' title='bbox 690 3130 852 3208; x_wconf 90' lang='lat' dir='ltr'><strong>quantum</strong></span> <span class='ocrx_word' id='word_1_169' title='bbox 880 3121 1013 3186; x_wconf 92' lang='lat' dir='ltr'><strong>ratione</strong></span> <span class='ocrx_word' id='word_1_170' title='bbox 1041 3142 1116 3207; x_wconf 92' lang='lat' dir='ltr'><strong>pro-</strong></span> 
     </span>
     <span class='ocr_line' id='line_1_29' title="bbox 141 3222 1115 3309; baseline 0.004 -23"><span class='ocrx_word' id='word_1_171' title='bbox 141 3225 249 3291; x_wconf 89' lang='lat' dir='ltr'><strong>videri</strong></span> <span class='ocrx_word' id='word_1_172' title='bbox 272 3232 415 3309; x_wconf 88' lang='lat' dir='ltr'><strong>poterat,</strong></span> <span class='ocrx_word' id='word_1_173' title='bbox 432 3223 476 3289; x_wconf 90' lang='lat' dir='ltr'><strong>ab</strong></span> <span class='ocrx_word' id='word_1_174' title='bbox 496 3226 623 3290; x_wconf 87' lang='lat' dir='ltr'><strong>nostris</strong></span> <span class='ocrx_word' id='word_1_175' title='bbox 646 3222 896 3308; x_wconf 88' lang='lat' dir='ltr'><strong>occurrebatur,</strong></span> <span class='ocrx_word' id='word_1_176' title='bbox 917 3231 954 3288; x_wconf 94' lang='lat' dir='ltr'><strong>ut</strong></span> <span class='ocrx_word' id='word_1_177' title='bbox 976 3225 1115 3290; x_wconf 88' lang='lat' dir='ltr'><strong>incertis</strong></span> 
     </span>
     <span class='ocr_line' id='line_1_30' title="bbox 142 3326 923 3415; baseline 0 -22"><span class='ocrx_word' id='word_1_178' title='bbox 142 3326 348 3415; x_wconf 90' lang='lat' dir='ltr'><strong>temporibus</strong></span> <span class='ocrx_word' id='word_1_179' title='bbox 372 3328 583 3414; x_wconf 91' lang='lat' dir='ltr'><strong>diversisque</strong></span> <span class='ocrx_word' id='word_1_180' title='bbox 607 3328 784 3395; x_wconf 90' lang='lat' dir='ltr'><strong>itineribus</strong></span> <span class='ocrx_word' id='word_1_181' title='bbox 808 3331 923 3395; x_wconf 91' lang='lat' dir='ltr'><strong>iretur.</strong></span> 
     </span>
    </p>
   </div>
   <div class='ocr_carea' id='block_1_3' title="bbox 141 3430 1116 3624">
    <p class='ocr_par' dir='ltr' id='par_1_4' title="bbox 141 3430 1116 3624">
     <span class='ocr_line' id='line_1_31' title="bbox 242 3430 1115 3521; baseline 0.005 -26"><span class='ocrx_word' id='word_1_182' title='bbox 242 3430 567 3499; x_wconf 81' lang='lat' dir='ltr'><strong>ll.Oastrisadeam</strong></span> <span class='ocrx_word' id='word_1_183' title='bbox 578 3442 709 3518; x_wconf 90' lang='lat' dir='ltr'><strong>partem</strong></span> <span class='ocrx_word' id='word_1_184' title='bbox 722 3432 836 3521; x_wconf 90' lang='lat' dir='ltr'><strong>oppidi</strong></span> <span class='ocrx_word' id='word_1_185' title='bbox 849 3433 969 3519; x_wconf 89' lang='lat' dir='ltr'><strong>positis</strong></span> <span class='ocrx_word' id='word_1_186' title='bbox 977 3430 1115 3518; x_wconf 80' lang='lat' dir='ltr'><strong>Caesar,</strong></span> 
     </span>
     <span class='ocr_line' id='line_1_32' title="bbox 141 3535 1116 3624; baseline -0.002 -21"><span class='ocrx_word' id='word_1_187' title='bbox 141 3559 227 3624; x_wconf 91' lang='lat' dir='ltr'><strong>quae</strong></span> <span class='ocrx_word' id='word_1_188' title='bbox 249 3538 442 3604; x_wconf 87' lang='lat' dir='ltr'><strong>intermissa</strong></span> <span class='ocrx_word' id='word_1_189' title='bbox 465 3559 485 3604; x_wconf 88' lang='lat' dir='ltr'><strong>a</strong></span> <span class='ocrx_word' id='word_1_190' title='bbox 508 3536 642 3604; x_wconf 90' lang='lat' dir='ltr'><strong>flumine</strong></span> <span class='ocrx_word' id='word_1_191' title='bbox 671 3546 703 3615; x_wconf 91' lang='lat' dir='ltr'><strong>et</strong></span> <span class='ocrx_word' id='word_1_192' title='bbox 727 3560 747 3602; x_wconf 90' lang='lat' dir='ltr'><strong>a</strong></span> <span class='ocrx_word' id='word_1_193' title='bbox 770 3535 951 3624; x_wconf 89' lang='lat' dir='ltr'><strong>paludibus</strong></span> <span class='ocrx_word' id='word_1_194' title='bbox 975 3536 1116 3620; x_wconf 89' lang='lat' dir='ltr'><strong>aditum,</strong></span> 
     </span>
    </p>
   </div>
   <div class='ocr_carea' id='block_1_4' title="bbox 0 0 1192 3924">
    <p class='ocr_par' dir='ltr' id='par_1_5' title="bbox 0 0 1192 3924">
     <span class='ocr_line' id='line_1_33' title="bbox 0 0 1192 3924; baseline 0 4"><span class='ocrx_word' id='word_1_195' title='bbox 0 0 1192 3924; x_wconf 95' lang='lat' dir='ltr'><strong> </strong></span> 
     </span>
    </p>
   </div>
  </div>
 </body>
</html>
