2376 3924
490 236 681 305 *ceusu-so
1012 246 1076 311 205

100 444 160 504 tios
184 448 334 503 centenos
358 438 509 503 militibus
532 447 581 502 est
603 437 760 524 pollicitus
788 460 848 503 nec
871 437 969 502 multo
992 447 1074 522 post,

102 567 175 608 curn
197 546 229 606 in
252 543 420 606 Lusitania
435 541 670 626 Medobregam
694 541 847 626 oppidum
869 550 1074 625 montemque

101 649 304 711 Herminium
327 655 554 733 expugnasset,
585 668 648 731 quo
671 645 944 729 Medobregenses
968 645 1075 708 confu-

100 760 224 835 gerant,
259 750 367 835 ibique
395 752 568 834 imperator
591 759 676 814 esset
698 749 887 834 appellatus,
922 750 1075 812 sestertiis

101 858 243 918 centenis
265 854 380 918 milites
403 854 544 919 donavit.
583 853 687 919 Multa
709 863 879 938 praeterea
902 862 934 916 et
956 874 1096 936 magnai

100 960 243 1043 praemia
266 958 397 1042 singulis
421 958 637 1040 concedebat,
663 980 745 1042 quae
767 959 947 1042 speciosum
961 956 1073 1019 redde-

100 1062 179 1126 bant
201 1071 404 1147 praesentem
427 1064 588 1125 exercitus
612 1082 764 1142 amorem,
788 1059 943 1144 paulatim
965 1068 1073 1123 tamen

99 1175 131 1230 et
153 1165 276 1230 occulte
299 1165 470 1230 militarem
492 1164 693 1250 disciplinam
719 1167 989 1247 severitatemque
1019 1166 1073 1227 mi-

97 1271 250 1335 nuebant.

183 1374 234 1436 49.
269 1371 398 1437 Cassius
428 1372 606 1457 legionibus
634 1375 667 1437 in
690 1372 825 1437 hiberna
848 1372 1008 1456 dispositis
1031 1370 1074 1436 ad

98 1480 147 1540 ius
177 1476 350 1539 dicendum
373 1475 559 1540 Cordubam
588 1497 623 1540 se
652 1479 775 1562 recepit
808 1483 1073 1560 contractumque

98 1590 194 1642 antea
227 1601 281 1642 aes
315 1578 454 1643 alienum
481 1581 678 1664 gravissimis
706 1579 855 1644 oneribus
889 1581 1074 1665 provinciae

98 1686 261 1747 constituit
294 1682 478 1765 exsolvere3
513 1692 544 1746 et
572 1692 608 1746 ut
634 1683 809 1768 largitionis
841 1683 980 1768 postulat
1002 1705 1073 1747 con-

98 1787 249 1869 suetudo,
283 1810 342 1872 per
373 1808 505 1851 oausam
538 1786 736 1851 liberalitatis
770 1789 947 1873 speciosam
980 1786 1073 1873 plura

97 1894 240 1976 largitori
263 1891 511 1977 quaerebantur.
536 1893 697 1956 Pecuniae
712 1891 923 1978 locupletibus
938 1895 1094 1979 impera-r

97 1997 230 2077 bantur,
260 2018 340 2081 quas
363 1996 530 2080 Longinus
553 1995 614 2060 sibi
637 2016 796 2081 expensas
819 1996 896 2059 ferri
918 2019 983 2061 non
1005 2006 1072 2060 tan-

45 2093 55 2113 “
97 2112 166 2164 tum
188 2100 383 2185 patiebatur,
407 2099 584 2163 sedetiam
608 2099 754 2185 cogebat,
778 2101 811 2164 in
834 2122 967 2185 gregem
990 2101 1072 2165 locu-

97 2205 229 2288 pletium
241 2202 449 2267 simultatium
462 2225 559 2267 causa
574 2212 687 2268 tenues
703 2203 954 2287 coniciebantur,
967 2226 1094 2289 nequer

96 2307 195 2371 ullum
229 2329 331 2391 genus
365 2317 517 2392 quaestus
550 2315 606 2371 aut
639 2310 749 2392 magni
776 2316 809 2372 et
831 2307 989 2372 evidentis
1017 2317 1073 2372 aut

96 2413 218 2474 minimi
242 2419 274 2473 et
296 2409 416 2473 sordidi
443 2411 775 2495 praetermittebatur,
807 2434 870 2498 quo
899 2411 1012 2476 domus
1041 2422 1073 2476 et

96 2513 237 2578 tribunal
259 2514 462 2598 imperatoris
483 2524 625 2579 vacaret.
670 2516 773 2580 Nemo
796 2525 875 2598 erat,
899 2519 954 2601 qui
976 2517 1094 2582 medor

96 2619 237 2702 aliquam
259 2621 417 2683 iacturam
439 2617 546 2682 facere
569 2629 686 2704 posset,
710 2622 788 2706 quin
810 2630 866 2685 aut
888 2620 1072 2687 vadimonio

96 2729 270 2803 teneretur,
294 2723 405 2787 autin
427 2744 500 2787 reos
522 2722 707 2787 referretur.
754 2725 805 2787 lta
827 2747 946 2809 magna
975 2727 1093 2789 etiams

97 2824 274 2889 sollicitudo
297 2825 513 2911 periculorum
535 2826 577 2890 ad
600 2829 740 2892 iacturas
762 2837 794 2892 et
809 2827 1002 2893 detrimenta
1024 2832 1071 2894 rei

96 2928 260 2992 familiaris
283 2928 529 3014 adiungebatur.

182 3030 232 3095 50.
257 3031 384 3114 Quibus
407 3032 448 3098 de
471 3035 575 3098 causis
596 3035 722 3119 accidit,
745 3045 791 3119 ut,
815 3059 889 3102 cum
904 3039 1071 3124 Longinus

95 3138 271 3221 imperator
293 3135 409 3201 cadem
430 3137 570 3221 faceret,
594 3160 677 3225 quae
700 3140 822 3205 fecerat
844 3151 1010 3226 quaestor,
1034 3145 1071 3207 si-

45 3256 49 3261 ·
94 3240 182 3304 milia
220 3261 331 3304 rursus
370 3240 411 3305 de
444 3250 547 3306 morte
584 3244 651 3307 eius
691 3243 902 3329 provinciales
942 3246 1073 3311 consilia

94 3345 221 3409 inirent.
266 3344 393 3409 Horum
422 3344 532 3409 odium
559 3346 796 3412 confirmabant
817 3347 959 3412 nonnulli
981 3349 1092 3416 fami-²

94 3447 189 3512 liares
222 3451 305 3532 eius3
340 3452 411 3535 qui,
445 3471 519 3514 cum
546 3453 580 3516 in
607 3451 659 3517 illa
688 3454 840 3518 societate
862 3464 1071 3520 versarentur

94 3553 292 3636 rapinarum,
315 3553 412 3618 nihilo
435 3555 541 3619 minus
564 3555 700 3622 oderant
722 3578 806 3641 eum,
829 3559 920 3624 cuius
942 3561 1070 3626 nomine
