2376 3924
345 201 531 264 1111111111,
551 201 628 253 one.
646 204 756 254 ao-se.
977 205 1037 269 191

58 392 213 458 obtinere
230 401 459 476 consuessent,
477 392 541 458 duo
559 395 797 478 magistratum
814 404 934 479 gerant
952 405 984 460 et
1002 419 1038 462 se

57 506 200 583 uterque
223 517 338 562 eorum
359 494 491 581 legibus
516 508 668 564 creatum
691 521 766 564 osse
784 499 884 565 dicat.
908 501 1060 567 Horum4

59 624 135 666 esse
152 599 292 666 alterum
305 598 617 686 Conuictolitauem,
634 605 807 669 florentem
825 614 857 670 et
873 604 1037 671 illustrem

59 704 321 790 adulescentem,
344 705 487 772 alterum
503 706 633 792 Cotum,
657 709 892 794 antiquissima
909 709 1037 774 familia

57 818 175 875 natum
199 818 300 896 atque
323 811 430 896 ipsum
453 811 621 878 hominem
645 835 792 879 summae
815 814 987 899 potentiae
1004 822 1037 878 ct

58 936 205 1000 magnae
216 915 440 998 cognationis,
455 917 550 981 cuius
564 916 874 982 fraterValetiaous
883 919 1036 1003 proximo

59 1039 147 1083 anno
165 1018 307 1084 eundem
331 1020 569 1103 magistratum
586 1023 738 1104 gesserit.
763 1019 946 1086 Civitatem
962 1043 1059 1086 esses

59 1144 190 1188 omnem
202 1125 237 1188 in
251 1124 370 1208 armis3
384 1123 528 1189 divisum
538 1133 702 1208 senatum,
715 1124 859 1190 divisum
868 1124 1036 1211 populum,

59 1248 139 1292 suas
162 1227 324 1313 cuiusque
355 1249 468 1293 eorum
499 1227 687 1293 clientelas.
734 1228 885 1310 Quodsi
910 1229 1036 1295 diutius

58 1331 172 1397 alatur
196 1332 438 1416 controversia,
462 1332 543 1415 fore,
567 1334 617 1398 uti
640 1355 719 1419 pars
744 1356 820 1398 cum
841 1342 938 1419 parte
954 1335 1036 1398 civi·

57 1437 141 1501 tatis
165 1435 336 1520 confligat.
360 1434 400 1501 Id
423 1459 466 1501 ne
489 1436 636 1521 accidat,
659 1438 805 1523 positum
821 1438 855 1501 in
872 1439 944 1502 cius
964 1437 1037 1503 dili-

57 1539 175 1624 gentia
198 1548 299 1625 atque
322 1540 537 1604 auctoritate.
832 1532 834 1537 ’

162 1641 212 1707 33.
236 1641 375 1728 Caesar,
400 1645 464 1710 etsi
481 1666 500 1708 a
516 1644 605 1710 bello
623 1655 724 1730 atque
747 1644 843 1709 hoste
861 1644 1035 1711 discedere

59 1746 336 1812 detrimentosum
345 1747 778 1831 esseexistimabat,tamen
787 1750 1035 1835 nonignorans,

58 1859 187 1937 quanta
203 1873 246 1917 ex
262 1850 530 1918 dissensionibus
554 1852 766 1918 incommoda
783 1855 862 1918 oriri
879 1874 1034 1918 consues-

58 1964 143 2038 sent,
167 1978 209 2020 ne
232 1965 331 2022 tanta
347 1964 380 2022 et
395 1966 465 2022 tam
480 1958 663 2022 coniuncta
685 1956 806 2043 populo
822 1957 972 2023 Romano
989 1959 1035 2023 ci·

56 2060 159 2143 vitas,
178 2081 278 2145 quam
300 2061 372 2146 ipse
395 2082 525 2146 semper
542 2059 682 2126 aluisset
700 2059 918 2146 omnibusque
933 2060 1034 2127 rebus

58 2174 222 2248 ornasset,
247 2164 292 2229 ad
307 2165 376 2229 vim
392 2174 493 2250 atque
509 2186 603 2230 arma
622 2164 851 2248 descenderet,
876 2175 977 2251 atque
994 2184 1035 2231 ea

56 2290 148 2355 pars,
171 2290 257 2355 quae
279 2270 390 2334 minus
414 2268 608 2351 confideret,
632 2268 762 2334 auxilia
779 2291 798 2333 a
814 2268 1034 2353 Vercingeto-

56 2374 130 2457 rige
153 2382 349 2458 arcesseret,
372 2371 450 2438 huic
466 2374 516 2439 rei
531 2373 813 2459 praevertendum
826 2375 1034 2439 existimavit

58 2484 101 2560 et,
125 2477 214 2563 quod
237 2475 369 2560 legibus
386 2475 578 2542 Aeduorum
602 2478 653 2560 iis,
677 2477 733 2562 qui
752 2498 913 2541 summum
930 2479 1054 2562 magi-2

58 2591 200 2646 stratum
219 2580 421 2665 obtinerent,
445 2581 610 2646 excedere
626 2604 669 2646 ex
683 2581 806 2647 finibus
822 2604 888 2647 non
906 2581 1033 2665 liceret,

57 2707 100 2751 ne
123 2685 204 2773 quid
227 2684 269 2751 dc
292 2686 363 2752 iure
387 2693 446 2751 aut
471 2684 512 2750 dc
534 2683 668 2768 legibus
692 2707 805 2750 eorum
828 2684 1033 2750 deminuisse

55 2789 238 2874 videretur,
273 2791 401 2876 ipsein
424 2789 560 2855 Aeduos
594 2790 761 2876 proficisci
793 2790 914 2855 statuit
937 2812 1032 2856 sena·

55 2904 192 2982 tumque
215 2915 346 2959 omnem
361 2902 394 2958 et
410 2914 493 2980 quos
509 2895 598 2959 inter
621 2895 852 2959 controversia
876 2904 965 2960 esset
988 2895 1033 2960 ad

56 3020 93 3064 se
114 2997 293 3065 Decetiam
327 2998 493 3064 evocavit.
539 2994 621 3062 Oum
636 3018 755 3083 ‹prope
779 2998 884 3062 omnis
909 2999 1053 3064 civitasa

55 3125 95 3169 eo
107 3103 334 3186 convenisset,
351 3100 594 3188 docereturque
606 3100 724 3186 paucis
737 3100 1031 3167 clamconvooatis

54 3205 123 3273 alio
146 3205 232 3290 loco,
255 3205 323 3272 alio
346 3213 495 3291 tempore
517 3214 619 3290 atque
643 3206 828 3291 oportuerit
849 3207 988 3271 fratrem
1012 3229 1031 3270 a

53 3311 161 3378 fratre
183 3311 422 3395 renuntiatum,
446 3331 522 3375 cum
544 3308 637 3394 leges
663 3309 727 3374 duo
752 3332 794 3374 ex
810 3332 877 3374 una
901 3307 1031 3374 familia

52 3417 132 3483 vivo
145 3423 286 3502 utroque
300 3437 369 3481 non
386 3413 492 3481 solum
506 3414 727 3498 magistratus
744 3414 854 3479 creari
864 3421 1031 3496 vetarent,

52 3518 115 3586 ssd
139 3519 240 3586 otiam
256 3520 291 3585 in
308 3526 429 3599 senatu
445 3541 519 3585 esse
541 3517 768 3605 prohiberent,
792 3515 912 3581 (lotum
929 3518 1054 3601 impe-s
