2376 3924
146 192 208 256 102
452 193 501 242 ne
519 193 640 245 nanno
660 193 819 244 caturco

143 384 230 448 rium
243 383 409 469 deponere
421 386 544 470 coegit,
552 383 866 470 Conuictolitauem,
878 388 934 472 qui
945 410 1121 474 persacer·

145 486 241 554 dotes
263 509 355 554 more
371 489 521 554 civitatis
538 490 740 554 intermissis
757 490 1015 574 magistratibus
1032 502 1122 559 esset

144 602 292 676 creatus,
315 602 519 678 potestatem
542 593 695 659 obtinere
718 595 827 659 iussit.

246 695 298 761 34.
314 696 388 761 Hoc
406 694 541 763 decreto
558 698 756 783 interposito
769 697 965 764 cohortatus
973 697 1123 783 Aeduos,

142 808 179 865 ut
203 802 508 866 controversiarum
533 823 572 866 ac
597 800 818 866 dissensionis
841 800 1123 868 obliviscerentur

143 913 245 991 atque
268 903 420 969 omnibus
445 905 579 969 omissis
602 903 701 970 rebus
725 904 802 969 huic
832 904 922 970 bello
953 908 1122 972 servirent

143 1030 260 1094 eaque,
276 1030 361 1095 quae
369 1010 581 1094 meruissent,
589 1010 740 1095 praemia
753 1007 797 1074 ab
810 1008 990 1075 sedevicta
1003 1006 1121 1077 Gallia

142 1122 382 1199 exspectarent
405 1114 654 1200 equitatumque
671 1135 801 1178 omnem
817 1122 850 1178 et
862 1112 1014 1200 peditum
1025 1113 1122 1179 milia

143 1216 259 1282 decem
275 1216 340 1283 sibi
356 1217 512 1284 celeriter
526 1219 709 1300 mitterent,
727 1239 813 1304 quae
829 1218 864 1282 in
876 1216 1057 1302 praesidiis
1070 1219 1121 1283 rei

142 1320 383 1388 frumentariae
406 1345 511 1388 eausa
536 1322 739 1409 disponeret,
764 1324 951 1388 exercitum
973 1321 1009 1386 in
1033 1319 1120 1387 duas

121 1435 256 1511 apartes
281 1427 413 1493 divisit:
437 1436 596 1514 quattuor
618 1425 769 1511 legiones
793 1427 828 1491 in
852 1425 1001 1492 Senones
1024 1425 1120 1490 Pari·

143 1531 276 1616 siosque
291 1530 444 1597 Labieno
469 1529 640 1596 ducendas
658 1529 761 1612 dedit,
785 1553 847 1595 sex
860 1530 932 1616 ipse
948 1527 1120 1596 in'Arver-

142 1656 202 1699 nos
216 1634 260 1700 ad
274 1635 431 1722 oppidum
445 1633 650 1718 Gergoviam
664 1634 848 1699 seeundum
860 1633 980 1699 flumen
991 1632 1119 1700 Elaver

143 1737 260 1823 duxit3
284 1740 456 1825 equitatus
477 1747 608 1825 partem
631 1738 683 1803 illi
705 1736 873 1823 attribuit,
895 1748 1029 1824 partem
1052 1739 1119 1805 sibi

118 1841 286 1929 ereliquit.
310 1842 385 1924 Qua
408 1866 444 1908 re
467 1844 606 1927 cognita
620 1842 884 1927 Vercingetorix
900 1842 1054 1909 omnibus
1071 1843 1119 1908 in-

140 1948 301 2033 terruptis
326 1947 396 2012 eius
418 1946 564 2011 fluminis
588 1946 747 2032 pontibus
771 1946 815 2012 ab
838 1947 948 2012 altera
969 1945 1117 2012 fluminis

139 2059 237 2136 parte
259 2050 324 2114 iter
347 2050 459 2116 facere
481 2050 605 2136 coepit,

242 2152 293 2218 35.
311 2151 393 2219 Cum
408 2164 548 2240 uterque
564 2155 729 2239 utrimque
746 2153 872 2219 exisset
886 2154 1065 2236 exercitus,
1081 2154 1117 2220 in

139 2266 322 2344 conspectu
334 2258 469 2343 fereque
483 2280 500 2322 e
512 2259 650 2341 regione
663 2258 786 2322 castris
802 2266 918 2322 castra
934 2255 1116 2342 ponebant.

138 2360 323 2448 Dispositis
347 2361 631 2447 exploratoribus,
654 2359 776 2427 necubi
800 2361 917 2427 effeoto
933 2370 1036 2447 ponte
1051 2360 1116 2426 Ro-

138 2467 230 2530 mani
260 2467 374 2552 copias
403 2464 630 2550 traducerent,
666 2475 739 2531 erat
761 2466 796 2530 in
819 2466 952 2549 magnis
975 2464 1117 2531 Caesari

139 2568 397 2636 difficultatibus
421 2593 485 2654 res,
508 2594 551 2636 ne
573 2571 735 2636 maiorem
751 2571 893 2636 aestatis
912 2578 1042 2656 partem
1057 2568 1116 2637 flu·

138 2674 227 2737 mine
251 2673 480 2759 impediretur,
515 2674 605 2760 quod
627 2696 694 2739 non
717 2673 787 2739 fere
810 2682 890 2738 ante
918 2682 1115 2739 autumnum

116 2775 263 2842 2Elaver
285 2778 374 2843 vado
399 2779 538 2844 transiri
555 2778 650 2844 solet.
673 2779 803 2865 Itaque,
826 2800 869 2843 ne
885 2777 921 2843 id
933 2775 1116 2861 accideret,

139 2881 288 2948 silvestri
311 2881 384 2948 loco
409 2884 532 2948 castris
554 2884 675 2969 positis
692 2906 710 2948 e
725 2883 863 2968 regione
885 2882 985 2947 unius
1002 2902 1116 2945 eorum

136 2986 298 3071 pontium,
313 2984 1116 3073 quosVercingetorixrescindendoseuraverat,

135 3098 271 3173 postero
281 3088 335 3154 die
344 3109 420 3155 cum
428 3089 558 3156 duabus
572 3090 762 3175 legionibus
776 3092 810 3155 in
823 3088 955 3155 occulto
969 3087 1116 3173 restitit3

115 3191 284 3277 ereliquas
302 3194 418 3278 copias
434 3215 509 3258 cum
527 3194 680 3261 omnibus
697 3194 956 3280 impedimentis,
978 3201 1015 3257 ut
1039 3212 1115 3257 con·

137 3305 303 3380 sueverat,
327 3297 420 3362 misit
442 3295 600 3361 immixtis
622 3297 763 3384 captivis
781 3298 910 3384 quartis
927 3294 1116 3383 quibusque

137 3399 342 3483 cohortibus,
354 3403 405 3466 uti
416 3423 573 3467 numerus
586 3401 757 3487 legionum
768 3410 925 3467 constare
932 3398 1115 3465 videretur.

114 3504 199 3569 ⁴His
230 3526 330 3591 quam
357 3503 554 3590 longissime
582 3515 720 3591 possent
751 3504 867 3589 egredi
895 3505 1008 3590 iussis,
1037 3524 1116 3571 oum
