2376 3924
132 247 173 312 80
460 247 510 297 DE
529 244 650 296 BELLO
670 244 782 296 CIVILI

110 455 172 500 ane
195 456 285 520 spem
308 434 503 500 advorsariis
526 435 726 521 augeamus?
749 434 796 499 At
815 435 922 519 etiam,
944 442 981 498 ut
1003 432 1114 499 media

131 548 225 604 noete
254 538 507 623 proficiscamur,
541 536 676 621 addunt,
711 558 775 623 quo
802 539 967 621 maiorem,
990 536 1114 620 oredo,

131 642 293 707 licentiam
323 643 475 727 habeant,
508 644 564 728 qui
591 664 727 728 peceare
750 651 917 709 conentur.
960 642 1115 727 Namque

131 745 314 811 huiusmodi
335 769 389 812 res
411 755 468 812 aut
498 745 622 832 pudore
645 756 702 812 aut
723 755 812 812 metu
841 755 1009 830 tenentum
1045 746 1115 832 qui·

110 848 192 915 ebus
214 850 312 915 rebus
335 873 402 917 nox
423 851 565 916 maxime
589 850 777 916 adversaria
796 860 854 917 est.
879 852 989 934 Quare
1005 871 1116 935 neque

130 955 213 1018 tanti
246 975 318 1018 sum
351 955 459 1037 animi,
493 963 530 1019 ut
559 955 627 1018 sino
660 976 717 1040 spe
751 964 859 1020 eastra
892 952 1116 1040 oppugnanda

132 1079 291 1137 censeam,
314 1079 420 1142 neque
443 1059 525 1122 tanti
539 1058 672 1141 timoris,
695 1059 743 1122 uti
757 1079 814 1143 spe
830 1057 990 1140 deficiam,
1013 1065 1117 1142 atque

132 1163 239 1226 omnia
260 1163 350 1246 prius
372 1160 570 1248 experienda
592 1160 732 1226 arbitror
754 1181 938 1246 magnaque
960 1169 1117 1246 exparte

132 1267 197 1329 iam
228 1287 281 1329 me
313 1287 379 1331 una
411 1265 580 1332 vobiscum
613 1265 654 1330 de
686 1286 723 1330 re
760 1263 914 1332 iudicium
949 1263 1118 1329 facturum

133 1368 279 1433 confido!

235 1472 286 1537 32.
317 1473 460 1539 Dimisso
488 1471 618 1538 oonsilio
649 1473 831 1537 contionem
867 1471 1006 1539 advocat
1035 1473 1106 1538 mih

132 1587 211 1644 tum.
250 1577 499 1661 Commemorat,
533 1598 598 1663 quo
627 1579 667 1642 sit
696 1598 809 1641 eorum
836 1598 915 1643 usus
942 1575 1048 1642 studio
1072 1577 1119 1642 ad

134 1681 310 1747 Corfinium
334 1681 465 1765 Caesar,
494 1690 531 1746 ut
552 1702 706 1766 magnam
733 1689 859 1766 partem
881 1681 995 1747 Italiae
1016 1680 1118 1745 bene-

112 1787 205 1851 ateio
229 1796 326 1871 atque
349 1787 539 1851 auctoritate
555 1806 666 1850 eorum
682 1807 775 1850 suam
789 1785 910 1850 feeerit.
929 1781 1012 1851 ‘Vos
1027 1785 1119 1849 enim

133 1899 343 1973 vestrumque
371 1888 494 1953 factum
516 1887 644 1971 omnia’,
677 1889 792 1974 inquit,
823 1883 991 1975 ‘deinceps
1013 1889 1119 1953 muni·

134 1995 218 2079 eipia
240 2003 315 2058 sunt
337 2003 456 2077 secuta,
490 2014 596 2079 neque
624 1994 692 2058 sine
720 2014 818 2058 eausa
840 2001 873 2058 et
894 1991 1015 2057 Caesar
1038 1995 1119 2058 ami-

135 2099 260 2162 cissime
277 2096 317 2161 de
332 2096 425 2163 vobis
441 2106 473 2162 et
488 2097 532 2162 illi
547 2099 738 2184 gravissime
762 2096 998 2162 iudicaverunt.
1021 2096 1118 2162 Pom-

134 2203 225 2286 peius
241 2203 327 2265 enim
341 2200 427 2266 nulio
443 2201 563 2286 proelio
579 2199 689 2287 pulsus
704 2202 805 2265 vestri
819 2200 898 2265 faeti
918 2197 1119 2286 praeiudicio

135 2304 282 2370 demotus
305 2305 399 2369 Italia
422 2307 576 2389 excessit3
616 2302 737 2369 ansar
764 2326 826 2387 me,
856 2325 954 2390 quem
981 2302 1044 2369 sibi
1066 2325 1119 2369 oa-

134 2411 296 2474 rissimnm
318 2407 441 2491 habuit,
464 2409 664 2495 provinciam
680 2406 822 2474 Siciliam
844 2416 943 2493 atque
957 2405 1118 2491 Africam,

136 2515 203 2578 sine
227 2512 344 2599 quibus
376 2512 492 2577 urbem
526 2520 624 2597 atque
651 2510 780 2576 Italiam
807 2512 891 2576 tueri
913 2532 978 2575 non
1000 2518 1119 2596 potest,

9 2674 11 2679 ,
114 2626 263 2682 svestrae
285 2617 362 2681 fidei
385 2617 552 2681 commisit.
597 2615 738 2698 Adsunt,
773 2616 828 2700 qui
850 2637 908 2680 vos
936 2613 1119 2698 hortentur,

9 2716 11 2721 ’
135 2729 172 2784 ut
193 2743 213 2784 a
236 2719 328 2786 nobis
352 2720 546 2785 desciscatis.
593 2719 681 2804 Quid
704 2720 789 2783 enim
812 2727 861 2783 est
882 2717 943 2783 illis
966 2719 1119 2804 optatius,

136 2843 234 2907 quam
256 2844 321 2887 uno
343 2833 487 2908 tempore
503 2832 535 2887 et
549 2844 608 2886 nos
624 2823 857 2887 circumvenire
873 2830 905 2886 et
919 2843 978 2886 vos
991 2819 1120 2887 nefario

114 2923 257 2991 rseelere
280 2925 505 3011 obstringere?
529 2934 585 2990 aut
608 2925 686 3012 quid
709 2927 782 2989 irati
805 2925 937 3010 gravius
960 2922 1001 2990 da
1023 2922 1122 2991 vobis

138 3032 256 3095 sentire
278 3039 421 3115 possunt,
446 3051 543 3115 quam
566 3038 603 3094 ut
625 3051 680 3093 eos
703 3027 857 3114 prodatia
889 3030 945 3114 qui
967 3049 1001 3093 se
1023 3025 1122 3095 vobis

138 3136 245 3199 omnia
258 3132 378 3198 debere
401 3133 554 3214 iudicant,
577 3135 611 3197 in
626 3155 738 3197 eorum
761 3140 954 3217 potestatem
968 3131 1122 3218 veniatin
1155 3204 1158 3209 ,

115 3240 193 3323 oqui
216 3260 250 3302 se
273 3259 332 3323 per
353 3258 411 3301 vos
434 3239 556 3322 perisse
579 3235 791 3301 existimant?
828 3233 884 3300 An
905 3255 983 3301 vero
1005 3235 1040 3299 in
1061 3232 1151 3316 Hir-ff

138 3345 251 3428 spania
272 3363 325 3406 res
347 3350 456 3426 gestas
479 3339 629 3405 Caesaris
651 3363 716 3406 non
732 3339 892 3405 audistis?
910 3337 996 3405 ¹duos
1008 3334 1067 3414 oua

138 3449 310 3530 exereitus,
345 3445 425 3511 duos
448 3453 616 3531 superatos
640 3443 749 3527 duces,
772 3442 854 3509 duas
875 3449 997 3526 recepe

137 3551 285 3616 vineias?
330 3549 411 3615 haee
455 3557 528 3614 aeta
573 3548 686 3615 diebus
724 3565 780 3631 XL,
819 3545 938 3634 quibus·
