2376 3924
278 220 328 268 AD
347 219 445 273 CAES.
464 222 568 274 BELL.
587 220 655 272 CIV.
673 223 695 286 l,
713 225 834 273 41-48.
970 226 1048 277 XVII

64 405 210 445 censere
227 395 403 444 antecesserit
419 392 535 443 militum
554 395 752 458 perturbationi
770 397 899 460 primaria
912 400 1048 448 sententia

64 487 218 531 enarratae.
237 480 285 530 sed
303 496 357 529 non
372 483 517 545 quaeritur,
537 487 626 531 utrum
644 482 940 547 plusquamperfectum
959 499 1047 550 gram·

64 567 182 620 maticae
202 567 301 617 rationi
319 567 490 632 respondeat,
507 568 589 617 immo
609 567 642 617 de
656 583 684 617 re
697 569 757 632 ipsa
769 569 866 633 agitur,
886 585 949 618 num
962 587 1046 635 penes

65 651 193 702 Caesaris
206 651 306 702 milites
320 667 380 702 esse
393 654 511 717 potuerit
530 667 685 716 censere,
704 660 793 703 utrum
808 655 915 703 ordines
928 671 1046 717 servare,

65 755 100 788 an
125 739 160 788 sb
186 738 271 803 signis
298 738 438 788 discedere
465 738 610 804 locumque
628 740 764 790 dimittere
782 740 893 789 vellent.
929 742 960 790 F.
977 742 1046 791 Hof-

64 839 157 885 mann,
175 823 288 874 Hellero
306 824 451 889 opitulans‚
471 824 558 874 addit:
578 816 626 875 ‘sie
642 826 736 874 hatten
755 827 796 874 bis
816 826 898 876 dahin
919 830 1046 892 gemeint,

65 911 129 960 dass
149 925 178 960 es
197 909 292 975 ndthig
310 911 350 959 sei
367 903 443 959 Reih’
458 910 514 960 und
528 909 609 960 Glied
622 928 655 960 zu
668 911 794 977 wahren3
813 919 909 963 sonet
928 913 1046 964 hiitten

64 997 115 1047 sie
134 995 207 1045 dem
225 996 405 1060 Vorgehen
426 996 483 1046 der
501 996 629 1046 Feinde
649 998 704 1047 hei
723 998 845 1047 Zeiten
864 1005 1045 1064 entgegen-

64 1087 182 1134 treten
209 1083 275 1132 und
302 1083 512 1132 verhindern
539 1084 689 1144 konnen,
719 1084 797 1133 dass
823 1085 985 1136 dasselbe
1011 1103 1045 1136 so

63 1168 270 1218 bedrohlich
288 1163 414 1219 werde.’
434 1173 560 1234 opinatur
579 1171 670 1235 itaque
688 1188 713 1219 v.
732 1171 766 1232 d,
787 1171 973 1233 Caesarianos,
992 1173 1046 1222 nisi

64 1255 245 1317 censuissent,
264 1255 317 1305 sibi
331 1255 437 1305 ordines
451 1272 510 1307 esse
523 1257 680 1321 servandoS,
699 1258 781 1306 simili
793 1259 932 1324 pugnandi
946 1275 1044 1323 genere

63 1356 163 1391 usuros
185 1341 270 1391 fuisse
292 1347 374 1405 atque
391 1342 562 1391 Afranianos.
593 1349 621 1392 at
645 1346 705 1406 qui,
734 1359 850 1407 quaeso,
880 1361 978 1409 genere
997 1363 1045 1409 pn-

64 1426 169 1492 gnandi
186 1427 228 1476 uti
245 1429 404 1491 potuissent,
424 1442 476 1491 quo
494 1429 645 1493 perturbati
664 1443 723 1478 esse
743 1428 877 1490 dicuntur,
896 1431 968 1494 quod
987 1433 1045 1480 eius

65 1515 176 1564 omnino
197 1519 288 1563 essent
305 1515 413 1564 insueti.
432 1516 630 1579 ineptissimum
649 1517 741 1579 itaque
762 1522 803 1564 est
820 1516 889 1565 illud
908 1531 1044 1567 censue·

63 1603 163 1662 rant,
183 1615 234 1650 nec
253 1601 396 1665 quominus
415 1604 629 1652 certauerant
648 1601 807 1663 scribamus,
835 1601 942 1650 Helleri
960 1603 1045 1651 verba

64 1686 202 1737 deterrere
220 1693 347 1751 possunt:
375 1679 568 1739 ‘costenevit
593 1689 693 1752 regiert
710 1703 765 1736 nun
784 1687 840 1737 und
859 1689 972 1736 nimmer
991 1687 1043 1736 den

63 1787 156 1823 accus.
175 1789 197 1825 c.
217 1771 324 1826 infinit!
353 1773 454 1824 frustra
472 1775 543 1823 enim
564 1789 679 1839 quaeras
702 1773 753 1822 hoe
776 1775 837 1823 loeo
859 1775 1042 1823 accusativum

63 1875 126 1909 cum
150 1858 297 1921 infinitivo,
326 1875 386 1908 eum
409 1874 426 1908 a
450 1863 666 1911 concesserant
684 1860 763 1909 modo
782 1859 931 1909 infinitivus
949 1874 1043 1926 opos·-

64 1948 154 2006 tere,
182 1946 217 1995 ab
237 1946 288 1995 hoc
306 1961 371 1996 vero
393 1945 491 2010 reliqui
518 1947 559 1994 illi
586 1946 715 1995 infinitivi
739 1960 864 2007 servare,
893 1945 1042 2012 discedere,

64 2031 174 2085 dimitti
194 2033 373 2098 dependeant.

168 2136 191 2168 c.
210 2121 252 2182 45,
270 2120 300 2168 4:
324 2123 502 2185 praeruptus
530 2118 605 2170 locas
631 2123 693 2170 eret
710 2123 831 2185 citraque
849 2134 883 2170 ecc
899 2123 984 2185 parte
1003 2135 1042 2170 ce

63 2205 191 2259 directas
209 2205 370 2259 tentantia
389 2204 571 2257 latitudinem
585 2204 712 2271 patebat,
731 2209 765 2256 nt
783 2204 864 2273 cettl]
888 2207 1042 2269 transposui

61 2293 226 2359 particulam
254 2307 305 2358 ee,
334 2307 413 2356 quam
440 2292 517 2343 codd.
544 2297 606 2357 post
634 2290 758 2343 directas
786 2292 923 2341 exhibent.
954 2307 1041 2355 neque

62 2381 136 2430 enim
155 2377 337 2443 intellegitur,
365 2394 413 2427 cur
433 2382 611 2443 praeruptus
630 2379 705 2427 locus
725 2380 806 2427 etiam
826 2376 950 2428 directus
970 2377 1041 2425 dica-

61 2473 114 2527 tur,
134 2480 186 2514 nee
204 2465 268 2514 sire
281 2479 347 2513 vera
360 2465 447 2514 latera
466 2463 604 2530 directa
622 2465 745 2524 fuissent,
765 2464 947 2527 credipotest,
967 2464 1042 2527 equi-

61 2558 158 2613 tatum,
184 2550 231 2615 qui
249 2549 362 2600 deiectis
381 2555 462 2615 atque
480 2549 654 2600 inferioribus
673 2548 741 2598 locis
760 2550 928 2610 constiterat,
950 2554 1040 2598 tamen

60 2654 111 2703 per
130 2635 271 2689 directa
290 2635 410 2687 lateret
426 2638 455 2685 in
474 2638 568 2701 iugum
588 2653 646 2686 esse
666 2637 809 2686 connisum
829 2634 863 2701 (e.
882 2636 923 2697 46,
943 2635 978 2701 3).

168 2740 189 2774 e.
217 2724 263 2787 46,
293 2724 326 2773 3:
362 2738 492 2775 samace
526 2722 558 2774 e'n
593 2723 692 2790 erepant
726 2720 830 2773 ¹certate
865 2718 1041 2789 concreditur]

60 2825 195 2864 sacerna
218 2825 285 2861 corr.
304 2810 528 2873 Forchhammer3
556 2811 633 2860 codd.
661 2823 833 2861 centenum.

166 2913 188 2946 e.
207 2898 249 2960 48,
268 2897 297 2946 5:
326 2901 433 2962 tempas
452 2901 514 2947 erat
533 2899 627 2947 antem
645 2894 858 2960 difficillimum,
883 2908 936 2958 qno
953 2908 1041 2958 oreque

60 2982 208 3047 framenta
227 2998 265 3034 esc
282 2981 406 3034 hibernis
425 2986 508 3034 enaret
524 2996 681 3048 elevaque
699 2980 817 3033 nealcen
836 2996 854 3031 a
871 2979 1041 3032 creatarc'tnte

61 3067 199 3138 aberentfl
218 3071 341 3120 codicum
354 3071 504 3134 scripturae
523 3082 576 3133 qno
594 3083 680 3134 neque
698 3067 843 3132 frcnnenta
861 3065 897 3118 e'n
915 3063 1040 3117 labereris

61 3159 145 3208 erent
162 3170 270 3222 neque
286 3154 405 3207 maltam
424 3168 442 3204 α
460 3153 628 3206 erotundata
647 3153 765 3206 aberant
784 3155 847 3204 licet
865 3154 972 3218 patroni
986 3168 1040 3200 nnn

61 3241 164 3304 desint,
192 3246 283 3292 tamen
311 3256 372 3291 eam
398 3240 463 3290 ferri
489 3255 568 3305 posse
593 3246 620 3290 et
643 3247 724 3291 antea
744 3242 842 3306 negavi
862 3254 948 3302 neque
967 3252 1039 3286 nune

60 3327 267 3380 intercourse.
293 3332 325 3376 ut
342 3326 460 3388 mittam,
480 3325 551 3391 quod
570 3326 633 3377 olim
652 3327 758 3389 monui,
776 3325 904 3390 temporis
923 3320 1037 3372 difficul-

59 3419 145 3467 tatem
162 3415 210 3465 vix
226 3415 255 3464 in
274 3429 306 3465 eo
325 3412 402 3463 cerni
419 3427 512 3478 posse,
540 3413 612 3478 qnod
638 3413 773 3462 frumenta
800 3427 853 3459 non
878 3408 992 3458 multum
1020 3423 1037 3457 a

59 3500 219 3553 murinco
244 3499 371 3561 aberant,
401 3497 495 3565 itaque
517 3514 600 3565 prope
618 3503 724 3548 matura
747 3502 836 3558 erant,
866 3497 955 3559 ipsum
974 3496 1040 3543 anni

111 3606 243 3655 Mll-
864 3599 881 3647 h
