2376 3924
125 244 190 309 214
427 246 477 297 11
495 244 616 296 nanno
637 243 794 295 osnnrco

209 432 260 498 68.
275 434 410 517 Fugato
428 435 517 499 omni
534 435 686 520 equitatu
697 434 958 517 Vercingetorix
975 435 1103 520 copias,

122 545 159 601 ut
193 558 252 622 pro
286 540 408 603 castris
444 537 681 621 collocaverat,
718 537 855 604 reduxit
883 539 1103 625 protinusque

122 640 283 723 Alesiam,
297 641 387 728 quod
399 651 451 707 est
464 641 620 728 oppidum
629 640 898 724 Mandubiorum,
913 642 978 706 iter
989 641 1103 707 facere

122 746 231 831 coepit
247 744 470 831 celeriterque
486 743 724 830 impedimenta
746 766 789 809 ex
805 745 929 811 castris
952 743 1052 810 educi
1070 754 1102 810 et

100 865 158 913 2sc
172 848 329 935 subsequi
342 850 452 913 iussit.
470 846 598 913 Caesar
611 847 858 934 impedimentis
867 849 902 913 in
910 850 1102 934 proximum

121 952 239 1018 collem
253 951 419 1035 deductis,
434 950 564 1016 duabus
577 950 769 1034 legionibus
780 950 952 1036 praesidio
961 950 1101 1034 relictis,

121 1064 256 1121 secutus
281 1063 443 1141 quantum
466 1055 533 1120 diei
556 1065 687 1141 tempus
711 1063 762 1120 est
785 1076 932 1140 passum,
962 1057 1101 1121 circiter

119 1159 228 1224 tribus
252 1158 388 1224 milibus
411 1158 558 1224 hostium
581 1181 624 1224 ex
646 1160 831 1224 novissimo
848 1160 982 1242 agmine
998 1161 1100 1224 inter-

99 1263 218 1327 ofectis
242 1263 349 1329 altero
372 1263 426 1328 die
442 1263 487 1353 ad
502 1261 655 1328 Alesiam
670 1272 786 1329 castra
802 1263 893 1328 fecit.
916 1263 1099 1349 Perspecto

119 1367 211 1434 urbis
226 1369 293 1433 situ
303 1369 557 1454 perterritisque
570 1367 734 1451 hostibus,
751 1368 840 1453 quod
853 1368 1015 1454 equitatu,
1032 1389 1100 1453 qua

119 1474 264 1538 maxime
293 1482 389 1556 parte
420 1473 589 1537 exercitus
620 1471 848 1555 confidebant,
878 1480 975 1537 erant
997 1469 1099 1556 pulsi,

119 1576 318 1642 adhortatus
328 1574 661 1640 adlaboremmilites
671 1573 1099 1640 circumvallareinstituit.

203 1677 254 1744 69.
278 1680 392 1764 Ipsum
416 1686 488 1743 erat
510 1678 667 1764 oppidum
682 1676 799 1743 Alesia
816 1680 850 1743 in
866 1677 953 1743 colle
969 1699 1098 1743 summo

118 1783 297 1849 admodum
322 1782 412 1847 edito
436 1782 521 1866 loco,
550 1791 586 1847 ut
610 1782 676 1847 nisi
700 1780 876 1846 obsidione
908 1782 1098 1866 expugnari

96 1903 184 1952 2non
200 1909 298 1975 posse
313 1887 500 1970 videretur3
516 1889 612 1952 cuius
628 1885 726 1951 collis
739 1886 873 1951 radices
887 1884 952 1950 duo
967 1885 1098 1951 duabus

96 2007 160 2056 tex
182 1991 336 2077 partibus
358 1991 496 2056 flumina
520 1989 733 2056 subluebant.
766 1988 857 2055 Ante
880 1989 916 2054 id
939 1988 1097 2076 oppidum

115 2096 279 2182 planicies
296 2096 432 2160 11111111
444 2094 537 2160 milia
549 2116 707 2181 passuum
721 2094 787 2160 tria
801 2095 835 2159 in
849 2092 1098 2176 longitudinem

94 2198 254 2284 4patebat
264 2222 272 2282 3
281 2200 419 2285 reliquis
429 2221 472 2263 ex
484 2197 638 2264 omnibus
650 2197 803 2284 partibus
817 2196 921 2262 colles
933 2196 1097 2263 mediocri

55 2288 58 2293 ¹
115 2304 292 2368 interiecto
316 2305 426 2389 spatio
450 2304 526 2388 pari
549 2302 743 2368 altitudinis
773 2302 912 2385 fastigio
936 2300 1096 2387 oppidum

93 2406 308 2490 mingebant.
333 2405 402 2471 Sub
425 2427 529 2488 muro,
553 2427 639 2491 quae
657 2428 736 2492 pars
755 2404 851 2470 collis
872 2404 1096 2471 adorientem

115 2510 219 2576 solem
242 2509 429 2596 spectabat,
453 2508 540 2574 hunc
565 2531 694 2574 omnem
717 2508 827 2574 locum
844 2510 962 2595 copiae
979 2505 1096 2574 Gallo·

114 2636 187 2680 rum
216 2612 465 2700 compleverant
493 2614 685 2700 fossamque
712 2625 746 2681 et
769 2615 950 2680 maceriem
974 2635 1037 2678 sex
1060 2614 1095 2679 in

91 2717 328 2783 taltitudinem
351 2716 474 2803 pedum
496 2717 760 2805 praeduxerant.
783 2717 867 2783 Eius
885 2717 1095 2802 munitionis,

115 2844 201 2907 quae
223 2819 267 2884 ab
289 2820 450 2885 Romanis
474 2821 727 2905 instituebatur,
752 2823 914 2889 circuitus
938 2821 1095 2889 nmilia

90 2940 273 3011 tpassuum
295 2923 443 2990 tenebat.
468 2922 591 2991 Castra
609 2928 805 3012 opportunis
822 2924 907 2991 locis
922 2933 1019 2991 erant
1035 2947 1095 3012 po·

113 3028 179 3092 sita
195 3025 309 3113 ibique
325 3028 468 3094 11111111
484 3031 609 3114 viginti
626 3032 694 3096 tria
709 3031 819 3115 facta,
842 3029 962 3117 quibus
985 3031 1021 3096 in
1036 3049 1094 3096 cc·

113 3129 221 3196 stellis
237 3132 385 3197 interdiu
409 3135 574 3202 stationes
589 3135 813 3222 ponebantur,
836 3158 879 3200 ne
895 3157 961 3221 que
978 3133 1093 3201 subito

113 3235 243 3319 eruptio
266 3236 376 3318 fieret3
398 3236 483 3303 11111
507 3239 624 3305 eadem
647 3249 750 3305 noctu
773 3238 1026 3306 excubitoribus
1050 3260 1093 3306 11

111 3338 215 3403 firmis
238 3340 419 3423 praesidiis
443 3341 657 3409 tenebantur.

201 3440 251 3506 70.
269 3443 379 3530 Opere
401 3447 558 3512 instituto
580 3448 619 3513 fit
643 3457 797 3535 equestre
819 3447 983 3535 proelium
998 3449 1034 3515 in
1050 3470 1093 3515 11

114 3546 271 3633 planicie,
296 3570 395 3634 quam
417 3551 643 3617 intermissam
660 3550 804 3617 collibus
821 3553 888 3618 trie
903 3551 998 3618 milia
1012 3573 1092 3639 pao·
