2376 3924
389 248 501 298 urana
518 248 539 310 1,
559 247 634 299 oss.
654 247 764 297 ae-as.
1028 245 1068 310 19

90 442 129 504 N.
154 441 282 524 Magius
306 438 475 520 Cremona,
499 439 681 523 praelectus
703 437 832 501 fabrum
850 436 907 501 On.
925 437 1067 521 Pompei.

92 546 197 625 Quem
221 542 341 606 Caesar
369 540 411 604 ad
435 563 508 605 eum
537 543 670 605 remittit
693 563 766 603 cum
789 539 967 604 mandatis:
995 558 1092 624 queso

90 651 177 712 niam
206 647 248 711 ad
278 646 311 711 id
335 655 460 731 tempus
488 644 625 709 facultas
648 643 849 728 colloquendi
877 664 941 708 non
964 645 1069 724 fuerit,

91 762 188 836 atque
223 752 290 835 ipse
313 749 522 813 Brundisium
556 750 596 812 sit
624 758 796 828 venturus,
831 749 984 811 interesse
1012 749 1070 811 rei-

92 855 239 941 publicae
263 864 294 917 et
317 855 495 917 communis
517 851 628 916 salutis
652 874 685 915 se
709 873 783 914 cum
798 851 951 936 Pompeio
980 850 1070 914 collo-

93 961 163 1044 qui3
193 980 298 1041 neque
326 979 404 1020 vero
432 955 519 1020 idem
547 957 660 1041 profici
682 954 776 1038 longo
805 955 927 1019 itineris
957 956 1093 1039 spatio,s

93 1086 166 1127 cum
195 1084 252 1147 per
275 1059 352 1124 alios
376 1059 579 1124 condiciones
601 1060 760 1140 ferantur,
789 1081 827 1122 ac
850 1059 876 1122 si
899 1080 1008 1122 coram
1031 1057 1071 1122 de

94 1166 241 1230 omnibus
264 1163 505 1228 condicionibus
534 1162 739 1248 disceptetur.

180 1268 230 1332 25.
260 1269 321 1332 His
350 1267 434 1332 datis
462 1266 623 1331 mandatis
645 1266 854 1331 Brundisium
879 1289 951 1330 cum
979 1266 1072 1351 legio-

93 1374 239 1438 nibus‘vr
264 1374 421 1458 pervenit,
444 1373 606 1436 veteranis
631 1389 670 1435 111
693 1381 725 1435 et
750 1371 895 1455 reliquis,
927 1392 1007 1454 quas
1030 1393 1072 1434 ex

94 1500 178 1540 novo
208 1474 335 1540 delectu
363 1476 545 1555 confecerat
573 1485 670 1559 atque
699 1477 730 1538 iu
761 1476 873 1538 itinere
897 1472 1073 1558 compleve-

95 1589 160 1663 rat3
184 1580 387 1644 Domitianas
418 1581 504 1642 enim
533 1579 679 1643 cohortes
711 1579 855 1662 protinus
884 1601 904 1641 a
933 1576 1073 1641 Corfinio

95 1686 127 1747 in
151 1682 291 1748 Siciliam
317 1683 457 1746 miserat.
502 1683 634 1767 Reperit
662 1680 808 1745 consules
830 1680 1096 1766 Dyrrhachiums

96 1787 254 1871 profectos
288 1808 362 1850 cum
394 1808 514 1870 magna
547 1794 639 1871 parte
673 1787 850 1867 exercitus,
884 1785 1074 1870 Pompeium

96 1912 262 1955 remanere
288 1890 450 1955 Brundisii
487 1913 560 1955 cum
594 1889 778 1954 cohortibus
805 1890 934 1974 viginti3
970 1909 1096 1973 nequeo

96 2004 220 2059 eertum
242 1995 380 2058 inveniri
403 2003 538 2080 poterat,
567 1993 775 2058 obtinendine
790 1993 954 2059 Brundisii
977 2015 1075 2057 causa

96 2100 139 2163 ibi
155 2101 370 2180 remansisset,
395 2120 458 2183 quo
481 2097 605 2162 facilius
628 2120 722 2162 omne
738 2097 963 2162 Hadriaticum
986 2119 1075 2162 mare

97 2205 250 2268 extremis
272 2202 385 2266 Italiae
412 2202 558 2287 partibus
587 2202 838 2286 regionibusque
862 2202 1020 2266 Graeciae
1043 2202 1076 2264 in

96 2315 254 2393 potestate
288 2305 423 2371 haberet
452 2315 550 2392 atque
584 2329 627 2370 ex
659 2315 798 2391 utraque
831 2315 923 2391 parte
957 2302 1076 2368 bellum

97 2410 323 2476 administrare
356 2420 479 2496 posset,
517 2434 559 2475 an
592 2413 701 2496 inopia
737 2412 870 2474 navium
907 2408 952 2472 ibi
988 2409 1076 2471 resti-

97 2516 201 2596 tisset,
230 2515 433 2599 veritusque,
463 2537 503 2579 ne
532 2514 582 2579 ille
605 2513 732 2579 Italiam
762 2513 986 2578 dimittendam
1012 2534 1098 2588 none

98 2621 312 2700 existimaret,
351 2620 457 2683 exitus
495 2618 860 2702 administrationesque,
889 2616 1076 2682 Brundisini

97 2733 208 2808 portus
230 2723 386 2808 impedire
409 2725 554 2788 instituit.
580 2725 726 2806 Quorum
749 2743 883 2807 operum
905 2721 985 2785 haec
1008 2730 1100 2788 erata

98 2828 188 2891 ratio.
221 2827 296 2908 Qua
318 2827 429 2892 fauces
451 2827 811 2910 erant'angustissimae
834 2833 955 2909 portus,
979 2823 1078 2889 moles

98 2940 196 3015 atque
224 2952 378 3015 aggerem
404 2930 446 2995 ab
483 2940 622 3016 utraque
659 2939 751 3016 parte
791 2929 890 2993 litoris
930 2927 1078 3010 iaciebat,

99 3034 186 3119 quod
209 3034 258 3098 his
290 3034 367 3099 locis
401 3044 472 3101 erat
493 3035 653 3101 vadosum
686 3056 784 3098 mare.
830 3034 976 3118 Longius
1009 3055 1101 3117 pro-n

98 3161 238 3222 gressus,
262 3160 336 3203 cum
352 3161 452 3224 agger
467 3138 579 3204 altiore
602 3160 688 3224 aqua
705 3141 860 3203 contineri
882 3161 946 3203 non
962 3144 1078 3221 posset,

99 3252 185 3306 rates
208 3241 352 3327 duplices
374 3265 503 3328 quoquo
525 3265 639 3308 versus
662 3241 782 3328 pedum
805 3260 879 3306 xxx
902 3265 920 3304 c
949 3241 1079 3323 regione

99 3344 191 3410 molis
228 3345 414 3411 collocabat.
451 3348 522 3411 Has
555 3355 643 3410 terra
676 3355 774 3431 atque
808 3367 928 3430 aggere
962 3344 1099 3428 integer
1109 3367 1139 3418 <n

99 3449 173 3533 bat,
201 3472 242 3514 ne
264 3449 372 3515 aditus
394 3459 492 3536 atque
520 3453 667 3516 incursus
690 3449 733 3514 ad
756 3447 996 3515 defendendum
1025 3448 1081 3510 im·

100 3552 274 3640 pediretur.
320 3553 381 3621 His
403 3553 554 3640 perfectis
577 3552 803 3638 collocatisque
826 3551 904 3617 alias
928 3550 1102 3636 deincepss

879 3671 919 3722 (ᾖ
