2376 3924
384 232 495 282 LIBER
512 232 572 294 VII,
593 232 669 283 cAP.
689 234 798 283 11-14.
990 235 1049 298 179

75 421 206 503 Quibus
228 422 328 488 rebus
352 424 516 489 confectis
546 422 673 490 Caesar
701 425 746 490 ad
777 425 934 511 oppidum
961 424 1073 491 Ave-e

73 526 192 609 ricum,
227 526 317 612 quod
345 536 418 592 erat
447 529 631 593 maximum
658 528 986 616 munitissimumque
1015 532 1051 595 in

74 629 197 695 finibus
220 630 412 715 Biturigum
436 641 537 718 atque
561 633 636 716 agri
664 631 873 698 fertilissima
903 636 1050 718 regione,

75 732 246 817 profectus
276 742 338 817 est,
373 735 463 820 quod
493 757 530 800 eo
562 735 683 822 oppido
712 744 848 821 recepto
878 737 1051 802 civitatem

74 836 267 920 Biturigum
291 860 327 902 se
342 839 378 903 in
396 847 601 923 potestatem
615 838 832 905 redacturum
848 840 1050 906 confidebat.

180 941 229 1006 14.
241 942 561 1026 Vercingetorixtot
569 945 737 1009 continuis
746 944 1051 1010 incommodisVel·

75 1045 271 1130 launoduni,
286 1043 429 1131 Genabi,
441 1047 634 1113 Novioduni
650 1050 799 1135 acceptis
817 1072 895 1114 suos
912 1048 957 1113 ad
973 1071 1051 1113 con-

75 1149 372 1216 ciliumoonvocat.
387 1150 682 1235 Docetlongealia
694 1154 827 1219 ratione
840 1176 914 1218 esse
925 1153 1074 1220 bellumr

75 1254 270 1339 gerendum,
293 1264 395 1342 atque
411 1265 512 1322 antea
534 1266 668 1342 gestum
692 1259 745 1323 sit.
763 1257 927 1324 Omnibus
942 1257 1051 1323 modis

74 1358 152 1425 huic
177 1361 227 1424 rei
250 1359 463 1442 studendum,
486 1369 524 1425 ut
552 1360 772 1447 pabulatione
802 1371 836 1427 et
864 1372 1052 1427 commeatu

72 1463 216 1528 Romani
239 1463 492 1550 prohibeantur.
515 1464 557 1529 Id
574 1487 647 1530 esse
662 1465 774 1548 facile,
792 1466 881 1552 quod
901 1469 1074 1553 equitatus

73 1567 139 1653 ipsi
164 1566 337 1632 abundent
362 1577 396 1633 et
419 1568 508 1655 quod
532 1571 612 1634 anni
643 1578 793 1655 tempore
824 1569 1051 1636 subleventur.

73 1668 240 1735 Pabulum
270 1672 378 1737 secari
406 1693 474 1736 non
502 1694 618 1758 posse3
656 1675 850 1738 necessario
882 1674 1072 1760 dispersori

72 1774 189 1840 hostes
211 1798 254 1840 ex
277 1775 441 1841 aedificiis
465 1785 595 1862 petere3
618 1778 678 1842 hos
703 1799 816 1843 omncs
845 1778 971 1843 cotidie
999 1779 1042 1843 ab

75 1880 243 1967 equitibus
256 1880 362 1946 deleri
372 1903 481 1967 posse.
497 1883 677 1948 Praeterea
691 1881 808 1947 salutis
822 1904 926 1947 causa
938 1883 987 1946 rei
1002 1882 1075 1946 fet-s

74 1985 216 2051 miliaria
233 1985 408 2051 commoda
423 1986 653 2070 neglegenda,
668 1989 762 2052 vicos
779 1996 880 2073 atque
892 1986 1050 2052 aedificia

74 2091 210 2165 incendi
233 2099 387 2176 oportere
408 2089 472 2156 hoc
501 2093 611 2177 spatio
641 2090 743 2156 obvia
767 2112 897 2177 quoquo
921 2113 1049 2175 versus,

75 2217 139 2281 quo
155 2193 342 2282 pabulandi
358 2216 462 2260 causa
479 2195 574 2260 adire
590 2217 689 2280 posse
705 2195 896 2261 videantur.
920 2195 1071 2260 Harume

75 2300 156 2386 ipsis
190 2321 301 2365 rerum
329 2301 461 2385 copiam
495 2308 680 2385 suppetere,
716 2299 814 2385 quod,
846 2320 986 2384 quorum
1015 2301 1048 2363 in

74 2403 197 2470 finibus
220 2402 346 2469 bellum
369 2414 517 2488 geratur,
542 2425 655 2469 eorum
678 2402 796 2488 opibus
815 2402 1049 2486 subleventur,

73 2507 241 2573 Romanos
265 2516 323 2572 aut
347 2508 496 2593 inopiam
517 2529 586 2572 non
601 2506 731 2572 laturos
748 2515 806 2571 aut
822 2526 945 2589 magno
962 2508 1070 2591 peri-r

75 2611 149 2680 culo
162 2611 295 2695 longius
311 2610 355 2676 ab
371 2611 493 2677 castris
513 2633 746 2697 processuros3
762 2632 870 2695 neque
885 2611 1070 2675 interesses

74 2717 210 2801 ipsosne
233 2716 449 2800 interficiant,
465 2716 756 2800 impedimentisne
773 2723 911 2799 exuant,
928 2716 1048 2801 quibus

75 2821 210 2885 amissis
232 2818 357 2885 bellum
381 2819 454 2903 geri
476 2842 543 2885 non
565 2820 682 2906 possit.
720 2819 901 2884 Praeterea
926 2819 1070 2904 oppidae

74 2923 211 2989 incendi
224 2932 387 3010 oportere,
404 2944 490 3009 quae
510 2944 578 2988 nen
593 2923 778 2988 munitione
794 2932 828 2988 et
843 2921 910 2988 loci
926 2933 1049 2989 natura

74 3026 117 3092 ab
143 3029 231 3092 omni
248 3029 317 3092 sint
332 3026 481 3113 periculo
497 3034 583 3110 tuta,
596 3049 661 3091 neu
685 3027 753 3092 suis
772 3027 839 3090 sint
856 3026 900 3091 ad
918 3026 1048 3093 detrac-

73 3130 214 3198 tandam
236 3132 393 3198 militiam
414 3129 630 3218 receptacula
658 3153 724 3196 neu
746 3131 906 3196 Romanis
931 3153 1049 3217 propo-

75 3239 142 3302 sita
165 3237 210 3304 ad
233 3237 366 3324 copiam
388 3243 594 3302 commeatus
611 3234 838 3321 praedamque
853 3233 1048 3300 tollendam.

73 3341 169 3407 Haec
194 3343 222 3407 si
245 3342 367 3426 gravia
394 3348 453 3407 aut
483 3339 607 3406 acerba
636 3339 826 3420 videantur,
855 3337 960 3403 multo
990 3337 1085 3404 illan
1177 3334 1187 3401 l

74 3444 758 3532 graviusaestimare,liberos,coniugcsin
768 3444 964 3509 servitutem
973 3442 1048 3506 abs·

76 3548 177 3635 trabi,
189 3550 282 3636 ipsos
294 3549 457 3633 interfici,
471 3570 557 3635 quae
570 3550 614 3615 sit
626 3570 765 3614 necesse
777 3547 934 3612 accidere
945 3547 1060 3615 victis.

858 3649 917 3704 lb*
