2376 3924
119 221 180 287 156
401 221 451 271 on
470 218 590 271 annno
610 219 769 273 cannino

116 413 231 498 parvis
244 411 428 477 rhenonum
444 411 638 495 tegimentis
654 418 795 477 utuntur
809 431 934 495 magna
947 415 1098 498 corporis

117 526 214 602 parte
236 516 338 582 nuda.

221 620 273 684 22.
298 619 539 704 Agriculturae
561 640 629 684 non
654 619 801 703 student,
825 621 997 707 maiorque
1020 645 1099 708 pars

97 748 232 791 reorum
247 727 358 790 victus
374 727 409 789 in
425 724 525 808 lacte,
548 745 659 809 caseo,
675 747 778 790 carne
794 726 961 791 consistit.
984 727 1099 811 Neque

120 831 296 915 quisquam
319 830 393 912 agri
416 828 551 894 modum
574 837 704 894 certum
727 837 785 894 aut
807 829 890 894 fines
907 829 1008 894 habet
1025 852 1099 915 pro·

119 934 226 1017 pries3
250 931 311 997 sed
333 933 557 1015 magistratus
582 954 622 998 ac
646 932 816 1018 principes
842 933 876 996 in
900 955 1007 997 annos
1032 935 1099 998 sin·

120 1035 216 1120 gulos
233 1035 389 1119 gentibus
406 1035 734 1122 cognationibusque
745 1034 927 1118 hominurn,
943 1057 1019 1101 cum
1032 1059 1099 1101 una

120 1143 281 1223 coierunt,
306 1148 466 1225 quantum
490 1149 522 1205 et
539 1161 603 1227 quo
627 1140 702 1206 loeo
718 1141 828 1205 visum
844 1148 895 1204 est
912 1141 986 1223 agri
1003 1141 1100 1205 attri-

99 1244 228 1309 ebuunt
253 1253 353 1329 atque
376 1265 465 1309 anno
488 1253 564 1330 pout
589 1243 656 1309 alio
680 1245 826 1310 transire
850 1252 986 1327 cogunt.
1014 1243 1099 1308 Eius

121 1353 170 1415 rei
185 1347 308 1413 multas
326 1347 470 1414 afferunt
486 1366 624 1413 causas:
642 1371 684 1413 ne
701 1347 840 1413 assidua
857 1347 1101 1412 consuetudine

122 1453 212 1539 capti
237 1451 384 1517 studium
400 1450 480 1517 belli
497 1451 637 1536 gerendi
654 1451 865 1536 agricultura
881 1460 1102 1535 commutent3

121 1579 164 1621 ne
186 1556 274 1621 latos
298 1555 381 1620 fines
405 1577 528 1640 parare
553 1554 722 1637 studeant,
746 1556 1020 1641 potentioresque
1042 1555 1101 1620 hu-

122 1658 269 1725 miliores
285 1658 558 1744 possessionibus
576 1657 766 1744 expellant3
788 1681 831 1724 ne
848 1660 1040 1724 accuratius
1058 1660 1103 1725 ad

122 1763 250 1846 frigora
279 1771 380 1848 atque
408 1771 523 1827 aestus
546 1762 706 1828 vitandos
735 1761 932 1846 aedificent3
969 1785 1103 1849 nequa

126 1867 253 1930 oriatur
286 1866 449 1951 pecuniae
484 1865 664 1952 cupiditaS,
699 1887 765 1951 qua
795 1888 837 1931 ex
864 1889 902 1931 re
935 1865 1102 1932 factiones

103 1969 419 2056 adissensionesque
442 1978 644 2052 nascuntur3
666 1978 704 2034 ut
726 1970 831 2035 animi
847 1971 1019 2056 aequitate
1033 1969 1103 2055 ple·

125 2073 200 2138 bem
223 2073 430 2155 contineant,
454 2094 529 2137 oum
547 2096 625 2139 suas
643 2075 784 2160 quisque
800 2095 878 2160 opes
895 2095 972 2139 cum
986 2084 1102 2159 poten·

125 2178 265 2242 tissimis
290 2178 430 2263 aequari
454 2176 580 2242 videat.

227 2278 279 2345 23.
294 2278 499 2346 Civitatibus
513 2281 661 2346 maxima
673 2280 749 2357 laus
760 2290 810 2346 est
824 2303 925 2367 quarn
938 2279 1105 2347 latissime

105 2385 252 2448 acireum
276 2406 312 2448 se
334 2386 480 2450 vastatis
504 2384 626 2450 finibus
650 2384 848 2450 solitudines
872 2385 1007 2451 habere.
1030 2386 1104 2451 Hoc

124 2488 437 2573 propriumvirtutis
451 2489 659 2572 existimant,
673 2488 831 2575 expulsos
845 2490 937 2572 agris
945 2490 1105 2554 finitimos

126 2591 256 2674 cedere,
279 2614 387 2678 neque
410 2613 608 2679 quemquam
632 2614 735 2678 prope
758 2592 884 2658 audere
903 2593 1105 2674 consistere3

104 2694 225 2759 osimul
256 2695 317 2760 hoc
342 2718 377 2760 se
401 2695 471 2760 fore
499 2697 640 2761 tutiores
670 2695 882 2761 arbitrantur
910 2697 1106 2782 repentinae

104 2800 331 2864 eincursionis
354 2801 473 2864 timore
497 2798 642 2864 sublato.
667 2798 751 2864 Cum
767 2798 892 2864 bellurn
908 2801 1031 2866 civitas
1048 2811 1106 2865 aut

127 2902 258 2967 illatum
276 2901 426 2967 defendit
443 2912 502 2967 aut
518 2902 629 2985 infert,
647 2904 880 2985 magistratus,
897 2904 954 2988 qni
970 2904 1001 2968 ei
1017 2902 1106 2969 bello

126 3008 288 3093 praesint,
304 3014 342 3071 ut
354 3007 446 3071 vitae
462 3006 621 3092 necisque
637 3005 786 3071 habeant
797 3014 1010 3091 potestatem,
1025 3005 1105 3070 deli-

106 3122 262 3195 5guntur.
286 3111 325 3175 In
348 3131 434 3196 pace
457 3109 569 3174 nullus
594 3120 645 3176 est
669 3111 855 3176 communis
872 3109 1105 3194 magistratus,

129 3215 189 3280 sed
211 3215 380 3300 principes
404 3215 579 3297 regionum
603 3222 704 3300 atque
727 3233 892 3300 pagorum
916 3215 1005 3278 inter
1028 3234 1107 3278 suos

106 3321 178 3385 eius
216 3318 332 3384 dicunt
366 3318 684 3406 controversiasque
707 3317 871 3382 minuunt.
907 3315 1107 3381 Latrocinia

128 3422 256 3488 nullam
272 3422 399 3487 habent
422 3419 606 3500 infamiam,
631 3441 717 3506 quae
733 3428 831 3486 extra
847 3419 931 3484 fines
947 3419 1107 3505 cuiusque

129 3529 281 3592 civitatis
304 3527 399 3620 fiunt,
434 3533 536 3612 atque
557 3546 598 3591 ea
621 3525 807 3604 iuventutis
830 3519 1042 3591 exercendae
1064 3543 1105 3587 ao
