2376 3924
343 231 455 283 arena
472 232 536 293 mr,
555 230 633 282 car.
651 232 765 282 sr-ae.
1002 230 1044 295 95

66 442 224 505 magnum
252 422 295 486 iis
326 444 497 487 numerum
529 421 683 487 obsidum
712 423 865 507 imperat.
912 421 1043 501 Quibus

68 525 227 592 adductis
257 546 314 590 eos
346 527 379 590 in
410 525 510 592 fidem
540 526 678 611 recepit.
724 524 876 591 Navibus
906 527 1066 591 circitera

66 646 160 692 Lxxx
175 630 339 695 onerariis
355 631 484 696 coactis
497 632 757 716 constratisque,
774 640 854 715 quot
868 632 952 696 satis
970 653 1044 695 esse

67 731 211 798 adduas
236 732 519 819 transportandas
534 734 684 816 legiones
701 733 931 817 existimabat,
955 734 1044 819 quod

66 846 242 920 praeterea
265 839 403 903 navium
418 837 596 922 longarum
611 837 768 921 habebat,
793 839 974 923 quaestori,
998 839 1043 903 le-

67 943 156 1023 gatis
172 941 419 1027 praefectisque
433 941 617 1008 distribuit.
640 941 716 1007 Huc
733 941 943 1007 accedebant
956 959 1065 1013 xvl114

68 1046 242 1110 onerariae
264 1067 380 1127 neves,
404 1067 490 1131 quae
514 1067 557 1110 ex
586 1067 624 1110 eo
654 1045 728 1110 loco
758 1067 779 1108 a
807 1043 944 1109 milibus
968 1067 1042 1131 pas·

67 1170 161 1214 suum
177 1157 254 1214 octo
270 1157 372 1215 vento
388 1147 599 1231 tenebantur,
622 1170 686 1236 quo
709 1150 818 1213 minus
842 1151 877 1213 in
901 1149 1043 1214 eundem

67 1260 199 1337 portum
227 1254 343 1319 venire
374 1262 530 1339 possent:
563 1250 626 1317 bas
658 1251 827 1339 equitibus
859 1252 1041 1319 distribuit.

67 1354 245 1442 Reliquum
261 1359 447 1423 exercitum
460 1355 587 1437 Quinto
599 1356 731 1421 Titurio
744 1354 871 1421 Sabino
889 1366 922 1421 et
935 1356 1064 1426 Lucios

65 1456 295 1525 Aurunculeio
319 1457 441 1526 Cottae
470 1458 594 1545 legatis
624 1461 660 1524 in
683 1458 858 1544 Menapios
882 1468 984 1544 atque
1007 1460 1042 1523 in

66 1585 122 1628 eos
154 1583 260 1649 pagos
288 1562 508 1647 Morinorum,
544 1585 565 1627 a
598 1560 719 1649 quibus
756 1562 801 1627 ud
832 1584 905 1627 eum
934 1561 1042 1646 legati

65 1689 131 1732 non
147 1675 322 1751 venerant,
346 1666 535 1733 ducendum
552 1665 662 1750 dedit,
685 1664 840 1731 Publium
857 1664 1064 1751 Sulpiciumss

65 1770 185 1836 Rufum
208 1769 358 1855 legatum
380 1792 457 1836 cnm
481 1793 519 1836 eo
542 1770 723 1857 praesidio,
747 1771 835 1855 quod
860 1773 943 1834 satis
969 1793 1042 1835 esse

65 1872 309 1958 arbitrabatur,
331 1885 465 1961 portum
488 1883 603 1940 tenere
626 1876 734 1940 iussit.

150 1976 201 2042 23.
236 1978 300 2043 His
322 1980 517 2045 constitutis
546 1978 646 2044 rebus
669 1987 790 2044 nactus
814 1977 970 2043 idoneam
993 1978 1038 2042 ad

65 2083 298 2167 navigandum
319 2092 556 2170 tempestatem
578 2084 681 2148 tertia
703 2082 773 2149 lere
796 2081 916 2166 vigilia
941 2080 1042 2146 solvit

65 2190 260 2277 equitesque
283 2189 318 2253 in
340 2186 534 2255 ulteriorem
549 2196 682 2273 portum
697 2186 856 2272 progredi
880 2196 913 2251 et
936 2208 1041 2250 naves

65 2291 294 2358 conscendere
316 2300 350 2359 et
366 2314 403 2357 se
419 2292 514 2377 sequi
530 2292 639 2356 iussit.
663 2290 694 2355 A
713 2289 833 2376 quibus
850 2312 925 2355 cum
940 2289 1064 2376 paulos

64 2395 196 2463 tardius
219 2404 309 2462 esset
324 2394 610 2479 administratum,
634 2397 706 2482 ipse
721 2394 804 2460 hora
820 2395 956 2459 circiter
974 2394 1040 2458 diei

65 2510 186 2585 quarta
201 2500 410 2587 cumprimis
425 2498 569 2566 navibus
582 2499 796 2564 Britanniam
812 2499 927 2581 attigit
939 2506 1041 2583 atque

65 2602 112 2668 ibi
142 2605 177 2669 in
207 2602 362 2671 omnibus
392 2602 537 2670 collibus
561 2605 734 2689 expositas
757 2603 901 2668 hostium
924 2604 1040 2687 copias

64 2715 215 2773 armatas
244 2708 433 2795 conspexit.
477 2706 581 2773 Cuius
612 2705 678 2772 loci
701 2707 785 2772 haec
810 2718 883 2772 erat
905 2715 1061 2790 naturae

64 2818 166 2897 atquc
188 2813 239 2877 ita
260 2810 431 2879 montibus
447 2820 593 2896 anguste
611 2833 703 2876 mare
719 2810 966 2894 continebatur,
991 2812 1039 2875 uti

66 2936 110 2979 ex
143 2913 228 2981 locis
251 2914 480 3003 superioribus
512 2917 546 2980 in
570 2913 649 2981 litus
673 2915 777 2980 telum
800 2915 893 2998 adigi
916 2925 1040 3001 posset.

62 3017 163 3085 Hunc
185 3018 231 3085 ad
253 3018 495 3105 egrediendum
517 3041 729 3105 nequaquam
752 3019 906 3084 idoneum
929 3020 1062 3085 loeume

63 3120 262 3209 arbitratus,
286 3124 365 3191 dnm
385 3124 537 3212 reliquae
552 3145 658 3190 naves
681 3147 719 3189 eo
743 3126 971 3208 convenirent,
996 3125 1040 3189 ad

63 3226 182 3293 horam
192 3248 318 3294 nonam
328 3228 365 3293 in
376 3230 511 3295 ancoris
524 3230 747 3313 exspectavit.
764 3228 903 3293 Interim
915 3226 1062 3312 legatiss

63 3329 277 3419 tribunisque
291 3332 437 3399 militum
452 3333 649 3398 convocatis
667 3340 699 3397 et
716 3354 801 3417 quae
815 3355 857 3397 ex
869 3332 1039 3397 Voluseno

63 3444 256 3521 cognosset,
278 3444 313 3503 et
328 3458 415 3525 qnae
436 3436 510 3503 lieri
525 3434 639 3522 vellet,
663 3435 811 3501 ostendit
835 3436 1040 3522 monuitque,

62 3550 101 3608 ut
122 3544 174 3609 rei
201 3538 362 3609 militari·
383 3544 493 3629 ratio,
521 3544 669 3610 maxime
699 3551 735 3608 ut
765 3542 956 3606 maritimae
986 3562 1039 3606 res
