2376 3924
385 264 493 314 areae
511 263 561 325 111,
581 263 656 317 car.
676 265 786 317 aa-ao.
1022 264 1083 329 109

185 453 235 518 24.
273 453 356 519 Erat
389 476 427 519 eo
464 463 610 540 tempore
643 452 804 518 Antonius
837 453 1018 537 Brundisii,
1036 455 1080 517 ‚is

96 560 217 622 virtute
245 558 382 623 militum
405 558 544 623 confisus
569 558 706 643 scaphas
735 560 868 621 navium
889 578 1083 641 magnarum

100 663 227 726 circiter
244 681 288 725 nx
307 662 449 727 cratibus
472 663 652 749 pluteisque
676 663 820 725 contexit
841 682 945 745 eoque
968 659 1083 724 milites

98 765 239 830 delectos
267 769 418 853 imposuit
445 777 543 852 atque
573 789 628 831 eas
657 769 689 830 in
718 765 810 830 litore
838 763 984 851 pluribus
1007 763 1084 827 locis

97 872 272 954 separatim
295 870 451 957 disposuit
485 892 650 957 navesque
685 871 834 934 triremes
868 869 965 950 duas,
1000 890 1082 953 quas

96 973 262 1038 Brundisii
285 974 450 1039 faciendas
478 984 662 1057 curaverat,
693 996 751 1059 per
774 994 906 1038 causam
930 993 1083 1036 exercen-

98 1075 215 1140 dorum
238 1080 398 1163 remigum
420 1078 463 1143 ad
485 1079 597 1143 fauces
613 1086 725 1164 portus
741 1077 870 1163 prodire
888 1078 989 1140 iussit.
1012 1075 1106 1145 Hasa

100 1201 173 1243 cum
197 1180 353 1246 audacius
368 1202 556 1268 progressas
571 1179 656 1245 Libo
670 1179 815 1263 vidisset,
839 1201 973 1265 sperans
988 1181 1083 1244 inter·

100 1286 162 1369 cipi
186 1307 289 1370 posse,
313 1284 536 1370 quadriremes
559 1303 581 1348 v
604 1284 646 1348 ad
674 1306 730 1348 eas
752 1286 846 1348 misit.
893 1284 987 1365 Quae
1010 1305 1084 1346 cum

101 1388 240 1452 navibus
279 1391 396 1453 nostris
435 1390 764 1475 appropinquassent,
804 1390 904 1451 nostri
938 1389 1082 1451 veterani

102 1493 135 1553 in
158 1500 287 1575 portum
310 1491 533 1576 refugiebant:
568 1490 611 1555 illi
639 1491 745 1555 studio
773 1493 897 1555 incitati
925 1493 1084 1555 incautius

99 1593 329 1677 sequebantur.
361 1596 432 1659 Iam
455 1617 497 1658 ex
520 1594 669 1659 omnibus
692 1594 839 1681 partibus
862 1594 968 1659 subito
984 1593 1105 1660 Anto-a

100 1697 216 1760 nianae
240 1700 380 1785 scaphae
403 1703 494 1785 signo
518 1700 594 1765 dato
624 1703 715 1764 sein
738 1700 846 1765 hostes
868 1702 1085 1764 incitaverunt

100 1801 269 1887 primoque
303 1805 426 1889 impetu
460 1825 560 1868 unam
594 1826 635 1866 ex
667 1803 719 1868 his
743 1791 983 1888 quadriremem
1011 1823 1084 1866 cum

102 1904 280 1990 remigibus
296 1906 585 1993 defensoribusque
602 1909 667 1972 suis
682 1917 849 1994 ceperunt,
865 1907 1005 1992 reliquas
1020 1915 1084 1970 tur·

98 2012 181 2094 piter
192 2012 342 2096 refugere
354 2020 540 2096 coegerunt.
557 2009 612 2076 Ad
624 2011 686 2075 hoc
698 2011 928 2077 detrimentum
938 2012 1107 2093 accessita

96 2126 133 2180 ut
156 2114 317 2200 equitibus
340 2138 399 2201 per
422 2138 512 2180 oram
534 2117 730 2181 maritimam
752 2115 794 2180 ab
812 2115 956 2180 Antonio
981 2114 1083 2199 dispo-

97 2223 166 2284 sitis
190 2220 303 2304 aquari
325 2218 583 2304 prohiberentur.
631 2220 706 2301 Qua
728 2221 920 2283 necessitate
943 2227 976 2281 et
997 2220 1084 2301 igno-

97 2325 196 2387 minia
218 2331 383 2408 permotus
406 2320 490 2387 Libo
514 2322 661 2387 discessit
688 2345 709 2386 a
732 2321 908 2386 Brundisio
933 2319 1085 2401 obsessio·

99 2447 239 2513 nemque
261 2436 446 2491 nostrorum
469 2427 584 2491 omisit.

185 2528 236 2594 25.
273 2529 368 2595 Multi
390 2533 455 2595 iam
476 2550 605 2594 menses
627 2539 722 2594 erant
751 2537 784 2593 et
804 2528 908 2592 hiems
931 2528 1085 2613 praecipi.

101 2643 239 2716 taverat,
261 2654 368 2719 neque
390 2633 565 2698 Brundisio
588 2653 689 2697 nares
712 2631 919 2716 legionesque
942 2628 985 2694 ad
1008 2627 1085 2694 Cae·
1155 2664 1163 2675 =

100 2760 206 2802 sarem
240 2735 425 2802 veniebant.
471 2736 522 2801 Ac
555 2734 728 2801 nonnullae
761 2736 831 2798 eius
863 2736 911 2798 rei
945 2742 1086 2820 praeter-

99 2845 216 2906 missae
250 2843 435 2905 occasiones
469 2839 602 2905 Caesari
629 2837 842 2920 videbantur,
877 2837 964 2923 quod
998 2840 1085 2902 certe

99 2968 195 3030 saepe
219 2945 380 3009 flaverant
402 2947 507 3028 venti,
535 2942 654 3029 quibus
683 2944 866 3007 necessario
888 2944 1085 3007 committen-

99 3049 177 3112 dum
213 3047 430 3113 existimabat.
478 3048 675 3132 Quantoque
703 3048 772 3110 eius
802 3045 938 3132 amplius
961 3068 1107 3132 proces-2

100 3163 189 3218 serat
217 3154 387 3237 temporis,
417 3159 507 3216 tanto
537 3159 631 3215 erant
653 3137 825 3214 alacriores
847 3149 890 3213 ad
913 3148 1085 3231 custodias,

102 3259 156 3341 qui
188 3253 344 3320 classibus
373 3263 562 3341 praeerant,
598 3255 818 3339 maioremque
839 3253 993 3318 fiduciam
1016 3275 1085 3338 pro-

104 3359 237 3425 hibendi
260 3358 435 3443 habebant,
460 3368 493 3425 et
514 3357 638 3424 crebris
653 3357 794 3444 ‘Pompei
817 3357 930 3422 litteris
952 3358 1114 3441 rediga-³¹

101 3464 237 3547 bantur,
275 3466 428 3550 quoniam
466 3465 568 3549 primo
601 3465 786 3530 venientem
815 3459 989 3526 Caesarem
1002 3510 1006 3519 .
1021 3456 1087 3524 non

107 3567 356 3654 prohibuissent,
385 3577 422 3634 ut
444 3568 584 3654 reliquos
607 3569 675 3632 eius
699 3567 861 3630 exercitus
882 3562 1086 3650 impedirent,
