2376 3924
403 233 514 284 LIBER
531 234 605 296 VIII,
625 232 702 286 OAP.
722 234 831 288 17-20.
1030 234 1101 299 4243

129 422 238 507 docui,
260 425 445 522 turmisque
467 433 656 489 nostrorum
685 427 876 511 interpositi
905 435 1102 492 constanter

126 526 344 612 proeliantur.
362 527 536 611 Pugnatur
557 527 765 614 aliquamdiu
780 529 855 614 pari
871 532 1084 597 contentione
1094 555 1123 615 3³

128 629 260 715 deinde,
283 640 321 697 ut
336 633 424 696 ratio
440 631 637 717 postulabat
652 631 781 717 proelii,
799 633 854 718 qui
872 634 1101 699 sustinuerant

127 735 251 820 primos
261 736 404 820 impetus
414 735 624 819 insidiarum,
641 736 703 800 hoo
720 737 792 821 ipso
805 736 891 802 fiunt
903 738 1102 821 superiores,

85 825 94 841 ⁶
125 838 217 923 quod
239 839 367 904 nullum
390 838 434 904 ab
459 838 701 905 insidiantibus
718 840 945 926 imprudentes
963 862 1101 926 accepe-

128 951 204 1007 rant
214 941 1125 1029 detrimentum.Acceduntpropiusinterimlegiones,4

127 1045 303 1133 crebrique
316 1046 433 1113 eodem
445 1055 634 1133 temporeet
646 1049 770 1113 nostris
787 1056 819 1112 et
831 1047 985 1114 hostibus
993 1050 1103 1114 nuntii

128 1149 322 1234 afferuntur,
335 1153 570 1236 imperatorem
579 1152 869 1237 instructiscopiis
883 1151 1012 1232 adesse.
1027 1151 1124 1234 Quas

126 1277 162 1319 re
175 1256 313 1345 cognita
325 1254 496 1340 praesidio
505 1255 817 1322 cohortiumconfisi
825 1257 932 1320 nostri
941 1257 1103 1333 acerrime

127 1357 347 1443 proeliantur,
363 1381 416 1442 ne,
442 1359 471 1423 si
492 1359 624 1424 tardius
640 1382 710 1425 rem
726 1361 922 1443 gessissent,
938 1360 1103 1425 victoriae

129 1457 272 1543 gloriani
295 1462 562 1526 communicasse
585 1482 661 1525 cum
683 1460 874 1546 legionibus
890 1460 1103 1546 viderentur3

129 1562 241 1629 hostes
270 1563 452 1629 concidunt
477 1565 598 1628 animis
623 1572 725 1650 atque
753 1562 930 1629 itineribus
959 1565 1102 1631 diversis

128 1665 242 1751 fugam
265 1676 440 1753 quaerunt.
463 1668 690 1754 Nequiquam:
718 1689 796 1733 nam
819 1667 938 1754 quibus
963 1668 1124 1734 difficule

67 1768 70 1772 ⁴
125 1770 257 1836 tatibus
280 1769 430 1837 locorum
458 1772 627 1837 Romanos
658 1770 817 1837 claudere
845 1769 1033 1854 voluerant,
1062 1772 1103 1837 iis

101 1891 105 1897 ·
131 1874 195 1960 ipsi
224 1874 436 1940 tenebantur.
464 1874 557 1941 Victi
586 1884 698 1940 tamen
727 1874 949 1962 perculsique,
978 1877 1125 1941 maiorer

61 2027 63 2032 .
128 1986 225 2063 parte
257 1979 382 2045 amissa
412 1980 621 2044 consternati
648 1978 844 2064 profugiunt
866 1981 988 2066 partim
1010 1979 1105 2044 silvis

129 2083 256 2168 petitis,
279 2084 403 2169 partim
417 2082 552 2149 flumine
576 2083 646 2168 (qui
661 2091 775 2147 tamen
796 2085 830 2148 in
846 2085 927 2168 fuga
943 2107 963 2148 a
979 2085 1104 2149 nostris

130 2184 516 2272 acriterinsequentibus
524 2186 770 2270 conficiuntur),
783 2208 858 2252 cum
866 2189 1000 2252 interim
1007 2186 1101 2251 nulla
1114 2207 1126 2247 s

130 2289 325 2356 calamitate
337 2291 448 2356 victus
461 2287 605 2357 Correus
619 2290 783 2356 excedere
791 2289 919 2377 proelio
933 2289 1104 2375 silvasque

63 2385 66 2391 ’
128 2401 244 2479 petere
255 2401 315 2467 aut
327 2393 551 2471 invitantibus
567 2394 692 2459 nostris
709 2393 754 2458 ad
771 2393 976 2460 deditionem
995 2395 1105 2480 potuit

129 2496 266 2582 adduci,
294 2498 375 2584 quin
403 2498 586 2565 fortissime
619 2497 816 2585 proeliando
848 2497 1104 2585 compluresque

125 2600 338 2669 vulnerando
362 2610 499 2687 cogeret
523 2601 630 2668 elatos
646 2601 823 2668 iracundia
838 2603 987 2667 victores
1010 2602 1045 2666 in
1068 2622 1104 2666 se

129 2702 200 2772 tela
222 2706 387 2772 conicere.

232 2807 284 2878 20.
296 2808 371 2874 Tali
385 2808 482 2875 modo
496 2833 532 2876 re
544 2819 641 2895 gesta
653 2809 844 2877 recentibus
860 2809 981 2896 proelii
1003 2809 1105 2876 vesti-

131 2913 196 2995 giis
221 2915 395 2997 ingressus
404 2910 548 2995 ssCaesar,
564 2933 640 2978 cum
655 2914 765 2979 victos
786 2922 885 2979 tanta
908 2911 1106 2978 calamitate

131 3017 343 3082 existimaret
365 3017 480 3084 hostes
495 3018 614 3083 nuntio
635 3026 774 3104 accepto
791 3017 901 3084 locum
917 3026 1106 3083 castrorum

126 3113 319 3205 relicturos,
342 3140 429 3207 quae
450 3143 518 3187 non
541 3120 675 3205 longius
703 3121 747 3186 ab
778 3144 818 3187 ea
847 3121 952 3187 caede
986 3121 1107 3186 abesse

130 3223 205 3310 plus
228 3225 337 3290 miuus
360 3242 426 3289 vm
439 3223 577 3289 milibus
594 3223 805 3308 dicebantur,
821 3225 958 3290 tametsi
972 3224 1107 3290 flumine

125 3326 327 3414 impeditum
349 3329 530 3394 transitum
551 3327 702 3412 videbat,
726 3338 839 3394 tamen
863 3330 1015 3395 exercitu
1037 3336 1105 3393 tra·

131 3429 232 3497 ducto
240 3429 470 3518 progreditur.
482 3429 529 3496 At
539 3430 715 3497 Bellovaci
723 3432 939 3518 reliquaeque
947 3433 1126 3498 civitaten

132 3545 271 3622 repente
283 3557 328 3600 ex
341 3533 423 3619 fuga
439 3534 555 3621 paucis
571 3543 673 3621 atque
689 3535 741 3601 his
755 3535 943 3602 vulneratis
949 3537 1107 3622 receptis,

906 3636 959 3690 ib*
1118 3636 1121 3641 ’
