2376 3924
119 234 161 297 40
445 233 495 282 Du
512 231 633 284 BELLO
657 230 769 283 clvlm

204 423 254 486 60.
278 423 413 487 Interim
429 424 589 490 Oscenses
611 431 643 487 et
658 420 905 506 Calagurritani,
928 422 983 506 qui
1005 430 1102 486 erant

117 547 190 589 cum
213 526 409 592 Oscensibus
438 525 627 608 contributi,
658 531 789 590 mittunt
811 524 854 589 ad
877 547 951 589 eum
973 523 1101 611 legatos

94 650 249 715 rseseque
271 632 430 716 imperata
451 629 593 694 facturos
616 628 813 714 pollicentur.
848 629 918 692 Hos
940 629 1100 694 Tarraco-

114 754 230 796 nenses
253 742 286 796 et
299 733 444 796 Iacetani
466 740 499 796 et
513 730 673 797 Ausetani
695 740 728 796 et
749 733 860 817 paucis
887 740 959 816 post
981 729 1100 797 diebus

113 835 410 921 lllurgavonenses,
442 837 496 921 qui
519 834 640 899 fiumen
662 833 823 899 Hiberum
846 836 1027 918 attingunt,
1052 837 1099 898 in-

90 949 300 1026 asequuntur.
346 939 432 1003 Petit
461 937 503 1002 ab
532 937 581 1002 his
611 936 777 1021 omnibus,
804 947 841 1002 ut
869 959 903 1000 se
932 937 1099 1003 frumento

35 1118 40 1126 Ι
111 1046 231 1108 iuvent.
277 1041 472 1107 Pollicentur
503 1051 600 1126 atque
624 1040 772 1106 omnibus
797 1041 942 1126 undique
965 1044 1099 1127 conqui-

88 1149 179 1212 rsitis
212 1147 360 1210 iumentis
394 1147 428 1209 in
461 1154 568 1209 castra
604 1144 785 1230 deportant.
832 1146 963 1209 Transit
996 1148 1098 1210 etiam

111 1250 224 1315 cohors
247 1250 521 1336 Illurgavonensis
544 1250 684 1314 adeum
707 1251 835 1335 cognito
859 1251 998 1314 civitatis
1021 1272 1097 1314 con-

109 1354 177 1418 silio
215 1364 248 1418 et
282 1357 374 1440 signa
410 1378 451 1418 ex
487 1357 623 1419 statione
652 1354 814 1418 transfert.
861 1355 984 1438 Magna
1014 1353 1097 1418 eele-

87 1461 192 1526 sriter
226 1461 431 1523 commutatio
468 1481 586 1523 rerum.
632 1457 779 1522 Perfecto
816 1466 928 1543 ponte,
966 1461 1097 1544 magnis

113 1566 255 1650 quinque
278 1561 461 1628 civitatibus
485 1563 527 1627 ad
549 1564 723 1627 amicitiam
745 1561 914 1645 adiunctis,
938 1562 1097 1648 expedita

110 1690 146 1731 re
169 1668 396 1751 frumentaria,
425 1669 591 1732 exstinctis
621 1666 804 1731 rumoribus
827 1667 867 1731 de
896 1665 1023 1731 auxiliis
1052 1665 1096 1731 le-

108 1773 254 1856 gionum,
290 1793 373 1856 quae
401 1793 475 1835 cum
504 1772 657 1856 Pompeio
690 1793 749 1857 per
776 1771 1007 1835 Mauritaniam
1039 1793 1095 1835 ve·

109 1876 178 1938 nire
210 1873 416 1958 dicebantur,
451 1874 570 1939 multae
599 1874 837 1960 longinquiores
871 1876 1018 1939 civitates
1049 1874 1093 1940 ab

110 1975 246 2041 Afranio
270 1978 454 2042 desciscunt
475 1987 507 2042 et
530 1977 678 2043 Caesaris
705 1981 878 2043 amicitiam
901 1988 1092 2063 sequuntur.

191 2081 242 2145 61.
278 2079 406 2163 Quibus
440 2080 538 2146 rebus
576 2085 756 2167 perterritis
790 2083 904 2146 animis
939 2081 1093 2147 adversa-

104 2189 226 2251 riorum
242 2184 373 2268 Caesar,
397 2208 438 2249 ne
453 2207 581 2271 semper
595 2207 714 2270 magno
731 2187 866 2250 circuitu
884 2207 942 2271 per
958 2195 1093 2272 pontem

105 2293 267 2377 equitatus
301 2300 386 2355 esset
418 2290 610 2374 mittendus,
649 2299 764 2354 nactus
797 2290 950 2354 idoneum
982 2289 1092 2356 locum

104 2394 206 2460 fossas
234 2396 355 2481 pedum
377 2413 451 2460 xxx
482 2399 515 2460 in
545 2394 747 2460 latitudinem
777 2394 957 2480 complures
980 2395 1091 2460 faeere

104 2500 254 2583 instituit,
290 2499 407 2585 quibus
441 2509 567 2586 partem
600 2498 741 2583 aliquam
776 2499 894 2564 Sicoris
925 2507 1092 2564 averteret

83 2602 290 2689 aradumque
313 2604 346 2667 in
369 2626 407 2667 eo
422 2602 554 2667 flumine
578 2601 730 2666 efficeret.
754 2602 815 2665 His
837 2624 942 2687 paene
964 2602 1090 2667 effectis

104 2728 258 2790 magnum
292 2710 325 2770 in
359 2708 507 2770 timorem
540 2705 694 2770 Afranius
728 2707 942 2791 Petreiusque
975 2727 1090 2791 perve-

104 2811 211 2891 niunt,
247 2831 287 2872 ne
323 2812 450 2874 omnino
484 2810 645 2873 frumento
680 2807 863 2894 pabuloque
896 2807 1090 2874 interclude

104 2921 226 2994 rentur,
249 2912 335 2996 quod
351 2913 487 2977 multum
503 2912 623 2978 Caesar
639 2913 785 2997 equitatu
801 2911 940 2976 valebat.
970 2912 1089 2998 Itaque

105 3015 302 3078 constituunt
339 3017 399 3101 ipsi
435 3016 512 3080 locis
549 3015 709 3081 excedere
747 3025 779 3080 et
812 3018 844 3079 in
879 3014 1090 3081 Celtiberiam

82 3117 225 3181 abellum
247 3119 431 3183 transferre.
462 3121 548 3185 Huic
571 3118 701 3184 consilio
725 3117 966 3202 suffragabatur
988 3119 1089 3184 etiam

103 3221 156 3286 illa
178 3243 246 3304 res,
279 3222 365 3307 quod
388 3245 430 3285 ex
453 3222 579 3287 duobus
603 3225 771 3287 contrariis
794 3221 976 3307 generibus,
1001 3243 1087 3313 quae

104 3327 267 3412 superiore
283 3325 365 3390 bello
383 3348 456 3390 cum
468 3327 609 3392 Sertorio
633 3336 789 3391 steterant
804 3328 959 3409 civitates,
976 3327 1087 3391 victae

102 3452 219 3493 nomen
250 3439 348 3515 atque
378 3431 549 3516 imperium
582 3430 724 3495 absentis
753 3432 886 3517 Pompei
915 3428 1086 3515 timebant,

103 3555 186 3618 quae
216 3537 249 3598 in
278 3536 418 3599 amicitia
440 3544 642 3619 manserant,
676 3537 802 3621 magnis
829 3535 965 3599 affectae
988 3533 1088 3603 bene·
1154 3522 1158 3531 ⁸
