2376 3924
134 234 198 298 272
474 231 774 284 1101111110111

135 426 239 489 versis
261 425 352 509 equis
374 445 408 488 se
432 421 624 508 colligebant
646 432 743 508 atque
765 425 799 487 in
821 424 924 508 spatio
940 445 1113 510 conseque-

115 527 256 592 ⁶bantur
292 535 325 591 01
360 526 465 591 iacula
500 529 534 590 in
570 525 760 612 legionarios
805 525 1015 591 coniciebant.
1062 528 1113 592 Ita

138 629 258 695 Caesar
280 630 376 695 modo
410 629 615 715 procedendo
648 629 744 695 modo
777 630 955 695 resistendo
988 630 1113 696 tardius

137 735 251 798 itinere
286 734 430 798 confecto
465 735 567 798 noctis
600 733 681 798 hora
713 737 818 819 prima
841 755 950 799 omnes
974 756 1048 799 suos
1071 734 1113 799 ad

137 860 238 903 unum
260 841 293 902 in
316 847 423 902 castra
456 836 631 902 incolumes
664 841 780 902 sauciis
805 856 825 900 x
849 838 942 903 factis
972 838 1113 902 reduxit.

116 942 305 1007 ⁶Labienus
334 945 461 1007 circiter
484 957 548 1006 000
571 944 706 1025 amissis,
740 942 847 1006 multis
870 942 1046 1006 vulneratis
1075 964 1115 1005 ac

118 1045 272 1110 rdefessis
295 1044 445 1109 instando
469 1043 616 1109 omnibus
639 1045 681 1109 ad
698 1067 771 1109 suos
795 1068 829 1110 se
852 1048 982 1130 recepit.
1007 1047 1114 1130 Scipio

138 1151 266 1213 interim
302 1148 443 1232 legiones
480 1148 654 1234 productas
692 1172 765 1213 cum
802 1149 989 1234 elephantis,
1035 1171 1115 1234 quos

139 1261 214 1316 ante
231 1264 338 1318 castra
360 1256 393 1317 in
416 1254 485 1317 acie
509 1255 641 1318 terroris
663 1256 769 1338 gratia
791 1255 824 1318 in
847 1263 1021 1339 conspectu
1037 1252 1115 1318 Cae-

139 1359 220 1422 saris
244 1358 467 1440 collocaverat,
490 1357 617 1422 reducit
639 1360 671 1421 in
695 1367 810 1422 castra.

226 1461 421 1527 1100010·
458 1471 571 1526 contra
608 1461 764 1526 eiusmodi
808 1461 950 1526 hostium
994 1483 1116 1546 genera

140 1567 249 1649 copias
272 1588 346 1630 suas
375 1587 439 1630 non
462 1574 498 1629 ut
519 1566 694 1650 imperator
723 1567 902 1630 exercitum
924 1573 1116 1629 veteranum

140 1669 360 1754 victoremque
393 1669 543 1732 maximis
576 1666 674 1731 rebus
707 1670 815 1751 gestis,
849 1667 907 1731 sed
936 1677 973 1732 ut
1000 1667 1116 1731 lanista

120 1773 260 1834 2tirones
283 1770 478 1855 gladiatores
501 1769 768 1852 condocefacere3
808 1790 871 1854 quo
900 1769 983 1855 pede
1012 1791 1046 1833 se
1068 1793 1116 1835 re·

140 1878 285 1960 01001011
307 1874 348 1939 ab
371 1874 463 1939 hoste
487 1882 519 1937 01
542 1873 816 1958 quemadmodum
844 1872 973 1938 obversi
1002 1873 1116 1938 adver-

141 1981 233 2044 sariis
256 1988 288 2043 et
315 1981 348 2043 in
380 1976 533 2062 quantulo
562 1979 665 2062 spatio
693 1979 889 2059 resisterent,
923 1976 1018 2041 modo
1047 2001 1117 2063 pro·

142 2091 309 2146 currerent
341 2080 437 2146 modo
470 2079 663 2145 recederent
695 2082 1033 2165 comminarentnrque
1061 2084 1117 2145 im-

141 2194 261 2272 peturn,
285 2209 324 2250 ac
351 2206 451 2270 prope
485 2205 548 2270 quo
581 2183 650 2248 loco
682 2194 714 2249 et
747 2183 1020 2269 quemadmodum
1053 2185 1118 2250 1010

121 2292 314 2371 amitterent,
349 2291 545 2374 praecipere.
590 2288 728 2354 Mirifice
756 2289 841 2351 enim
869 2287 1009 2352 hostium
1036 2289 1117 2354 levis

142 2402 308 2457 armatura
341 2393 476 2457 anxium
511 2393 690 2455 exercitum
726 2399 872 2454 nostrum
906 2400 1004 2476 atque
1037 2392 1117 2458 solli-

143 2499 240 2560 citum
263 2495 416 2577 habebat,
441 2496 516 2580 quia
539 2502 572 2558 01
594 2496 718 2578 equites
747 2492 934 2559 deterrebat
961 2494 1118 2580 proelium

142 2603 222 2664 inire
256 2607 388 2685 propter
422 2619 578 2683 equorum
611 2597 785 2679 interitum,
820 2597 907 2682 quod
930 2620 983 2662 eos
1006 2600 1118 2665 iaculis

143 2702 368 2783 interficiebat,
414 2710 446 2765 et
486 2699 697 2785 legionarium
740 2699 873 2765 militem
918 2699 1119 2787 defatigabat

122 2808 515 2896 4010010110100110101111
548 2809 657 2892 gravis
691 2808 777 2871 enim
810 2816 995 2871 armaturae
1027 2806 1118 2872 miles

144 2912 335 2996 simulatque
368 2910 410 2975 ab
438 2914 476 2976 iis
505 2913 680 2975 insectatus
715 2913 901 2976 constiterat
933 2912 966 2974 in
999 2932 1119 2996 eosque

143 3020 299 3103 impetum
326 3015 458 3098 fecerat,
491 3014 535 3079 illi
562 3014 665 3079 veloci
694 3036 791 3079 cursu
819 3013 996 3100 periculum
1025 3014 1119 3079 facile

142 3120 299 3187 vitabant.

230 3226 279 3288 72.
305 3223 431 3307 Quibus
460 3246 502 3287 ex
529 3222 627 3289 rebus
656 3223 777 3288 Caesar
806 3222 1015 3287 vehementer
1037 3245 1119 3288 com·

144 3328 345 3411 movebatur,
369 3330 445 3413 quia
468 3326 694 3412 quodcumque
717 3325 872 3410 proelium
888 3329 1033 3410 quotiens
1049 3333 1120 3388 0101

145 3435 359 3514 commissum,
405 3434 551 3517 equitatu
587 3451 645 3495 suo
688 3431 757 3493 sine
800 3426 976 3513 legionario
1019 3426 1118 3493 milite

128 3536 276 3601 bostium
313 3537 475 3624 equitatui
510 3533 638 3622 levique
671 3539 854 3595 armaturae
888 3548 999 3629 eorum
1033 3529 1118 3595 nullo
