2376 3924
497 242 572 292 css.
591 244 667 293 s-s.
1004 241 1066 308 229

95 437 185 499 'unus
214 435 282 517 est',
319 437 432 519 inquit,
464 430 586 519 ‘Scipio
620 436 796 519 imperator
829 434 890 498 hec
922 443 1066 519 tempere

93 538 200 623 pepuli
234 536 397 621 Romani'3
444 536 561 602 deinde
594 539 628 601 in
662 544 837 621 conspectu
869 557 926 599 suo
960 538 1068 601 statim

94 646 258 728 captivum
281 643 418 706 interliei
433 641 523 706 iubet
538 641 725 725 litterasque
740 638 884 704 nondum
900 639 1067 724 perlectas,

94 749 175 810 sicut
198 756 290 811 erant
312 749 467 831 signatae,
492 744 548 809 dat
570 744 689 815 homini
712 753 800 808 certe
823 743 866 808 ad
888 743 1070 828 Scipionem

95 850 313 936 perferendae.
355 910 358 915 .

180 955 209 1018 5.
233 957 409 1039 Postquam
431 977 496 1019 una
518 964 613 1018 nocte
636 961 667 1017 et
691 953 742 1018 die
765 953 807 1016 ad
829 952 982 1039 oppidum
998 974 1069 1016 con-

95 1069 223 1143 sumpta
246 1080 350 1143 neque
373 1080 563 1143 responsum
585 1056 684 1121 ullum
707 1080 727 1120 u
746 1056 896 1121 Considio
920 1055 1069 1137 dabatur,

95 1184 201 1247 neque
224 1165 253 1226 ei
275 1161 417 1246 reliquae
441 1164 552 1246 copiae
580 1160 822 1244 succurrebant,
856 1182 962 1245 neque
985 1160 1070 1244 equi-

95 1276 165 1330 tatu
195 1266 385 1330 abundabat
412 1275 445 1330 et
472 1265 514 1329 ad
542 1265 695 1352 oppidum
725 1265 979 1352 oppugnandum
1006 1286 1071 1328 non

96 1373 172 1433 satis
189 1373 354 1454 copiarum
376 1368 521 1434 habebat
543 1379 576 1434 et
597 1391 652 1433 eas
674 1373 823 1451 tirenum,
847 1390 953 1454 neque
968 1370 1071 1454 primo

97 1473 241 1536 adventu
275 1471 500 1537 convulnerari
533 1475 713 1537 exercitum
734 1472 873 1553 volebat,
908 1481 940 1535 ct
963 1471 1070 1558 oppidi

98 1580 229 1661 egregia
256 1578 390 1641 munitio
414 1586 446 1641 et
468 1577 606 1641 difficilis
640 1578 682 1641 ad
716 1575 969 1662 oppugnandum
1003 1584 1073 1639 erat

98 1704 255 1763 accessus,
291 1690 323 1744 ct
355 1680 565 1744 nuntiabatur
600 1680 719 1745 auxilia
755 1703 875 1765 magna
912 1682 1073 1763 equitatus

99 1785 266 1870 oppidanis
300 1786 464 1870 suppetias
497 1786 619 1867 venire,
654 1807 718 1849 non
747 1793 796 1849 est
823 1787 894 1849 visa
921 1786 1003 1848 ratio
1031 1781 1073 1846 ad

99 1887 352 1973 oppugnandum
375 1887 529 1974 oppidum
552 1887 781 1971 commorandi,
804 1911 855 1970 ne,
880 1888 957 1953 dum
980 1890 1012 1951 in
1036 1909 1075 1951 ea

98 2014 133 2054 re
157 1991 277 2056 Caesar
311 1999 360 2055 est
394 2001 579 2077 occupatus,
614 1994 853 2058 circumventus
876 2016 895 2057 a
917 2002 1009 2078 terge
1032 1990 1074 2055 ab

99 2100 244 2181 equitatu
266 2097 405 2161 hostium
427 2097 598 2163 laboraret.

185 2201 213 2263 6.
238 2202 353 2286 Itaque
376 2210 483 2266 castra
506 2224 580 2267 cum
603 2224 734 2267 movere
757 2202 863 2284 vellet,
898 2201 1004 2267 subito
1032 2224 1075 2265 ex

101 2303 217 2389 oppido
252 2307 358 2390 erupit
390 2304 570 2387 multitudo,
605 2313 703 2389 atque
737 2307 899 2390 equitatus
932 2302 1075 2369 subsidio

99 2430 164 2471 uno
197 2416 342 2492 tempere
371 2409 416 2470 eis
444 2428 523 2472 casu
551 2410 718 2491 succurrit,
750 2409 804 2492 qui
827 2416 898 2471 erat
919 2409 1034 2472 missus
1057 2429 1077 2470 a

100 2510 183 2574 Iuba
211 2510 253 2573 ad
282 2510 478 2597 stipendium
511 2510 744 2597 accipiendum,
779 2519 961 2595 castraque,
989 2509 1077 2575 unde

101 2613 222 2677 Caesar
256 2636 405 2700 egressus
438 2617 499 2680 iter
531 2615 640 2679 facere
669 2622 829 2700 coeperat,
863 2622 1024 2699 occupant
1045 2621 1079 2678 et

102 2720 169 2781 eius
193 2740 309 2801 agmen
333 2727 515 2783 extremum
537 2720 663 2803 insequi
685 2725 870 2803 coeperunt
908 2716 1004 2801 Quae
1024 2729 1100 2781 rest

102 2844 175 2886 cum
198 2821 425 2887 animadversa
447 2830 540 2904 esset,
575 2820 680 2887 subito
701 2820 870 2906 legionarii
890 2822 1078 2904 consistunt,

103 2934 134 2988 ct
157 2928 289 3009 equites,
325 2947 523 3011 quamquam
555 2934 650 2989 erant
681 2926 786 3011 pauci,
822 2933 933 2989 tamen
965 2932 1080 2991 cunm

102 3039 226 3093 tantam
249 3029 488 3094 multitudinem
518 3029 732 3096 audacissime
765 3036 971 3095 concurrunt.
1015 3026 1101 3095 Ast-⁸

104 3133 181 3197 cidit
210 3155 262 3197 res
290 3132 495 3217 incredibilis,
523 3143 559 3199 ut
581 3135 706 3219 equites
727 3134 834 3199 minus
855 3132 874 3173 *
897 3150 972 3197 xxx
993 3130 1082 3199 Galli

104 3238 293 3301 lllanrerum
317 3240 462 3322 equitum
483 3256 509 3301 11
532 3237 619 3303 milia
641 3236 709 3303 loco
731 3236 889 3323 pellerent
916 3236 1094 3323 fugerent-¹

105 3364 167 3426 que
190 3345 220 3406 in
246 3341 408 3427 oppidum.
431 3343 610 3429 Postquam
630 3340 751 3427 repulsi
773 3350 807 3405 et
828 3342 965 3407 coniecti
985 3362 1053 3419 em

104 3448 189 3510 intra
222 3449 424 3530 munitiones,
459 3446 581 3513 Caesar
608 3448 670 3513 iter
697 3447 906 3513 constitutum
931 3446 980 3511 ire
1006 3470 1045 3517 cc

106 3549 217 3613 tendit.
265 3551 361 3632 Quod
390 3573 464 3617 cum
491 3552 620 3638 saepius
647 3550 794 3615 facerent
819 3558 854 3617 et
879 3552 1037 3621 modeim
