2376 3924
353 213 402 261 sl)
420 212 524 261 BELL.
543 212 623 264 Asa.
642 212 735 262 9-25.
960 213 1032 263 va

54 401 126 467 qnod
145 399 300 467 elepbuutia
320 403 507 451 accusativum
526 401 639 467 pluralis
658 404 764 452 numeri
782 402 883 453 habere
901 403 1036 465 iubemur,
1130 397 1139 442 ’-

56 505 117 538 onm
139 489 226 538 forma
248 486 358 554 elephas
382 487 537 557 (elephans)
562 505 615 538 non
639 490 693 539 nisi
712 488 767 539 boe
791 489 953 539 nominativi
971 505 1037 539 casu

55 575 165 624 obviam
184 573 231 623 fiat
249 573 346 637 (semel
364 573 514 640 elephanta
532 575 668 626 Martialis
686 577 785 640 posuit,
804 576 829 624 d.
849 581 934 640 spect.
948 577 988 635 19,
1001 576 1037 640 4),

56 660 184 725 displicet
202 661 283 709 etiam
302 659 417 724 pluralis
435 676 563 711 numerus
582 662 658 712 vocis
676 660 820 727 equitatus
840 661 932 711 addito
953 659 1038 713 iunu-

56 745 198 798 ruerabilis
222 745 366 795 adiectivo.
394 747 488 810 itaque
511 747 592 796 utin
616 750 706 812 priore
734 747 852 798 editione
880 746 1037 814 elepbuuiie

55 832 205 882 ablativum
231 847 323 880 casum
349 847 409 881 esse
433 837 507 881 ratus
535 831 717 898 equitatuque
744 830 947 884 innumerabili
974 834 1038 882 scri-

56 918 176 967 bendum
196 933 255 967 esse
274 917 375 967 censui.
407 917 515 966 Kraner
532 933 648 983 eumque
667 924 776 968 secutus
795 919 892 968 Dinter
910 916 1039 984 elepbuu·

57 1002 96 1055 tis
116 1002 151 1071 (i)
173 1001 256 1056 CXX
280 1000 469 1068 equitesque
493 1001 711 1055 innumerabiles
726 1007 899 1071 posueruut,
927 1003 1041 1053 Dflbner

57 1089 142 1138 verba
165 1088 230 1139 inde
254 1105 271 1139 a
290 1092 442 1156 praeterea
465 1106 553 1155 usque
581 1089 620 1142 ad
643 1089 767 1156 surplius
785 1089 855 1142 XII
874 1087 988 1141 utilibus
1011 1096 1041 1138 ut

59 1177 152 1240 spuria
169 1175 296 1242 ,seclusit
319 1203 355 1214 -
378 1178 401 1238 §-
420 1177 449 1225 6:
477 1174 530 1228 buc
553 1190 602 1242 spe
627 1180 711 1242 utque
728 1191 767 1227 eu
784 1175 911 1228 audacia
929 1173 1040 1241 uirium·

58 1260 171 1330 uratuass
199 1261 270 1311 male
295 1260 406 1310 edoctus
431 1266 489 1311 erat
510 1261 667 1326 Nipperdey
692 1261 725 1311 de
749 1262 892 1311 meliorum
916 1260 1040 1310 codicum

58 1348 205 1411 scriptura,
231 1361 291 1395 cum
310 1350 419 1410 putaret
437 1360 475 1397 ea
495 1346 590 1396 deesse
608 1348 636 1394 in
655 1347 698 1395 iis.
729 1348 830 1397 omissa
849 1353 890 1397 est
907 1347 975 1396 haec
993 1362 1040 1395 vo-

59 1431 123 1481 cula
141 1432 170 1480 in
187 1430 207 1484 b
226 1437 252 1481 et
268 1431 355 1481 tribus
374 1431 555 1481 deterioribus
581 1432 673 1495 libris,
702 1439 788 1482 exstat
812 1449 877 1482 vero
900 1435 929 1481 in
954 1433 994 1487 af
1015 1440 1041 1480 et

60 1518 181 1583 reliquis.
206 1545 241 1555 -
262 1517 328 1566 ibid.
353 1521 481 1583 quater
506 1522 601 1584 tuuis,
629 1524 659 1567 ut
680 1524 761 1568 antea
779 1520 889 1584 scripsi;
917 1520 956 1568 sic
979 1518 995 1572 f
1016 1525 1043 1566 et

59 1605 160 1669 reliqui
179 1604 249 1664 libri,
274 1604 395 1668 exceptis
415 1603 467 1666 ab,
492 1606 538 1669 qui
558 1608 724 1671 quurtuur
742 1608 822 1657 tauto
841 1605 951 1663 habent,
971 1603 1042 1668 quod

59 1690 227 1755 Nipperdey,
252 1690 372 1755 Kraner,
398 1690 496 1740 Dinter
519 1691 638 1757 amplexi
661 1699 731 1740 sunt.
758 1719 793 1728 —
819 1694 843 1754 5.
864 1693 893 1740 7:
918 1688 1042 1756 pridie

60 1775 135 1829 Nou.
153 1774 236 1845 Iaca]
260 1777 361 1826 retinui
379 1776 451 1827 hanc
469 1778 610 1843 vulgatam
629 1780 806 1843 scripturam,
833 1794 882 1844 pro
906 1793 961 1843 qua
977 1777 1043 1840 Nip-

60 1864 161 1930 perdey
181 1862 328 1913 seeundum
353 1878 373 1916 a
396 1863 442 1916 ΙΙ.
462 1861 488 1915 d.
507 1862 582 1916 Non.
598 1863 662 1916 Iau.
680 1865 778 1930 posuit
800 1892 834 1902 -
852 1864 934 1914 ibid:
957 1877 1041 1928 quarn

60 1948 192 2013 Africam
223 1947 372 2002 (luetur
401 1947 523 2018 artiquq
555 1949 679 2000 Caesaris
710 1967 809 2000 nomen
838 1967 898 2001 eum
927 1952 1041 2001 Dintero

60 2036 194 2101 supplevi.

165 2165 189 2199 c.
206 2151 249 2212 22,
267 2152 297 2198 2:
321 2148 356 2201 ab
374 2147 534 2214 nefariis
553 2147 750 2215 sceleratisque
768 2146 893 2218 civibus]
918 2165 966 2214 pro
986 2165 1044 2198 cor-

61 2240 140 2300 rupto
159 2233 296 2303 uurduiS,
324 2236 396 2302 quod
420 2235 502 2290 afhl
523 2235 625 2287 habent
642 2236 682 2302 (in
701 2235 766 2288 bet
785 2235 965 2286 deterioribus
984 2233 1042 2298 qui-

61 2321 176 2372 busdam
194 2321 327 2389 uurduia,
347 2323 374 2371 in
388 2322 450 2372 aliis
463 2322 661 2372 recentioribus
680 2320 783 2373 arduis
803 2321 901 2384 exstat)
914 2319 1043 2368 Davisius

58 2405 184 2474 perditis
206 2409 312 2473 posuit,
340 2407 412 2472 quod
429 2407 586 2474 Nipperdey
605 2413 633 2457 et
653 2412 798 2471 sequentes
818 2405 936 2456 editores
954 2419 1045 2453 serva·

63 2499 134 2543 runt.
156 2500 186 2544 ut
204 2495 233 2543 in
250 2510 291 2560 pr.
309 2493 373 2545 edit.
391 2500 501 2559 propter
519 2495 648 2543 maiorem
668 2492 818 2542 litterarum
839 2489 1044 2540 similitudinem

61 2576 186 2642 riesariia
205 2579 324 2630 seribere
342 2579 436 2628 malui.

167 2717 190 2748 c.
209 2702 252 2764 24,
270 2700 300 2748 3:
328 2712 462 2765 quoquc
481 2695 595 2767 versus]
624 2699 664 2748 sio
682 2712 776 2747 omnes
794 2695 885 2761 oodd.;
914 2697 947 2746 cf.
966 2697 1001 2746 ad
1019 2695 1046 2745 b.

63 2784 271 2849 emma

168 2931 191 2965 c.
210 2915 295 2978 25,1:
314 2913 402 2967 Dum
420 2913 487 2967 boec
505 2913 548 2966 ita
566 2911 720 2982 fierent]
739 2905 826 2966 ‘duni
844 2909 1046 2964 coddvitiose'

67 3000 131 3050 huic
148 3000 210 3051 loeo
228 3000 348 3051 adscribi
373 3007 401 3051 et
425 2999 492 3053 dum
515 3001 545 3049 in
569 3014 632 3052 curu
655 3001 754 3050 mutari
778 2999 860 3062 solet,
888 2999 970 3065 idque
988 2999 1047 3064 ipse

66 3087 132 3136 olim
149 3087 277 3149 feceram,
295 3091 441 3150 antequam
459 3086 614 3136 accuratius
633 3085 660 3134 in
681 3100 760 3135 usum
772 3085 968 3150 particularum
980 3090 1048 3134 tem-

64 3171 199 3237 puralium
216 3171 428 3237 inquisivissem.
446 3154 556 3221 interim
569 3187 634 3221 vero
652 3172 682 3220 in
700 3170 771 3220 libro
789 3163 842 3221 ‘die
857 3170 1048 3220 construction

66 3258 114 3307 der
130 3258 177 3308 lat.
196 3255 406 3322 Zeitpartikeln’
427 3256 479 3319 (ed.
492 3258 516 3322 2)
535 3272 561 3321 p.
575 3257 625 3306 169
638 3272 696 3322 sqq.
717 3256 805 3319 docui,
829 3255 1046 3306 coniunctionem

66 3343 157 3412 clune,
186 3344 241 3394 nisi
269 3359 330 3394 oum
357 3343 505 3394 indicativo
534 3344 686 3408 praesentis
713 3341 839 3392 historici
867 3344 1047 3402 construatur,

65 3445 127 3479 cnm
150 3429 324 3480 coniunctivo
349 3429 501 3495 imperfecti
527 3427 746 3494 coniungendam
765 3442 838 3490 esse,
865 3431 896 3475 ut
913 3426 1047 3476 actionem

65 3516 200 3576 enuntiet,
228 3529 297 3578 quae
316 3513 399 3564 fiebat
417 3530 468 3564 nec
488 3513 552 3564 dum
569 3514 690 3579 perfecta
708 3517 779 3572 erat,
807 3528 869 3562 oum
888 3510 963 3562 aliud
982 3511 1048 3577 quid

117 3623 195 3666 caesar
216 3623 245 3665 11.
884 3631 902 3665 e
