2376 3924
144 214 207 278 232
483 210 592 260 enm
612 210 781 261 llFlllCANl

144 424 185 465 ne
208 424 312 466 vacua
334 401 531 486 relinqueret
552 399 777 486 praesidioque
792 399 921 463 firmata
937 397 980 462 ad
996 397 1132 463 classim

144 504 348 592 receptacula
370 506 518 568 muniret.

234 609 282 673 10.
306 608 423 694 Itaque
456 606 501 672 ibi
534 606 644 672 relicto
667 608 703 672 P.
728 607 878 689 Saserna,
913 606 1015 671 fratre
1046 608 1132 691 eius,

147 737 243 799 quem
258 715 365 798 Lepti,
388 713 535 798 proximo
552 711 678 797 oppido,
702 711 886 797 reliquerat,
909 733 983 777 eum
997 711 1133 797 legione

147 816 236 880 iubet
259 818 453 901 comportari
484 815 579 901 ligna.
592 818 626 880 in
650 815 803 901 oppidum
837 837 935 900 quam
968 815 1131 901 plurima;

130 923 215 1007 ripse
239 943 312 985 cum
336 917 520 983 cohortibus
545 936 604 1002 vn,
628 941 711 1004 quac
740 942 782 982 cx
804 921 967 983 veteranis
995 917 1133 1004 legioni·

147 1024 208 1088 bus
231 1027 263 1088 in
287 1023 387 1088 classe
411 1045 486 1088 cum
500 1022 640 1108 Sulpicio
656 1032 688 1088 et
700 1024 831 1088 Vatinio
854 1045 923 1088 rem
945 1033 1132 1108 gesserant,

148 1150 190 1190 ex
214 1126 330 1213 oppido
353 1128 499 1212 Ruspina
521 1148 670 1212 egressus
693 1126 905 1212 proficiscitur
921 1125 963 1190 ad
986 1136 1132 1212 portum,

149 1234 203 1315 qui
238 1230 330 1294 abest
363 1230 404 1294 ab
440 1229 557 1316 oppido
590 1229 677 1295 milia
714 1250 867 1314 passuum
903 1229 978 1313 dno⁷
1017 1229 1132 1316 ibique

149 1335 283 1400 classem
320 1334 380 1399 sub
414 1356 586 1420 vesperum
620 1356 694 1399 eum
727 1356 766 1397 ea
800 1337 892 1419 copia
928 1335 1131 1400 conscendit.

127 1438 308 1506 aOmnibus
330 1442 361 1502 in
386 1441 532 1502 exercitu
553 1440 660 1502 insciis
683 1447 715 1502 et
737 1436 975 1527 requirentibus
991 1441 1133 1525 impera-

149 1547 227 1608 toris
251 1543 419 1608 consilium
448 1564 567 1628 magno
590 1550 678 1606 metu
701 1565 740 1606 oc
762 1543 953 1606 tristimonio
982 1542 1133 1609 sollicita-

128 1649 277 1713 ⁴bantur.
301 1649 410 1712 Parva
433 1649 518 1711 enim
541 1668 614 1711 cum
637 1648 729 1731 copia
752 1655 784 1711 et
806 1668 845 1710 ea
866 1649 1006 1710 tironum
1022 1670 1134 1732 neque

151 1756 236 1817 omni
265 1754 412 1836 exposita
440 1753 472 1814 in
501 1748 614 1815 Africa
649 1757 761 1813 contra
794 1772 929 1833 magnas
963 1753 1074 1835 copias
1100 1762 1135 1816 et

149 1855 320 1920 insidiosae
353 1855 490 1917 nationis
523 1855 765 1938 equitatumque
799 1837 1067 1918 innumerabilem
1097 1876 1134 1918 se

151 1960 313 2045 expositos
336 1957 492 2021 videbant
521 1978 625 2042 neque
656 1960 828 2043 quicquam
857 1957 959 2022 solatii
982 1960 1016 2023 in
1039 1980 1134 2044 prae·

151 2064 254 2126 sentia
287 2082 392 2145 neque
426 2060 581 2125 auxilium
603 2063 636 2124 in
659 2083 790 2126 suorum
823 2061 953 2126 consilio
985 2064 1134 2128 animum

151 2164 367 2231 advertebant
389 2167 449 2229 nisi
473 2167 505 2228 in
528 2167 627 2251 ipsius
655 2168 857 2252 imperatoris
879 2164 981 2248 vultu,
1015 2168 1134 2251 vigore

151 2268 354 2355 mirabilique
377 2269 552 2333 hilaritate:
587 2271 729 2333 animum
751 2271 837 2333 enim
865 2269 965 2334 altum
988 2278 1022 2334 et
1044 2291 1134 2335 erec-

130 2382 220 2438 etum
250 2395 329 2458 prae
356 2394 390 2438 se
413 2371 558 2457 gerebat
594 2371 680 2437 Huic
707 2370 957 2456 acquiescebant
984 2372 1135 2438 homines

152 2479 239 2540 etin
269 2479 336 2541 eius
370 2479 503 2541 seientia
526 2485 559 2540 et
581 2475 710 2540 consilio
742 2479 848 2541 omnia
881 2475 941 2541 sibi
975 2476 1135 2562 proclivia

153 2602 262 2645 omnes
285 2581 353 2646 fore
376 2579 561 2666 sperabant.

242 2685 290 2748 11.
322 2684 443 2750 Caesar
475 2708 541 2749 una
573 2693 667 2749 nocte
700 2687 734 2749 in
767 2684 906 2750 navibus
939 2697 1135 2773 consumpta

153 2791 218 2852 iam
241 2788 328 2853 caclo
352 2787 480 2854 albente
509 2811 583 2854 cum
616 2789 775 2874 proficisci
809 2797 990 2873 conaretur,
1024 2788 1135 2857 subito

155 2893 287 2955 navium
309 2914 394 2978 pars,
419 2892 460 2957 de
483 2914 548 2977 qua
570 2891 715 2976 timebat,
739 2915 780 2956 ex
804 2915 913 2958 errore
929 2892 1046 2965 eodem
1060 2916 1136 2960 con-

133 2993 331 3060 tferebatur.
376 2995 449 3060 Hac
471 3019 507 3059 rc
536 2998 665 3080 cognita
688 2995 808 3060 Caesar
839 2997 985 3063 celeriter
1013 2997 1056 3062 de
1078 3021 1136 3064 na-

155 3098 251 3164 vibus
273 3102 411 3183 imperat
434 3121 544 3163 omnes
567 3099 679 3183 egredi
701 3108 798 3184 atque
821 3099 968 3165 inlitora
991 3109 1137 3168 armatos

134 3203 295 3288 treliquos
318 3203 528 3267 advenientes
551 3203 665 3268 milites
688 3213 887 3290 exspectare.
924 3205 1042 3292 Itaque
1064 3208 1136 3272 sine

156 3331 247 3372 mora
280 3307 420 3373 navibus
448 3310 494 3372 eis
522 3309 555 3371 iu
589 3318 718 3393 portum
749 3311 888 3395 receptis
922 3317 954 3373 et
986 3309 1137 3377 advectis

156 3411 292 3476 militum
325 3400 547 3502 equitumque
567 3414 666 3498 copiis
694 3434 805 3477 rursus
828 3412 871 3478 ad
894 3411 1048 3499 oppidum
1071 3413 1138 3480 Ru-

156 3519 282 3599 spinam
304 3515 388 3580 redit
411 3524 508 3602 atquc
530 3515 574 3580 ibi
597 3519 710 3581 castris
744 3518 923 3582 constitutis
957 3517 1024 3602 ipse
1060 3539 1137 3583 cum
