2376 3924
485 250 561 301 oar.
582 254 604 302 1.
975 251 1034 314 171

54 443 198 492 Caesarem
216 439 344 506 praeficit,
368 442 426 506 ipsc
445 439 570 490 Ciliciam
589 439 653 502 adit,
678 455 834 505 paucosque
854 438 912 490 dies
936 440 1033 490 adres

55 526 219 577 ordinandas
253 531 434 577 commoratus
467 542 515 592 per
548 525 745 591 Cappadociam
782 525 810 574 111
838 526 952 576 Pontum
985 528 1036 577 iter

57 611 165 662 conficit
183 629 205 665 6.
225 614 265 662 66.
288 613 328 663 66.
364 611 552 663 Ρ161161666111ἰ
570 612 679 663 obviam
697 611 727 662 fit
743 612 908 675 Deiotarus,
925 614 1034 663 veniam

56 700 91 748 ab
110 714 141 747 eo
160 699 306 764 petiturus,
331 699 402 764 quod
420 700 449 748 in
469 699 564 749 castris
583 698 695 763 Pompei
714 698 811 748 fuisset
829 715 851 748 c.
870 699 912 749 67.
947 696 1035 754 Resti-

56 789 107 834 tuit
126 787 151 833 ei
169 787 272 850 regium
292 785 420 835 honorem
440 784 541 835 Caesar
560 802 582 835 6.
602 786 644 835 68.
676 783 743 834 Cum
763 784 880 835 Pontum
899 785 1035 846 intrasset,

56 872 211 921 Pharnaces
229 871 335 937 legatos
348 871 416 921 belli
435 870 600 936 deprecandi
619 886 702 922 causa
722 870 756 921 ad
775 885 836 921 enm
856 870 939 920 mittit
958 886 980 918 c.
994 870 1035 919 69.

57 957 237 1008 Condiciones
265 959 299 1009 ab
319 957 436 1008 Caesare
455 957 607 1023 propositas
632 973 661 1008 ss
681 957 809 1023 amplecti
836 957 960 1019 simulat,
989 955 1036 1006 sed

58 1060 117 1093 cum
138 1060 198 1093 eum
217 1044 299 1094 rebus
326 1043 438 1094 urbanis
456 1043 570 1094 Romam
596 1043 697 1094 arcessi
725 1044 818 1106 sciret,
846 1059 902 1094 rem
929 1042 1037 1094 trahere

58 1130 156 1180 studet.
184 1130 262 1193 Quod
290 1129 406 1180 hominis
434 1129 578 1180 consilium
603 1145 664 1178 cum
684 1129 832 1180 Caesarem
854 1145 907 1180 non
932 1128 1037 1191 lateret,

59 1218 202 1266 celerrime
239 1218 273 1267 ad
304 1216 411 1279 Zelam,
450 1217 483 1266 ab
514 1215 656 1267 Pharnace
688 1221 861 1282 occupatam,
898 1215 1039 1266 contendit

57 1302 166 1353 Proelio
186 1304 329 1353 commisso
348 1303 420 1367 regis
440 1302 574 1352 exercitus
593 1302 762 1368 profligatur,
785 1303 843 1368 ipse
863 1315 923 1352 cum
942 1303 1039 1367 paucis

58 1389 198 1454 equitibus
225 1389 290 1454 fuga
318 1390 406 1440 evasit
433 1406 455 1439 c.
481 1389 590 1440 70-76.
626 1391 714 1440 Ponto
743 1394 852 1455 recepto
882 1388 984 1440 Caesar
1011 1390 1039 1438 in

57 1477 149 1526 Asiam
168 1477 220 1526 iter
236 1477 317 1540 facit,
337 1475 370 1526 de
388 1476 546 1541 provinciae
559 1476 752 1526 controversiis
766 1477 913 1541 cognoscit
933 1475 1038 1526 Mithri·

58 1562 148 1612 datem
167 1563 366 1627 Pergamenum
389 1577 481 1627 regem
504 1561 620 1626 Bospori
648 1566 674 1611 et
697 1561 862 1612 tetrarcham
882 1560 1039 1628 Gallograe-

59 1663 151 1698 corum
175 1651 331 1713 constituit,
356 1649 455 1700 deinde
478 1650 598 1699 omnium
624 1650 751 1714 opinione
771 1647 886 1700 celerius
904 1649 993 1699 victor
1011 1649 1040 1698 in

58 1733 168 1783 Italiam
189 1736 260 1786 redit
278 1752 300 1785 c.
321 1738 362 1787 77.
382 1737 423 1791 78.

148 1911 174 1974 1.
220 1909 309 1974 Β6116
342 1908 566 1974 Alexandrino
600 1909 738 1974 conflato
772 1909 893 1974 Caesar
926 1909 1040 1975 Rhodo

58 2022 155 2098 atque
186 2038 228 2078 ex
251 2014 346 2099 Syria
369 2001 543 2098 Ciliciaque
573 2035 700 2077 omnem
728 2012 863 2078 classem
892 2017 1039 2097 arcessit3

59 2117 156 2181 Creta
168 2121 359 2204 sagittariae,
377 2120 501 2203 equites
517 2117 558 2183 ab
570 2139 647 2201 rege
659 2116 900 2183 Nabataeorum
912 2118 1041 2183 Malcho

60 2232 188 2305 evocat3
229 2231 389 2286 tormenta
422 2222 564 2306 undique
599 2223 745 2305 conquiri
779 2230 812 2285 et
844 2221 1042 2286 frumentum

58 2327 158 2407 mitti,
189 2324 308 2389 auxilia
337 2324 456 2389 adduci
478 2323 576 2389 iubet.
621 2326 756 2389 Interim
777 2328 970 2389 munitiones
993 2347 1063 2389 666

59 2429 137 2492 tidie
161 2427 312 2514 operibus
335 2436 506 2511 augentur,
530 2437 628 2512 atque
652 2431 762 2492 omnes
786 2428 895 2514 oppidi
923 2437 1042 2512 partes,

61 2555 143 2616 quac
177 2533 282 2596 minus
319 2553 389 2594 esse
422 2531 536 2596 firmae
563 2516 731 2613 videntur,
761 2530 975 2596 testudinibus
1005 2555 1043 2595 66

59 2635 210 2699 musculis
240 2642 450 2721 appetuntur3
486 2657 528 2698 ex
557 2632 711 2697 aedificiis
740 2641 849 2697 autem
876 2656 934 2719 per
961 2635 1042 2698 1616-

60 2743 148 2803 mina
170 2742 203 2803 in
226 2741 374 2825 proxima
397 2738 545 2802 aedificia
568 2739 684 2801 arietes
707 2738 921 2820 inmittuntur,
945 2732 1044 2822 quanss

59 2853 193 2928 tumque
215 2852 272 2906 aut
293 2844 393 2907 ruinis
416 2841 552 2906 deicitur
574 2850 630 2905 aut
652 2861 710 2926 per
725 2843 791 2905 vim
807 2843 959 2927 recipitur
974 2841 1044 2937 loci,

60 2951 91 3012 in
126 2957 252 3012 tantum
285 2948 493 3036 munitiones⁴
511 2944 727 3031 proferuntur.
777 2945 863 3010 Nam
895 2945 1064 3010 incendios

61 3053 129 3115 fere
151 3060 221 3116 tuta
245 3058 293 3114 cst
309 3049 521 3132 Alexandria,
545 3047 631 3135 quod
655 3050 722 3112 sine
746 3051 983 3139 contignatione
1006 3072 1044 3115 ac

61 3159 197 3220 materia
221 3164 295 3219 sunt
311 3153 459 3218 aedificia
482 3163 514 3218 et
536 3155 705 3218 structuris
721 3175 760 3217 66
774 3152 950 3218 fornicibus
973 3176 1044 3218 con-

61 3263 205 3323 tinentur
228 3266 379 3341 tectaque
402 3266 478 3321 sunt
492 3256 611 3321 rudere
627 3266 683 3321 aut
698 3258 899 3342 pavimentis.
924 3248 1066 3321 Caesari

61 3365 203 3427 inaximo
233 3361 399 3444 studebat,
429 3349 479 3444 61,
503 3383 601 3447 quam
630 3362 890 3451 angustissimam
918 3369 1044 3446 partem

61 3467 170 3552 oppidi
204 3466 296 3552 palus
329 3489 349 3530 a
381 3465 516 3530 meridie
549 3467 717 3529 interiecta
750 3463 925 3546 efficiebat,
959 3463 1044 3529 hanc

61 3571 211 3658 oporibus
240 3574 406 3658 vineisque
435 3571 569 3656 agendis
603 3569 645 3635 ab
673 3569 796 3655 reliqua
829 3576 921 3655 parte
954 3565 1044 3632 urbis
1125 3645 1128 3650 Ι
