2376 3924
170 257 234 332 230
477 261 527 319 us
546 259 667 319 annno
687 257 845 320 orntrco

206 456 371 507 deditionem
391 458 480 507 coacti
504 458 633 523 gravibus
656 458 798 524 suppliciis
816 472 833 507 a
851 456 969 508 Caesare
994 457 1151 509 afficiuntur

205 559 228 595 e.
247 545 288 594 44.
308 543 435 594 Treveris
453 545 562 594 interim
581 559 598 594 a
615 544 740 595 Labieno
759 543 875 594 devietis
894 559 916 597 c.
935 545 978 609 45,
1003 543 1104 596 Caesar
1122 547 1149 596 in

204 630 354 696 Aquitanos
372 630 510 696 profectus
528 645 574 681 eos
592 631 620 680 in
638 629 718 680 fidem
732 631 847 696 aceipit;
866 629 928 680 hinc
941 632 1089 682 exercitum
1103 649 1151 698 per

205 716 311 781 legatos
329 717 358 766 in
377 715 491 766 hiberna
511 715 621 766 deducit
639 731 662 764 c.
681 717 723 765 46.
744 715 882 765 Commius
901 714 1017 767 Atrebas
1036 717 1073 770 Μ.
1092 718 1148 767 An·

204 803 278 852 tonio
298 802 438 868 quaestori
456 818 485 852 se
506 801 608 853 dedidit
627 818 650 852 e.
668 802 710 852 47.
730 802 772 851 48.

171 889 214 954 [Α.
233 889 267 939 U.
287 888 316 938 C.
335 887 406 955 704.]
443 888 585 938 Praefatur
612 887 727 950 Hirtius,
756 904 803 939 eur
827 904 870 939 res
897 889 1049 939 aCaesare
1077 905 1149 940 nono

205 975 413 1041 proconsulatus
440 990 511 1025 anno
539 976 568 1023 in
597 974 687 1024 Gallia
714 979 806 1040 gestas
834 975 928 1025 eodem
956 977 1150 1026 commentario

205 1061 385 1112 absolvendas
404 1062 550 1112 censuerit.
570 1089 599 1098 —
620 1063 661 1112 Ne
680 1061 729 1112 sub
749 1060 828 1112 finem
848 1061 957 1127 imperii
980 1077 1052 1112 nova
1064 1063 1151 1113 bella

205 1153 386 1214 moverentur,
406 1147 508 1199 Caesar
527 1163 581 1213 qua
592 1153 682 1213 potest
695 1148 840 1199 clementia
851 1149 880 1198 in
894 1147 1014 1199 devictas
1024 1149 1150 1199 civitates

205 1236 290 1285 utitur
309 1251 331 1285 c.
346 1236 388 1284 40.
406 1235 547 1286 Profectus
565 1235 594 1284 in
612 1234 720 1285 italiam
740 1235 852 1284 summis
870 1234 1018 1285 honoribus
1037 1235 1072 1284 ab
1092 1252 1149 1287 mu·

204 1321 312 1386 nieipiis
333 1327 360 1372 et
378 1320 491 1371 coloniis
512 1322 646 1386 excipitur
664 1336 686 1370 c.
701 1320 741 1372 50.
760 1321 807 1380 513
826 1320 889 1370 inde
909 1335 988 1386 quam
1008 1321 1150 1372 celerrime

205 1408 232 1455 in
246 1407 403 1458 ulteriorem
416 1405 535 1458 Galliam
548 1421 673 1457 reversus
686 1406 834 1457 exercitum
845 1422 877 1456 ex
890 1406 1015 1457 omnibns
1027 1407 1150 1459 bibernis

205 1499 346 1545 evocatum
365 1495 477 1558 lustrat3
496 1495 647 1544 Labienum
662 1493 770 1545 Galliae
789 1499 898 1560 togatae
916 1493 1047 1560 praeficit.
1066 1494 1151 1545 Initia

205 1581 271 1630 belli
291 1581 380 1631 civilis
400 1597 422 1631 c.
442 1580 483 1632 52.
503 1583 544 1631 53.
581 1581 717 1646 Legiones
742 1579 854 1631 Caesari
876 1595 926 1646 per
948 1595 1058 1630 cansam
1082 1580 1150 1630 belli

205 1665 327 1718 Parthici
347 1667 484 1718 detractae
503 1667 635 1732 Pompeio
653 1667 797 1717 traduntur
816 1682 838 1720 c.
857 1666 898 1718 54.
918 1667 960 1717 bb.

256 1803 404 1870 Coactus
422 1805 569 1870 assiduis
586 1806 654 1870 tuis
670 1804 821 1888 vocibus,
837 1803 956 1888 Balbe,
972 1825 1048 1869 cum
1065 1804 1148 1871 coti·

171 1908 274 1973 diana
290 1931 363 1974 mea
379 1910 550 1974 recusatio
572 1931 639 1973 non
658 1907 868 1975 difficultatis
885 1909 1149 1992 excusationem,

171 2010 230 2077 sed
253 2014 396 2078 inertiae
419 2013 591 2078 videretur
615 2013 885 2100 deprecationem
908 2012 1044 2096 habere,
1079 2034 1149 2077 rem

148 2114 404 2181 edifficillimam
427 2117 569 2202 suscepi.
594 2114 753 2183 Caesaris
769 2117 877 2182 nostri
890 2117 1149 2183 commentarios

170 2244 280 2287 rerum
290 2230 462 2305 gestarum
470 2219 689 2305 Galliae,non
697 2220 956 2286 cohaerentibus
970 2220 1146 2306 superiori·

171 2325 233 2391 bus
257 2336 359 2412 atque
383 2325 637 2412 insequentibus
655 2327 726 2390 eius
744 2325 890 2411 scriptis,
914 2325 1076 2389 contexui
1091 2345 1147 2389 no·
1178 2379 1180 2384 .

170 2431 410 2515 vissimumque
432 2428 663 2515 imperfectum
686 2427 729 2494 ab
753 2427 853 2493 rebus
878 2428 983 2512 gestis
999 2427 1149 2493 Alexan·

173 2533 267 2599 driae
291 2534 419 2600 confeci
442 2556 549 2620 usque
572 2534 617 2600 ad
640 2534 769 2599 exitum
790 2554 858 2598 non
882 2532 1015 2619 quidem
1037 2529 1149 2595 civilis

173 2638 403 2722 dissensionis,
427 2639 521 2702 cuius
537 2637 638 2702 finem
655 2635 783 2702 nullum
799 2635 963 2720 videmus,
980 2633 1041 2699 sed
1056 2635 1150 2698 vitae

150 2739 339 2806 tCaesaris.
356 2741 448 2823 Quos
462 2741 587 2807 utinam
599 2742 655 2827 qui
671 2740 784 2826 legent
801 2740 888 2806 scire
902 2739 1033 2826 possint
1050 2760 1150 2824 quam

171 2846 298 2910 invitus
323 2848 528 2930 susceperim
551 2844 759 2928 scribendos,
782 2865 846 2931 quo
862 2844 997 2909 facilius
1014 2863 1151 2908 caream

173 2947 340 3013 stultitiae
363 2957 464 3035 atque
480 2949 698 3032 arrogantiae
714 2949 864 3030 crimine,
888 2947 945 3032 qui
962 2968 1013 3011 me
1028 2945 1150 3011 mediis

149 3053 429 3136 sinterposuerim
446 3050 602 3118 Caesaris
620 3054 767 3139 seriptis.
790 3049 933 3117 Constat
950 3051 1039 3116 enim
1061 3051 1152 3116 inter

172 3177 287 3219 omnes
311 3153 396 3219 nihil
420 3165 490 3221 tam
513 3177 653 3242 operose
677 3155 720 3221 ab
745 3155 823 3220 aliis
852 3166 926 3220 esse
953 3154 1151 3242 perfectum,

171 3258 261 3345 quod
276 3281 344 3323 non
360 3258 477 3324 horum
495 3259 667 3343 elegantia
684 3259 1000 3325 commentariorum
1017 3279 1150 3346 supere·

149 3371 237 3426 stur.
284 3361 350 3442 Qui
374 3370 452 3428 sunt
476 3362 571 3446 editi,
604 3386 647 3428 ne
672 3365 816 3429 scientia
844 3371 1017 3428 tantarum
1039 3383 1150 3429 rerum

174 3465 393 3553 scriptoribus
418 3467 516 3551 desit,
532 3466 684 3552 adeoque
698 3466 885 3553 probantur
901 3467 1048 3532 omnium
1063 3466 1151 3531 iudi·

170 3571 233 3654 cio,
250 3579 287 3635 ut
303 3581 493 3658 praerepta,
509 3593 576 3637 non
591 3570 748 3658 praebita
764 3572 911 3638 facultas
929 3569 1151 3657 scriptoribus
