2376 3924
167 237 228 301 174
422 234 573 285 cunnum
591 233 881 285 anaxaunmuuu

144 427 313 512 eliquescit
345 448 384 490 ac
417 424 562 490 subsidit.
607 425 681 490 Hac
710 426 756 490 uti
778 423 899 489 domini
922 424 1154 491 aedificiorum

165 539 262 614 atque
285 551 397 594 eorum
411 528 550 593 familiae
573 537 783 593 consuerunt:
805 550 883 592 nam
905 549 988 614 quae
1010 529 1153 595 flumine

164 631 236 697 Nilo
258 632 375 714 fertur,
410 632 491 696 adeo
514 641 563 695 est
585 631 696 696 limosa
718 653 757 694 ac
784 630 928 714 turbida,
962 640 999 695 ut
1028 633 1152 699 multos

163 738 336 819 variosque
359 733 488 799 morbos
517 734 651 817 efficiat,
686 734 744 798 sed
777 756 816 799 ea
845 733 956 821 plebes
979 757 1019 798 ac
1043 736 1151 803 multi-

164 840 242 904 tudo
272 847 421 902 contenta
452 847 500 903 est
526 841 721 920 necessario,
753 838 839 924 quod
867 839 938 902 fons
965 837 1050 902 urbe
1080 849 1152 905 tota

163 942 269 1008 nullus
285 951 342 1006 est.
366 943 438 1006 Hoc
453 951 562 1007 tamen
576 944 697 1008 flumen
719 946 753 1007 in
775 966 813 1007 ea
836 951 927 1027 parte
950 952 1023 1006 erat
1044 943 1150 1027 urbis,

143 1071 250 1133 oquae
272 1045 315 1111 ab
338 1046 569 1111 Alexandrinis
592 1046 773 1111 tenebatur.
813 1049 886 1128 Quo
909 1046 995 1111 facto
1019 1056 1070 1111 est
1094 1048 1149 1112 ad-

165 1154 303 1217 monitus
326 1151 550 1236 Ganymedea,
581 1172 674 1236 posse
700 1158 826 1214 nostros
849 1171 934 1235 aqua
956 1150 1149 1215 intercludi:

165 1259 219 1341 qui
243 1255 404 1321 distributi
426 1257 640 1320 munitionum
663 1254 858 1320 tuendarum
886 1276 985 1318 causa
1012 1256 1150 1320 vicatim

156 1382 207 1428 ,ex
240 1362 374 1446 privatis
409 1360 562 1424 aedificiis
597 1358 758 1445 specubus
791 1381 830 1424 ac
857 1360 962 1445 puteis
995 1366 1150 1423 extracta

163 1485 249 1549 aqua
271 1463 454 1529 utebantur.

250 1567 279 1630 6.
317 1568 390 1631 Hoc
422 1567 557 1653 probato
592 1567 720 1632 consilio
754 1589 908 1652 magnum
942 1588 981 1631 ac
1013 1568 1150 1634 difficile

165 1694 244 1756 opus
267 1672 465 1756 aggreditur.
512 1673 721 1757 Intersaeptis
748 1674 834 1735 enim
861 1670 1023 1757 specubus
1046 1681 1149 1759 atquo

165 1775 312 1839 omnibus
334 1775 424 1838 urbis
446 1774 593 1860 partibus
616 1774 764 1857 exclusis,
794 1796 878 1860 quae
900 1773 942 1839 ab
964 1776 1034 1860 ipso
1057 1784 1149 1841 tene-

164 1876 293 1960 bantur,
318 1899 422 1962 aquae
444 1901 597 1962 magnam
619 1880 686 1942 vim
709 1900 751 1942 ex
773 1880 856 1943 mari
878 1879 955 1943 rotis
970 1900 1009 1941 ao
1023 1879 1150 1944 machi·

164 1979 348 2045 nationibus
371 1983 553 2066 exprimere
576 1981 757 2064 contendit,
792 1981 877 2046 hanc
904 1981 979 2045 locis
1002 1983 1151 2064 superio-

164 2082 254 2148 ribus
276 2083 413 2148 fundere
434 2086 468 2148 in
490 2093 617 2170 partem
640 2083 788 2148 Caesaris
811 2106 876 2149 non
897 2083 1146 2152 intermittebat

143 2188 274 2269 aQuam
307 2186 348 2252 ob
382 2210 514 2253 causam
547 2188 658 2253 salsior
687 2188 782 2275 paulo
816 2203 945 2274 praeter
977 2197 1149 2254 consuetu-

165 2292 272 2356 dinem
306 2300 396 2378 aqua'
424 2292 615 2358 trahebatur
643 2316 685 2357 ex
713 2295 868 2379 proximis
896 2292 1052 2358 aedificiis
1080 2316 1146 2359 ma-

163 2417 326 2481 gnamque
349 2395 531 2461 hominibus
554 2396 800 2461 admirationem
822 2394 1017 2482 praebebat,
1047 2417 1148 2482 quam

164 2499 205 2565 ob
228 2522 297 2565 rem
320 2499 353 2564 id
380 2500 562 2585 accidisset;
597 2523 657 2566 nec
685 2504 762 2566 satis
791 2500 851 2566 sibi
872 2502 934 2586 ipsi
956 2498 1146 2585 credebant,

86 2592 90 2597 ’
164 2628 238 2669 cum
268 2627 302 2668 se
329 2604 497 2669 inferiores
530 2606 674 2670 eiusdem
702 2606 829 2689 generis
852 2626 892 2670 ac
913 2607 1038 2690 saporis
1059 2625 1147 2691 aqua

164 2708 309 2773 dicerent
330 2712 386 2792 uti,
410 2719 508 2796 atque
530 2721 606 2776 ante
630 2719 852 2793 consuessent,
874 2709 1038 2796 vulgoque
1059 2711 1145 2777 inter

164 2839 198 2880 se
222 2814 431 2880 conferebant
453 2824 492 2886 et,
507 2815 720 2900 degustando,
745 2823 903 2899 quantum
924 2816 1009 2879 inter
1029 2836 1066 2879 se
1087 2814 1146 2880 dif-

142 2918 286 2981 aferrent
314 2940 435 3002 aquae,
459 2918 705 3004 cognoscebant.
749 2919 858 2983 Parvo
885 2939 963 2982 vero
990 2920 1147 3005 temporis

164 3023 266 3107 spatio
289 3020 370 3085 haec
398 3023 527 3106 propior
555 3019 623 3085 bibi
656 3022 784 3086 omnino
818 3042 883 3086 non
915 3028 1059 3107 poterat,
1092 3018 1147 3087 illa

163 3125 294 3189 inferior
316 3125 495 3209 corruptior
517 3125 582 3188 iam
604 3124 780 3210 salsiorque
801 3124 1034 3211 reperiebatur.

251 3227 280 3292 7.
305 3227 379 3309 Quo
401 3227 487 3291 facto
510 3227 710 3293 dubitatione
733 3227 861 3294 sublata
883 3236 993 3295 tantus
1014 3229 1149 3295 incessit

164 3335 273 3416 timor,
307 3340 344 3397 ut
377 3330 419 3395 ad
453 3339 635 3396 extremum
665 3353 775 3396 casum
802 3331 936 3418 periculi
957 3352 1070 3397 omnes
1092 3330 1148 3399 de

165 3436 252 3501 ducti
281 3436 485 3517 viderentur,
516 3444 613 3521 atque
642 3435 695 3499 alii
723 3438 843 3500 morari
865 3433 1041 3501 Caesarem
1061 3432 1149 3501 dico

164 3549 252 3623 rent,
289 3542 366 3625 quin
399 3561 501 3604 naves
535 3539 752 3604 conscendere
784 3538 927 3623 iuberet,
960 3537 1014 3605 alii
1043 3538 1149 3607 multo
