2376 3924
390 229 502 279 ninus
519 229 554 292 11,
574 227 651 278 cnr.
669 228 698 276 31
706 225 780 274 -ss
1032 222 1070 285 61

94 422 260 509 proximis
284 418 435 485 castellis
460 441 498 485 eo
522 439 721 485 concursum
738 424 799 499 est,
822 423 1097 500 pugnatumque4

95 525 138 591 ab
161 524 320 590 hostibus
344 525 393 588 ita
417 524 543 588 acriter
566 530 633 606 est,
662 531 743 586 uta
765 521 847 584 viris
872 518 1015 584 fortibus
1040 519 1074 581 in

99 639 254 696 extrema
275 650 334 714 spe
356 626 475 693 salutis
505 627 619 712 iniquo
635 625 709 689 loco
726 631 844 688 contra
862 645 928 704 eos,
952 624 1008 708 qui
1033 644 1075 686 ex

97 733 187 798 vallo
205 730 421 817 turribusque
433 729 503 795 tela
519 732 679 810 iacerent,
696 728 841 815 pugnari
859 726 983 807 debuit,
1000 746 1074 788 cum

98 838 131 901 in
147 858 217 900 una
231 837 358 900 virtute
373 836 478 899 omnis
493 855 568 919 spes
583 832 702 898 salutis
716 833 925 896 consisteret.
944 828 1097 893 Occisis⁵

99 939 144 1005 ad
171 940 343 1004 hominum
374 938 509 1004 milibus
535 947 694 1026 quattuor
717 937 836 1023 reliqui
862 938 896 999 in
920 932 1075 1020 oppidum

98 1044 216 1109 reiecti
236 1051 325 1107 sunt.
349 1043 517 1108 Postridie
530 1045 602 1108 eius
616 1042 683 1106 diei
693 1041 850 1106 refractis
866 1039 984 1123 portis,
1000 1045 1097 1098 cumss

98 1149 164 1212 iam
190 1145 387 1213 defenderet
410 1169 522 1230 nemo,
546 1155 648 1233 atque
676 1145 880 1210 intromissis
912 1139 1075 1206 militibus

99 1253 224 1316 nostris
243 1251 427 1315 sectionem
443 1251 513 1315 eius
527 1248 641 1335 oppidi
653 1249 845 1312 universam
858 1244 986 1310 Caesar
997 1265 1075 1307 ven-

101 1355 198 1419 didit.
222 1352 277 1418 Ab
293 1355 346 1434 iis,
362 1354 419 1440 qui
436 1361 596 1434 emerant,
613 1353 762 1437 capitum
774 1371 930 1415 numerus
944 1347 989 1412 ad
1002 1355 1098 1411 euml

100 1457 230 1522 relatus
255 1466 306 1521 est
330 1456 459 1521 milium
482 1457 729 1541 quinquaginta
744 1457 856 1520 trium.

185 1559 239 1626 34.
272 1559 402 1625 Eodem
414 1569 562 1646 tempore
574 1582 595 1625 a
607 1558 726 1624 Publio
740 1557 875 1641 Crasso,
892 1581 989 1645 quem
1002 1580 1077 1621 cum

101 1666 235 1750 legione
251 1688 319 1730 una
335 1667 475 1731 miserat
491 1664 536 1730 ad
551 1664 710 1749 Venetos,
726 1663 897 1747 Venellos,
915 1664 1077 1745 Osismos,

102 1767 336 1854 Coriosolitas,
347 1769 504 1853 Esuvios,
517 1769 691 1853 Aulercos,
707 1768 873 1852 Redones,
898 1790 982 1853 quae
1000 1776 1076 1832 sunt

101 1873 293 1938 maritimae
309 1873 466 1939 civitates
484 1872 722 1959 Oceanumque
746 1875 929 1956 attingunt,
954 1874 1079 1937 certior

101 1975 211 2041 factus
236 1984 287 2040 est
310 1997 423 2041 omnes
448 1997 506 2041 eas
530 1978 688 2041 civitates
711 1978 744 2039 in
764 1975 970 2039 deditionem
986 1986 1077 2060 pote-

102 2089 289 2164 statemque
313 2078 427 2165 populi
450 2080 591 2144 Romani
621 2102 695 2144 esse
718 2079 886 2144 redactas.

187 2180 240 2247 35.
268 2181 331 2247 His
348 2181 448 2248 rebus
466 2184 571 2268 gestis
589 2185 695 2249 omnis
709 2182 823 2247 Gallia
840 2192 964 2268 pacata
981 2191 1077 2248 tanta

101 2286 199 2352 huius
222 2286 304 2352 belli
328 2286 373 2352 ad
394 2286 560 2353 barbaros
584 2289 696 2374 opinio
719 2287 852 2374 perlata
876 2295 938 2369 est,
960 2288 1009 2351 uti
1034 2285 1077 2352 ab

101 2393 143 2456 iis
159 2389 367 2475 nationibus,
384 2413 470 2478 quae
482 2399 577 2456 trans
588 2391 740 2456 Rhenum
756 2390 951 2472 incolerent,
968 2392 1077 2454 mitte-

101 2505 220 2561 rentur
241 2494 347 2579 legati
369 2493 415 2559 ad
430 2492 620 2577 Caesarem,
644 2496 700 2581 qui
717 2517 752 2558 se
768 2494 902 2559 obsides
928 2493 1078 2576 daturas,

102 2602 268 2686 imperata
297 2598 449 2664 facturas
478 2598 726 2684 pollicerentur.
774 2597 866 2677 Quas
889 2597 1100 2680 legationesc

102 2702 232 2767 Caesar
261 2700 351 2788 quod
380 2704 414 2767 in
437 2701 574 2767 Italiam
597 2701 836 2786 Illyricumque
864 2699 1077 2786 properabat,

102 2809 189 2873 inita
205 2807 361 2892 proxima
385 2814 517 2870 aestate
541 2805 586 2870 ad
610 2827 645 2869 se
668 2807 793 2869 reverti
817 2806 926 2868 iussit.
950 2804 1027 2889 Ipse
1044 2805 1101 2867 ina

103 2908 282 2991 Carnutes,
304 2906 436 2990 Andes,
457 2906 618 2992 Turones,
642 2927 793 2992 quaeque
823 2908 981 2972 civitates
1005 2930 1079 2993 pro-

103 3016 249 3100 pinquae
265 3011 317 3076 his
334 3011 419 3076 locis
435 3019 543 3094 erant,
567 3010 624 3075 ubi
640 3009 765 3075 bellum
789 3020 950 3094 gesserat,
975 3009 1080 3094 legio·

103 3115 201 3182 nibus
225 3115 260 3178 in
284 3112 504 3178 hibernacula
529 3111 682 3178 deductis
701 3115 734 3176 in
750 3113 885 3177 Italiam
909 3114 1078 3198 profectus

104 3229 164 3285 est.
201 3217 255 3284 Ob
280 3237 403 3302 easque
426 3239 480 3281 res
505 3238 548 3280 ex
571 3215 694 3281 litteris
714 3213 871 3280 Caesaris
897 3215 968 3280 dies
985 3218 1101 3300 quin-r

105 3322 213 3389 decim
230 3318 433 3406 supplicatio
451 3319 587 3385 decreta
605 3328 666 3403 est,
690 3318 778 3404 quod
796 3330 875 3384 ante
892 3320 926 3383 id
950 3329 1079 3404 tempus

105 3425 233 3493 accidit
256 3422 353 3489 nulli.
