2376 3924
367 220 479 270 creua
496 220 532 280 ιι,
556 218 633 270 oar.
654 219 763 269 14-1r.
1012 216 1051 280 51

70 438 137 481 non
151 412 297 499 amplius
309 411 404 477 milia
416 432 572 498 passuum
587 426 610 472 x
624 408 762 475 abesse:
779 417 876 473 trans
887 407 923 472 id
933 407 1077 472 flumenr

71 541 187 585 omnes
210 516 352 582 Nervios
376 513 572 580 consedisse
593 512 841 597 adventumque
864 509 912 574 ibi
934 511 1055 576 Roma-

70 644 192 688 norum
215 627 414 704 exspectare
437 638 505 682 uno
529 637 605 680 oum
619 615 796 681 Atrebatis
821 623 855 679 et
870 613 1055 679 Veroman·

72 725 159 809 duis,
182 723 335 790 finitimis
353 722 422 787 suis
447 722 539 803 (nam
561 717 614 783 his
631 720 782 804 utrisque
805 727 1054 804 persuaserant,

70 830 120 895 uti
137 826 280 893 eandem
295 824 377 891 belli
392 824 563 890 fortunam
580 823 845 909 experirentur);
862 821 1077 906 exspectaris

71 933 177 997 etiam
192 929 236 996 ab
252 929 305 995 his
321 927 577 995 Aduatucorum
600 928 715 1012 copias
737 935 838 1012 atque
860 947 934 991 ease
952 926 987 988 in
1004 927 1055 990 iti·

73 1029 1077 1119 nere3mulieresquiqueperaetatemadpugnaminutilesr

71 1138 271 1204 viderentur
294 1139 328 1203 in
352 1158 426 1201 eum
456 1136 565 1201 locum
595 1137 797 1213 coniecisse,
827 1156 890 1221 quo
918 1145 1055 1223 propter

70 1242 213 1328 paludes
239 1241 404 1308 exercitui
427 1240 541 1306 aditus
564 1263 632 1305 non
656 1250 755 1306 esset.

160 1345 212 1410 17.
228 1345 292 1411 His
304 1343 405 1411 rebus
418 1344 566 1428 cognitis
579 1343 811 1429 exploratores
824 1345 1049 1410 centuriones-

71 1472 136 1536 que
151 1449 351 1535 praemittit,
375 1448 432 1533 qui
448 1446 557 1512 locum
573 1446 729 1512 idoneum
746 1449 869 1514 castris
887 1447 1051 1533 deligant.

71 1552 157 1618 Ounr
185 1574 229 1619 ex
258 1550 428 1617 dediticiis
447 1549 563 1633 Belgis
593 1549 796 1637 reliquisque
825 1549 935 1617 Gallis
965 1569 1075 1618 com-2

71 1655 185 1743 plures
209 1653 393 1722 Caesarem
416 1655 525 1719 secuti
547 1676 615 1719 una
638 1655 704 1719 iter
724 1654 891 1739 facerent,
917 1656 1054 1742 quidam

73 1783 116 1826 ex
138 1758 204 1843 his,
228 1769 266 1825 ut
287 1768 405 1844 postea
428 1780 472 1823 ex
495 1759 640 1845 captivis
656 1761 830 1842 cognitum
853 1770 915 1842 est,
939 1782 1053 1825 eorum

74 1863 204 1930 dierum
226 1861 470 1928 consuetudine
493 1862 624 1927 itineris
647 1865 756 1928 nostri
785 1866 955 1930 exercitus
979 1881 1052 1950 per·

74 1963 1050 2054 specta,nocteadNerviosperveneruntatquehisdemon-

50 2078 242 2153 ·atrarunt,
273 2070 362 2134 inter
390 2066 542 2152 singulas
566 2067 716 2152 legiones
741 2069 1053 2156 impedimentorum

72 2194 233 2258 magnum
244 2193 417 2239 numerum
430 2170 650 2254 intercedere,
661 2193 769 2258 neque
785 2195 860 2238 esse
873 2174 1051 2259 quicquam

71 2278 218 2364 negotii,
241 2277 448 2362 cumprime
471 2275 559 2359 legio
583 2277 618 2340 in
642 2284 757 2340 castra
781 2277 947 2361 venisset,
976 2277 1053 2342 reli-

73 2402 227 2469 quaeque
249 2380 400 2464 legiones
424 2399 582 2464 magnum
607 2380 752 2466 spatium
775 2379 944 2465 abessent,
967 2381 1054 2446 hanc

72 2485 135 2552 sub
159 2486 304 2551 sarcinis
334 2483 476 2567 adoriri3
510 2506 574 2570 qua
609 2484 707 2569 pulsa
740 2483 1075 2572 impedimentisques

72 2591 215 2676 direptis
231 2589 389 2672 futurum,
411 2596 447 2653 ut
464 2587 613 2672 reliquae
629 2585 753 2670 fcontra
776 2590 963 2654 consistere
985 2611 1052 2654 non

71 2692 248 2760 auderent.
293 2690 490 2758 Adiuvabat
514 2693 616 2758 etiam
639 2712 753 2757 eorum
779 2693 971 2778 consilium,
995 2695 1075 2779 quir

71 2819 144 2864 rem
168 2795 375 2881 deferebant,
398 2795 487 2882 quod
502 2796 619 2862 Nervii
642 2798 839 2883 antiquitus,
863 2820 938 2863 cum
962 2801 1052 2885 equi·

71 2910 149 2967 tatu
172 2899 259 2965 nihil
281 2908 419 2986 possent
449 2900 569 2984 (neque
599 2900 687 2964 enim
710 2899 840 2965 adhoc
869 2909 997 2987 tempus
1023 2903 1053 2965 ei

72 3005 121 3070 rei
135 3002 286 3086 student,
299 3001 370 3087 sed,
382 3001 698 3089 quicquidpossunt,
711 3001 924 3089 pedestribus
937 3003 1053 3070 valent

72 3105 206 3193 copiis),
230 3126 294 3192 quo
316 3104 451 3171 facilius
466 3105 682 3171 finitimorum
698 3107 894 3191 equitatum,
917 3109 945 3171 si
957 3129 1052 3192 prae-

73 3209 180 3277 dandi
203 3230 308 3275 causa
332 3207 377 3275 ad
400 3230 457 3274 eos
480 3210 668 3292 venissent,
692 3210 903 3294 impedirent,
927 3213 1051 3275 teneris

72 3312 254 3381 arboribus
277 3311 395 3377 incisis
418 3320 519 3397 atque
542 3311 674 3377 inflexis
702 3312 895 3400 crebrisque
919 3317 952 3379 in
975 3314 1051 3380 lati·

71 3416 227 3485 tudinem
242 3416 347 3481 ramis
359 3416 470 3480 enatis
483 3423 516 3482 et
528 3414 621 3481 rubis
635 3415 852 3502 sentibusque
864 3420 1051 3484 interiectis

72 3520 266 3604 effeceram,
277 3525 316 3585 ut
327 3519 436 3586 instar
447 3518 730 3605 murihaesaepes
738 3521 945 3587 munimenta
956 3544 1051 3608 prae·

904 3641 942 3695 ῌ
