2376 3924
153 251 216 314 275
487 242 597 293 annm
615 240 786 292 tumeam

154 449 270 522 castra,
293 459 376 523 quae
399 437 441 502 ad
464 436 578 523 Aggar
600 435 769 501 habuerat.
808 435 901 500 Idem
921 436 999 501 facit
1021 436 1130 525 Scipio

154 554 252 630 atque
275 545 308 607 in
331 544 466 627 antiqua
489 550 597 606 eastra
619 543 728 627 copias
749 539 885 605 reducit.

241 647 290 711 77.
314 645 546 712 Thabenenses
578 646 716 727 interim,
752 646 808 729 qui
841 644 901 708 sub
936 643 1063 710 dicione
1098 655 1131 710 et

153 760 312 838 potestate
344 748 447 815 Iubae
481 769 551 813 esse
584 756 801 831 consuessent,
835 750 868 811 in
891 756 1038 812 extrema
1061 751 1131 814 eius

152 856 245 938 regni
268 855 399 937 regione
422 853 584 916 maritima
606 849 701 915 locati
728 850 897 914 interfecto
925 853 1015 935 regio
1038 874 1130 938 prae-

154 960 235 1026 sidio
258 958 380 1041 legatos
403 954 446 1020 ad
469 954 642 1020 Caesarem
664 956 804 1036 mittunt,
828 976 897 1018 rem
918 977 938 1017 a
953 976 987 1018 se
1003 963 1131 1037 gestam

153 1062 281 1144 docent,
317 1069 430 1145 petunt
463 1068 630 1144 orantque,
665 1067 701 1121 ut
723 1059 788 1121 suis
822 1058 957 1122 fortunis
991 1058 1130 1143 populus

152 1165 327 1246 Romanus,
358 1185 432 1227 cum
453 1162 537 1226 bene
559 1163 666 1226 meriti
688 1171 805 1244 essent,
840 1161 996 1226 auxilium
1018 1161 1129 1226 ferret.

93 1286 101 1336 L
133 1267 275 1333 sGaesar
308 1288 419 1330 eorum
452 1264 581 1330 consilio
615 1264 750 1350 probato
784 1266 944 1330 Marcium
978 1263 1131 1351 Crispum

153 1371 319 1437 tribunum
353 1392 427 1434 cum
460 1369 644 1434 cohortibus
678 1367 781 1433 tribus
810 1378 841 1432 et
870 1370 1043 1453 sagittariis
1066 1377 1129 1434 tor·

152 1477 333 1560 mentisque
363 1472 580 1559 compluribus
610 1472 770 1557 praesidio
800 1470 992 1537 Thabenam
1020 1474 1128 1536 mittit.

132 1579 279 1645 eEodem
301 1586 447 1662 tempore
471 1599 513 1640 ex
535 1575 715 1662 legionibus
738 1575 887 1641 omnibus
916 1575 1041 1658 milites,
1073 1579 1130 1661 qui

153 1694 209 1748 aut
230 1680 344 1746 morbo
366 1679 511 1765 impediti
534 1688 590 1743 aut
612 1688 794 1744 commeatu
822 1678 897 1743 dato
926 1701 1000 1742 cum
1028 1680 1129 1763 signis

152 1810 216 1852 non
239 1794 411 1872 potuerant
444 1793 518 1847 ante
551 1785 690 1847 transire
720 1785 752 1846 in
775 1781 930 1864 Africam,
965 1781 1008 1846 ad
1040 1782 1130 1847 milia

152 1908 216 1971 1111,
240 1890 365 1973 equites
390 1902 483 1968 cece,
507 1884 687 1949 funditores
711 1887 932 1971 sagittariique
955 1885 1040 1949 mille
1063 1908 1129 1951 uno

130 1999 333 2057 acommeatu
349 1988 480 2054 Caesari
504 1999 721 2053 occurrerunt.
745 1989 860 2075 Itaque
875 2011 949 2054 cum
963 1988 1013 2054 his
1029 1992 1129 2075 copiis

153 2095 300 2161 omnibus
323 2092 502 2177 legionibus
525 2093 659 2175 eductis,
694 2095 776 2157 sicut
799 2102 869 2157 erat
896 2094 1082 2176 instructus,
1106 2111 1128 2156 v

152 2198 280 2264 milibus
314 2219 468 2283 passuum
491 2195 532 2260 ab
556 2197 622 2260 suis
645 2199 769 2280 eastris,
804 2195 845 2260 ab
869 2197 1026 2282 Scipionis
1048 2219 1128 2262 vero

152 2322 178 2366 11
200 2301 328 2366 milibus
351 2324 505 2388 passuum
527 2301 622 2385 longe
645 2304 786 2368 constitit
808 2303 842 2367 in
864 2323 987 2388 eampo.

239 2405 288 2469 78.
312 2405 394 2469 Erat
416 2404 569 2490 oppidum
591 2405 675 2470 infra
698 2416 804 2471 castra
820 2406 977 2491 Scipionis
999 2407 1128 2471 nomine

152 2510 273 2592 Tegea,
307 2509 363 2574 ubi
392 2510 590 2594 praesidium
623 2519 773 2596 equestre
807 2512 934 2574 circiter
956 2528 983 2573 11
1004 2510 1128 2575 milium

131 2635 286 2679 enumero
301 2613 423 2678 habere
439 2623 618 2679 consuerat.
641 2615 690 2679 Eo
706 2615 851 2699 equitatu
867 2612 984 2692 dextra
999 2616 1129 2679 sinistra

152 2717 274 2782 directo
297 2716 339 2782 ab
363 2717 471 2802 oppidi
500 2717 654 2782 lateribus
683 2719 752 2803 ipse
779 2717 920 2801 legiones
949 2740 991 2782 ex
1015 2722 1128 2785 castris

153 2821 287 2886 eductas
317 2830 414 2905 atque
437 2823 471 2884 in
492 2823 568 2907 iugo
596 2820 747 2885 inferiore
776 2823 949 2886 instructas
976 2845 1041 2886 non
1062 2822 1128 2888 lon-

153 2928 225 3010 gius
247 2925 315 2988 fere
337 2922 422 2986 mille
445 2946 560 3009 passus
583 2922 624 2988 ab
641 2925 706 2987 suis
728 2923 959 2992 munitionibus
982 2947 1128 3010 progres-

92 3045 140 3096 sus
153 3050 207 3092 sus
229 3029 262 3092 in
285 3029 354 3092 acie
377 3029 549 3092 constituit.
573 3028 751 3113 Postquam
773 3025 894 3092 diutius
916 3030 949 3091 in
971 3050 1036 3092 uno
1058 3028 1128 3094 loco

153 3133 259 3217 Scipio
283 3129 552 3214 commorabatur,
584 3140 617 3194 et
638 3141 765 3217 tempus
788 3130 852 3195 diei
874 3133 907 3194 in
930 3134 993 3196 otio
1016 3155 1127 3198 consu·

152 3234 311 3318 mebatur,
346 3232 467 3299 Cacsar
500 3237 645 3320 equitum
677 3244 800 3300 turmas
830 3256 961 3299 suorum
982 3234 1073 3300 iubet
1094 3239 1128 3300 in

152 3340 291 3405 hostium
314 3341 502 3426 equitatum,
526 3341 581 3424 qui
597 3339 639 3404 ad
656 3338 809 3424 oppidum
823 3341 857 3403 in
873 3342 1008 3404 statione
1024 3350 1127 3424 erant,

152 3443 260 3508 facere
275 3445 519 3529 impressionem
533 3443 705 3528 levemque
719 3452 928 3527 armaturam,
944 3443 1127 3528 sagittarios

118 3545 394 3634 driznditoresque
423 3545 539 3613 eodem
565 3545 732 3611 submittit.
779 3545 876 3628 Quod
898 3546 955 3611 nbi
977 3555 1128 3630 coeptum
1156 3634 1164 3655 a

1129 3652 1163 3687 wi
