2376 3924
159 249 200 311 98
486 247 536 297 DE
554 245 674 298 BELLO
694 245 806 296 CIVlLl

163 439 269 505 hieme
290 439 324 502 in
352 435 490 502 navibus
525 436 691 502 excubans
724 457 830 522 neque
863 434 963 499 ullum
994 433 1143 500 laborem

159 543 220 607 aut‘
229 562 347 606 munus
363 540 553 626 despiciens,
576 562 618 605 ne
634 539 722 624 quod
737 537 916 603 subsidium
935 541 1142 623 exspectanti

160 643 292 710 Caesari
314 647 347 708 in
370 652 578 729 conspectum
597 645 710 706 venire
738 652 846 728 posset
869 689 1139 706 .........

244 748 274 812 9.
297 748 453 812 Discessu
467 745 688 810 Liburnarum
710 767 753 808 ex
774 745 902 831 Illyrico
918 747 962 808 M.
981 746 1141 810 Octavius

159 873 232 916 cum
261 853 315 934 iis,
350 871 430 935 quas
464 847 622 932 habebat,
655 840 794 912 navibus
818 847 952 914 Salonas
976 850 1139 933 pervenit.

158 953 209 1018 lbi
243 957 409 1019 concitatis
432 952 592 1016 Dalmatis
621 948 817 1036 reliquisque
850 950 999 1016 barbaris
1032 951 1141 1016 Issam

138 1080 179 1135 2a
202 1057 350 1121 Caesaris
372 1057 513 1120 amicitia
535 1057 667 1136 avertit3
698 1062 893 1118 conventum
916 1053 1040 1119 Salonis
1064 1077 1141 1119 curn

160 1180 265 1244 neque
292 1157 573 1246 pollicitationibus
594 1178 699 1242 neque
728 1155 970 1221 denuntiatione
1003 1158 1141 1244 periculi

160 1284 349 1348 permovere
372 1271 490 1348 posset,
512 1260 665 1347 oppidum
688 1282 876 1346 oppugnare
898 1262 1043 1326 instituit.
1078 1263 1143 1328 Est

160 1377 268 1433 autem
302 1366 456 1454 oppidum
489 1376 522 1431 et
554 1365 614 1430 loci
647 1374 764 1430 natura
793 1375 826 1429 et
854 1363 932 1429 colle
967 1368 1139 1430 munitum.

60 1538 63 1543 ,
139 1470 226 1547 38θά
255 1471 401 1535 celeriter
430 1474 517 1534 cives
539 1471 676 1534 Romani
691 1468 819 1552 ligneis
849 1469 971 1531 effectis
994 1468 1141 1534 turribus

160 1576 209 1638 his
232 1597 302 1640 sese
324 1577 510 1640 munierunt
538 1583 584 1654 et,
615 1595 689 1637 cum
717 1582 824 1636 essent
852 1572 969 1636 infirmi
997 1571 1041 1636 ad
1063 1575 1141 1636 resi·

161 1677 311 1742 stendum
340 1687 471 1764 propter
499 1680 694 1762 paucitatem
722 1676 889 1741 hominum
917 1675 1039 1739 crebris
1066 1697 1140 1740 con-

161 1781 237 1844 fecti
251 1780 449 1863 vulneribus,
473 1779 515 1844 ad
531 1789 714 1844 extremum
728 1779 883 1844 auxilium
899 1777 1142 1862 descenderunt

162 1904 336 1967 servosque
364 1905 473 1947 omnes
499 1881 638 1969 puberes
667 1882 886 1949 liberaverunt
908 1893 941 1947 et
962 1886 1142 1968 praesectis

140 1989 305 2061 4omnium
319 1985 489 2050 mulierum
511 1985 652 2050 crinibus
668 1995 828 2050 tormenta
843 1987 1028 2051 effecerunt.
1054 1986 1141 2068 Quo·

163 2113 234 2156 rum
268 2092 396 2177 cognita
429 2092 588 2155 sententia
616 2091 772 2156 Octavius
806 2092 910 2174 quinis
944 2094 1058 2156 castris
1086 2113 1142 2178 op-

163 2194 275 2281 pidum
297 2193 509 2259 circumdedit
536 2204 634 2279 atque
664 2216 728 2258 uno
750 2204 895 2280 tempore
919 2192 1085 2259 obsidione
1108 2205 1143 2260 et

140 2297 455 2386 soppugnationibus
493 2318 548 2362 eos
587 2319 735 2382 premere
769 2299 882 2383 coepit.
936 2295 987 2362 Illi
1032 2301 1142 2365 omnia

162 2405 288 2491 perpeti
310 2404 414 2488 parati
436 2403 579 2466 maxime
602 2424 622 2464 a
642 2422 679 2464 re
702 2401 914 2467 frumentaria
935 2400 1140 2468 laborabant

111 2560 113 2566 .
163 2508 274 2589 Quare
302 2508 406 2569 missis
434 2503 476 2568 ad
499 2501 674 2568 Caesarem
702 2503 816 2588 legatis
844 2503 1001 2569 auxilium
1028 2504 1072 2570 ab
1102 2527 1141 2571 eo

161 2609 330 2695 petebant3
365 2607 504 2693 reliqua,
535 2617 572 2671 ut
598 2616 763 2693 poterant,
796 2606 1002 2674 incommoda
1023 2630 1082 2695 per
1105 2630 1141 2675 se

140 2712 374 2786 ssustinebant.
403 2713 448 2776 ldt
469 2711 563 2795 longo
586 2712 774 2796 interposito
796 2712 899 2796 spatio
922 2732 997 2777 cnm
1018 2711 1142 2777 diutim-

162 2819 245 2879 nitas
274 2817 520 2901 oppugnationis
553 2813 808 2898 neglegentiores
838 2815 1033 2881 Octavianos
1067 2815 1142 2881 effe-

165 2921 268 3001 cisset,
292 2920 378 2981 nacti
396 2921 601 2982 occasionem
628 2917 798 2983 meridiani
820 2919 973 3004 temporis
995 2917 1143 2985 discessu

165 3042 277 3085 eorum
299 3022 407 3105 pueris
429 3021 681 3107 mulieribusque
709 3024 743 3086 in
769 3043 863 3087 muro
886 3021 1064 3108 dispositis,
1098 3045 1142 3087 ne

166 3127 243 3214 quid
283 3128 463 3193 cotidianae
501 3129 741 3194 consuetudinis
780 3127 1038 3211 desideraretur,
1079 3128 1142 3212 ipsi

163 3255 263 3297 manu
277 3232 364 3296 facta
379 3254 453 3296 cum
468 3235 515 3316 iis,
540 3254 620 3318 quos
635 3256 739 3320 nuper
753 3236 895 3298 maxime
910 3232 1141 3313 liberaverant,

143 3342 196 3406 rin
218 3340 367 3426 proxima
383 3338 511 3403 Octavii
527 3347 633 3401 castra
648 3341 841 3424 irruperunt.
869 3337 930 3402 His
945 3337 1143 3423 expugnatis

164 3443 278 3508 eodem
311 3446 433 3529 impetu
466 3441 568 3506 altera
601 3451 676 3507 sunt
709 3441 830 3525 adorti,
866 3438 942 3507 inde
974 3440 1072 3505 tertia
1108 3448 1144 3505 et

164 3561 281 3637 quarta
309 3559 343 3615 et
370 3550 522 3638 deinceps
554 3546 679 3633 reliqua
707 3543 864 3613 omnibus*
1132 3562 1144 3607 r
