2376 3924
95 239 171 288 XXII
395 236 606 287 ADNOTATIO
627 235 771 286 CRITICA

96 431 123 476 et
140 426 277 491 plerisque
298 426 497 476 recentioribus
516 427 664 476 editoribus
683 426 846 477 deteriorum
870 427 994 478 codicum
1017 427 1073 478 lec·

94 513 194 562 tionem
219 512 318 576 recepi.
340 511 391 562 illa
408 511 551 563 meliorum
573 512 706 562 librorum
724 513 809 563 verba
827 513 891 562 ferri
909 519 1029 579 possent,
1049 516 1073 564 si

95 613 135 648 ae
158 613 206 663 pro
229 612 312 649 aeae
339 598 513 648 scriberetur:
593 597 747 664 obsecrant,
766 601 800 650 at
818 612 839 650 s.
859 596 881 663 s.
899 598 1073 666 consulat,

95 698 134 735 ae
152 682 187 735 ab
205 681 331 735 hostibus
350 681 594 750 diripiantur.

200 785 222 818 c.
237 769 277 830 10,
292 773 319 820 1:
338 767 412 835 qaod
429 767 539 821 attilam
553 768 651 822 amicis
664 769 695 821 ia
708 784 738 822 ea
747 769 925 837 praesidium
943 768 1074 823 cidere-

96 860 155 907 tttr
181 852 309 921 positam
340 852 421 923 esse]
448 855 564 916 Krener,
590 854 702 918 Holder,
729 855 909 907 Dob.·Dinter
935 855 1076 911 videret

96 943 275 1006 seripserunt3
295 939 420 1002 equidem
433 936 626 1002 videretur,
640 939 712 1005 quod
724 941 753 989 in
765 940 851 1006 Bong.
866 941 984 1006 aliisque
997 942 1075 992 libris

97 1031 191 1089 exstat,
210 1041 242 1076 eo
263 1025 351 1090 magis
374 1023 545 1074 retinendum
570 1039 629 1076 esse
653 1025 725 1088 duxi,
750 1026 822 1092 quod
846 1026 928 1076 dictio
951 1025 1076 1080 Galliam

96 1111 201 1164 vidisse
219 1111 302 1177 paulo
320 1110 480 1161 insolentior
496 1112 612 1162 videtur.

199 1214 221 1248 c.
237 1200 277 1259 11,
289 1198 319 1246 3:
339 1211 372 1249 aa
390 1196 438 1263 qai
456 1195 608 1262 commoret,
623 1195 832 1250 arrabonem
850 1196 972 1266 lepatam
990 1197 1076 1251 relm-

96 1282 165 1350 pait.
182 1283 250 1349 Ipse
260 1280 309 1351 [at
321 1282 539 1350 quamprimum
551 1281 606 1335 iter
619 1281 746 1352 faceret]
760 1282 905 1336 Ganaba-m
918 1283 1076 1338 Garamam

92 1367 309 1438 proficiscitur]
329 1385 389 1420 cum
408 1369 489 1434 plane
507 1370 599 1434 inepte
617 1369 718 1419 dictum
732 1371 774 1431 sit,
788 1369 933 1422 Caesarem
945 1375 979 1423 at
992 1385 1077 1438 qaam

92 1455 217 1523 primam
244 1454 298 1506 iter
324 1452 445 1520 faceret,
475 1451 620 1505 Geaabam
646 1468 705 1506 esse
730 1454 903 1521 profectam,
930 1455 959 1504 in
985 1456 1076 1520 priore

96 1541 215 1591 editione
233 1540 317 1590 rerba
333 1543 367 1592 at
386 1537 609 1605 quamprimum
627 1538 682 1590 iter
700 1538 807 1603 faceret
824 1545 887 1590 ente
900 1555 933 1592 ea
945 1540 995 1607 qai
1013 1555 1076 1594 σοπ-

94 1626 188 1692 ficeret
204 1627 291 1692 posui.
310 1625 417 1676 Vahlen
435 1625 557 1690 (Ephem.
578 1624 676 1690 Gymn.
695 1633 777 1676 austr.
795 1626 848 1676 XII
865 1643 891 1691 p.
905 1629 941 1691 2),
959 1643 1077 1692 quocum

95 1714 260 1764 recentiores
278 1712 402 1762 focerunt
418 1712 544 1776 editores,
562 1711 690 1761 traditum
708 1713 852 1762 verborum
871 1714 993 1763 ordinem
1011 1713 1078 1764 ferri

96 1814 177 1863 posse
205 1799 323 1860 censuit,
356 1797 500 1848 dummodo
531 1801 636 1848 mutata
662 1799 880 1863 interpunctione
907 1798 998 1850 finalis
1025 1800 1078 1852 illa

96 1885 231 1934 sententia
259 1901 319 1934 oum
345 1884 523 1934 antecedente
547 1885 687 1934 enuntiato
715 1885 933 1950 coniungeretur.
963 1890 992 1935 at
1014 1869 1077 1937 cum

95 1971 149 2020 iam
174 1971 240 2020 mire
269 1969 432 2020 collocatum
458 1970 585 2021 rideatur
610 1986 759 2036 pronomen
785 1969 853 2036 ipse,
882 1973 963 2021 etiam
988 1973 1078 2039 magis

95 2056 230 2121 displicet,
254 2055 326 2120 quod
350 2055 402 2106 hoc
424 2058 582 2122 pronomine
607 2056 777 2106 antecedenti
800 2059 950 2108 sententiae
972 2059 1077 2110 inserto

94 2145 148 2194 iam
168 2143 251 2204 deest,
271 2157 323 2207 quo
342 2147 405 2206 apte
424 2143 566 2206 sequentia
581 2139 726 2194 amatam
739 2140 766 2195 0.
782 2141 978 2208 proficiscitur
996 2159 1077 2210 supe·

95 2230 211 2280 rioribus
230 2232 408 2294 opponantur.
433 2243 494 2279 cum
512 2244 577 2279 vero
600 2230 688 2294 ipsum
713 2227 782 2278 illud
800 2232 833 2279 at
851 2228 1078 2295 quamprimum

95 2315 149 2367 iter
168 2314 275 2380 faceret
292 2330 347 2363 non
366 2315 418 2364 nisi
435 2314 465 2363 id
477 2321 600 2380 spectare
613 2314 745 2377 videatur,
764 2320 795 2363 ut
808 2312 874 2364 licet
886 2319 929 2364 sat
941 2315 1078 2379 superflue

96 2403 254 2467 explicetur,
273 2417 322 2451 cur
341 2401 442 2451 Caesar
458 2401 632 2467 Trebonium,
651 2402 699 2466 qui
711 2416 744 2450 ea
756 2400 908 2463 conficeret,
926 2401 1078 2466 reliquerit,

95 2489 179 2538 verba
196 2487 245 2536 illa
263 2492 293 2536 ut
311 2503 345 2535 ex
362 2487 601 2551 interpretamento
621 2492 680 2537 orte
697 2487 752 2536 iam
769 2487 847 2536 uncis
866 2485 1042 2538 circumdedi.

144 2583 145 2587 ’
198 2588 221 2623 c.
236 2573 276 2635 14,
295 2573 323 2620 b:
342 2571 392 2624 ltoc
410 2572 505 2639 spatio
523 2571 648 2641 obvia]
667 2573 772 2622 eiciam
792 2573 888 2637 scripsi
900 2587 948 2638 pro
961 2586 981 2622 a
992 2570 1079 2640 Boia,

95 2659 167 2725 quod
184 2659 249 2709 libri
266 2658 377 2720 babent,
397 2664 424 2709 et
437 2675 515 2724 spero
534 2659 585 2709 hoc
598 2658 678 2709 modo
692 2664 718 2708 et
731 2660 823 2708 sensui
842 2659 942 2723 optime
959 2659 1077 2724 consuli,

95 2762 155 2794 cum
175 2746 230 2794 iam
248 2744 401 2794 accuratius
426 2743 589 2795 definiantur
612 2745 667 2794 vici
691 2749 770 2808 atque
793 2743 927 2804 aedificia,
946 2758 1016 2808 quae
1034 2745 1077 2795 in-

96 2831 175 2881 cendi
194 2837 324 2896 oporteat,
345 2837 371 2881 et
388 2832 458 2882 mira
475 2831 527 2880 illa
543 2830 676 2881 librorum
695 2831 776 2880 lectio
795 2846 813 2881 a
830 2829 906 2882 Boia
924 2829 997 2880 unde
1016 2835 1078 2883 orta

97 2919 131 2966 sit
153 2920 208 2966 iam
231 2918 340 2981 aperiri.
373 2933 434 2967 eum
458 2919 530 2967 enim
558 2917 704 2968 coaluisset
730 2917 852 2967 litterula
874 2913 991 2984 affinia]
1014 2932 1078 2968 cum

95 3003 170 3052 finali
189 3017 204 3054 o
223 3003 409 3054 antecedentis
427 3003 555 3054 vocabuli
573 3003 676 3070 spatia,
697 3019 766 3069 quae
791 3004 947 3055 restiterunt
967 3001 1077 3054 litterae

96 3089 181 3138 BVIA
199 3090 227 3138 in
245 3089 333 3140 BOIA
351 3100 488 3143 correctae
506 3095 570 3139 sunt
592 3091 741 3155 praemissa
764 3089 973 3140 constructionis
992 3103 1078 3141 causa

96 3176 295 3239 praepositione
315 3191 340 3226 a.
367 3177 452 3240 probe
476 3176 584 3241 quidem
609 3178 664 3228 scio
689 3176 853 3227 adiectivum
880 3174 977 3227 obvias
1002 3175 1077 3242 apud

97 3259 242 3310 Caesarem
270 3276 403 3327 nusquam
432 3269 547 3325 exstare,
573 3262 620 3312 sed
648 3277 713 3312 casu
735 3261 764 3310 id
790 3262 891 3311 factum
916 3276 976 3311 esse
1000 3266 1076 3327 puto,

97 3346 167 3410 quod
185 3346 261 3395 nullo
281 3347 335 3397 alio
354 3347 413 3397 loco
433 3349 459 3397 ei
477 3347 510 3396 de
534 3346 637 3399 rebus
661 3345 778 3399 obuiis
804 3348 892 3412 iisque
910 3361 960 3396 sue
978 3351 1077 3397 natare

96 3432 213 3480 immotis
231 3432 393 3482 monendum
414 3439 478 3493 erat,
498 3449 604 3498 semper
622 3433 700 3482 modo
714 3433 748 3482 de
766 3433 919 3482 bominibus
939 3431 1079 3486 obviam
1099 3446 1106 3461 ’

96 3514 215 3580 factis.
243 3515 335 3569 obvios
354 3521 459 3570 mantes
478 3518 563 3568 habes
581 3518 654 3583 apud
672 3519 804 3584 Nepotem
822 3518 901 3569 Eum.
919 3517 945 3581 9,
963 3520 989 3568 8.
