2376 3924
218 164 219 168 Ἰ
273 206 322 256 ΑΙ)
342 206 441 258 ctus.
459 207 563 257 BELL.
584 206 689 258 GALL.
708 209 740 270 V,
761 209 881 259 11-25.
1020 209 1070 259 XV

86 395 179 457 lectio,
199 410 281 460 quam
304 394 411 445 codices
435 396 469 446 ab
491 395 612 446 Holdero
636 412 685 461 per
702 395 719 463 β
737 398 824 447 notati
847 398 983 462 exhibent,
1007 402 1070 451 aut

85 495 168 534 aere
186 484 248 532 aut
264 494 400 533 nummo
418 495 532 546 ueue03
550 482 615 533 inde
627 483 741 547 iamper
753 489 933 534 correcturum
947 484 1069 536 effectam

87 583 149 618 esse
167 568 312 618 lectionem
329 581 442 620 nuuttno
461 582 567 621 aureo
586 569 613 618 in
632 570 775 634 propatulo
797 574 846 620 est.

194 696 216 730 c.
237 681 278 745 16,
296 683 326 730 3:
353 679 489 746 equestris
513 685 607 734 autent
628 681 731 748 proelii
754 680 830 734 ratio
855 686 882 734 et
908 681 1069 736 cedentibus

86 764 118 818 il
129 763 181 817 lis
199 769 226 817 et
244 765 454 832 insequentibus
469 780 528 833 per
546 770 630 833 atque
647 765 722 820 idem
730 765 890 834 periculum
907 766 1070 838 inferebat]

88 868 151 904 curn
171 852 196 919 ξ.
215 854 231 902 2
251 853 353 903 dictum
372 855 414 914 sit,
433 851 505 913 illos,
525 868 562 903 sc.
580 854 734 916 Britannos,
758 853 844 907 etium
868 853 996 907 consulto
1013 853 1071 922 ple-

86 953 206 1005 rumque
223 937 326 1001 cedere,
344 939 489 1004 partieipia
507 937 667 991 sedentibus
687 944 714 989 et
731 937 941 1007 uiaequentibus
960 940 994 991 ad
1012 941 1070 991 Bri-

88 1031 187 1076 tannos
199 1023 335 1090 pertinere
354 1029 430 1074 ratus
448 1021 526 1076 illis
539 1026 650 1075 inserui.
669 1025 767 1076 Tittler
778 1024 859 1093 (Ann.
872 1025 937 1092 phil.
951 1027 1071 1090 LXXXI,

88 1128 115 1178 p.
134 1110 198 1178 506)
216 1115 301 1161 totam
320 1112 482 1160 sententiam
502 1110 637 1176 glossema
656 1126 715 1161 esse
734 1113 847 1163 censuit.

194 1239 217 1273 o.
237 1223 277 1284 19,
296 1224 326 1272 2:
346 1220 473 1274 onunbus
491 1220 545 1274 uiis
563 1221 674 1274 uotis
693 1222 869 1293 sentitisquefl
893 1230 924 1274 ut
940 1226 1070 1290 inpriore

87 1309 210 1360 editione
229 1307 306 1361 erotis
326 1325 386 1358 cum
407 1307 572 1359 Schneidero
595 1323 629 1358 ex
647 1309 827 1360 deterioribus
846 1311 985 1361 codicibus
1004 1313 1071 1362 reei-

88 1394 221 1461 piendum
249 1410 309 1445 esse
336 1395 409 1455 duxi,
438 1394 509 1460 quod
535 1410 566 1445 eo
594 1397 692 1446 omisso
720 1395 802 1461 plane
830 1398 921 1462 inepte
940 1403 1072 1462 narratur,

88 1480 193 1530 nullam
212 1481 286 1530 viam
304 1482 481 1546 semitamque
501 1481 591 1544 fuisse,
612 1497 665 1545 qua
684 1498 738 1532 non
758 1481 981 1534 Cassivellaunus
1000 1499 1071 1534 esse-

89 1566 182 1617 darios
210 1582 242 1616 ex
270 1567 347 1616 silvis
374 1567 502 1620 emiserit.
529 1567 657 1618 ablativis
683 1569 739 1620 illis
767 1568 894 1621 obtutibus
917 1567 971 1621 tiis
995 1568 1072 1621 uotis

86 1650 251 1717 semitisque
270 1667 380 1701 causam
399 1651 523 1714 indicari,
543 1669 591 1703 cur
610 1653 810 1705 Cassivellauni
834 1654 957 1705 condicio
976 1655 1073 1705 melior

89 1738 175 1788 fuerit
192 1737 385 1802 Romanorum,
405 1743 432 1788 et
455 1739 526 1789 unde
550 1740 651 1791 factum
675 1743 718 1802 sit,
742 1747 773 1791 ut
792 1757 824 1791 ex
843 1743 981 1806 inopinato
1001 1757 1071 1792 esse-

88 1823 161 1874 darii
181 1839 214 1873 ex
232 1821 308 1873 silvis
328 1825 508 1889 proruperint,
527 1830 600 1876 recte
619 1827 724 1877 monuit
743 1825 899 1880 Schneider.

195 1951 217 1984 c.
237 1934 279 1995 25,
299 1937 329 1984 3:
362 1934 477 1988 tertium
495 1935 553 1990 iurn
570 1936 644 1989 burte
662 1952 770 1990 artuum·
781 1941 944 2007 nequeuntem
955 1935 1072 2003 inintiei,

87 2018 195 2073 etium
214 2019 310 2072 uiuitis
325 2020 425 2089 palum
443 2036 477 2074 eu
495 2022 609 2076 ciuitate
627 2023 801 2091 auctoribus,
827 2022 908 2092 [eunt]
928 2020 1073 2086 interfece-

87 2103 178 2174 runt]
203 2107 242 2156 sic
261 2108 433 2157 scribendum
457 2125 517 2159 esse
542 2109 615 2170 duri,
640 2126 700 2160 cum
719 2111 748 2160 in
772 2110 849 2163 codd.
870 2110 987 2159 lectione
1006 2108 1073 2160 iui-

88 2191 172 2246 mici
178 2207 192 2244 s
211 2191 280 2245 tons
299 2192 395 2246 inultis
416 2193 516 2261 pulani
538 2210 573 2247 en
591 2193 705 2248 ciuitate
728 2199 755 2247 et
772 2194 810 2248 iis
829 2194 993 2248 auctoribus
1012 2211 1073 2247 eum

88 2278 188 2344 interf.
209 2294 290 2345 aegre
314 2281 393 2344 feras,
419 2281 491 2346 quod
515 2282 668 2332 subiectum
691 2281 769 2346 desit,
794 2283 929 2332 obiectum
948 2297 1012 2331 vero
1030 2281 1073 2330 bis

90 2367 127 2415 sit
143 2366 271 2431 positum.
288 2394 324 2404 —
341 2368 378 2416 ib.
397 2366 422 2433 9.
435 2367 465 2416 5:
483 2365 597 2419 interint
616 2366 651 2419 ub
668 2365 796 2419 oneribus
815 2365 915 2436 lequtis
934 2365 1073 2432 quibus-

93 2464 152 2516 que
171 2449 290 2519 leqiones
304 2450 485 2520 tradiderutll
510 2454 611 2504 retinui
629 2451 839 2519 quibusque,
858 2453 930 2518 quod
942 2453 971 2501 in
984 2454 1072 2518 priore

93 2535 211 2587 editione
230 2553 278 2602 pro
298 2536 548 2604 quaestoribusque
570 2535 670 2604 quibus
690 2538 863 2588 scribendum
882 2553 942 2588 esse
961 2539 1074 2588 conieci.

91 2622 185 2689 inepte
203 2623 248 2672 hic
268 2623 301 2674 de
320 2625 511 2689 quaestoribus
530 2625 695 2674 mentionem
712 2622 778 2687 fieri,
804 2640 865 2674 cum
884 2625 949 2674 satis
969 2628 1075 2674 constet

89 2709 119 2758 in
138 2708 254 2774 singulis
273 2711 422 2774 provinciis
435 2709 558 2775 singulos
569 2709 654 2760 fuisse
667 2715 832 2774 quaestores,
848 2709 984 2761 neminem
996 2710 1074 2774 fugit.

91 2801 258 2859 quapropter
282 2794 445 2845 ciacconius
474 2794 607 2860 singulari
634 2810 745 2845 numero
770 2799 969 2861 quaestoreque
992 2795 1074 2846 scribi

88 2881 177 2943 iussit,
195 2879 277 2945 idque
291 2887 318 2930 et
327 2880 455 2946 Nipperd.
475 2886 502 2931 et
519 2882 568 2931 alii
587 2881 715 2946 deinceps
735 2882 853 2946 amplexi
867 2887 929 2931 sunt
948 2881 1074 2932 editores.

91 2965 141 3016 sed
159 2981 254 3031 parum
273 2965 422 3016 verisimile
447 2971 495 3030 est,
519 2982 593 3017 mero
618 2982 708 3017 errore
732 2967 901 3032 singularem
925 2967 1001 3017 vocis
1026 2983 1074 3016 nu·
1122 3004 1124 3011 t

90 3067 194 3101 merum
212 3052 241 3100 in
269 3050 401 3115 pluralem
420 3052 531 3114 abiisse,
558 3053 649 3118 potius
671 3051 717 3101 hic
744 3053 816 3103 idem
839 3053 973 3104 accidisse
1000 3058 1074 3117 puto,

90 3135 164 3201 quod
182 3137 253 3187 infra
272 3152 295 3185 o.
314 3135 356 3199 53,
375 3137 512 3188 tinctum
531 3139 618 3188 estin
638 3137 730 3187 verbis
749 3137 784 3190 ub
803 3137 837 3189 L.
857 3136 960 3192 Roscio
979 3153 1075 3205 quae-

91 3225 200 3289 store,
229 3238 307 3289 quens
320 3222 557 3292 ...praefecerat
583 3226 632 3275 ubi
659 3225 817 3290 quaestoris
845 3225 1017 3288 vocabulum,
1045 3231 1075 3276 ut

91 3314 166 3360 recte
194 3311 300 3359 monuit
327 3308 460 3370 Oudend,
489 3327 522 3361 ex
550 3309 709 3375 compendio
740 3313 878 3377 sequentis
905 3312 1074 3377 pronominis

93 3393 203 3444 relativi
227 3411 276 3460 per
300 3410 416 3446 errorem
441 3398 556 3462 repetito
585 3401 694 3447 enatum
717 3404 766 3448 est.
799 3399 892 3463 itaque
921 3398 1074 3462 suspicatus

92 3503 152 3538 sum
171 3489 422 3558 quaestoribusque
434 3507 468 3542 ex
481 3491 641 3558 compendio
660 3465 738 3560 qb’q3
757 3497 843 3542 ortum
857 3507 924 3552 esse,
938 3507 991 3556 quc
1003 3491 1075 3542 iacto
