2376 3924
127 217 169 282 24
435 219 486 271 ΒΕ
504 219 624 272 BELLO
644 218 804 273 estmoe

104 418 304 494 apropterea
327 409 416 494 quod
436 408 576 495 reliquis
598 419 713 476 tamen
728 412 830 496 fugae
845 411 991 477 facultas
1009 412 1105 478 dare*

125 522 190 597 tur,
210 511 375 598 Sequanis
391 535 482 597 vero,
506 515 562 598 qui
586 515 675 581 intra
691 515 774 580 fines
800 536 877 580 suos
894 513 1105 585 Ariovistum

125 619 341 704 recepissent,
366 640 506 703 quorum
527 618 650 704 oppida
666 621 779 685 omnia
794 621 829 684 in
844 628 1014 706 potestate
1031 620 1103 686 eius

125 730 248 806 essent,
272 744 385 787 omnes
410 725 581 795 cruciatus
604 732 718 789 essent
739 722 942 808 perferendi.

209 825 260 889 33.
283 826 347 891 His
364 826 464 893 rebus
477 829 624 911 cognitis
638 825 765 892 Caesar
777 825 954 893 Gallorum
970 828 1102 894 animos

122 929 235 995 verbis
265 931 477 998 confirmavit
498 931 736 1017 pollicitusque
760 942 810 998 est
839 932 903 997 sibi
935 954 1009 997 eam
1031 956 1103 999 rem

121 1056 222 1099 curae
244 1034 407 1100 futuram:
430 1055 590 1119 magnam
613 1057 649 1099 se
672 1033 796 1101 habere
821 1057 923 1121 spem,
949 1045 982 1100 et
1001 1035 1101 1102 bene·

121 1139 197 1203 ficio
222 1161 280 1203 suo
305 1147 337 1204 et
361 1139 566 1205 auctoritate
581 1137 766 1205 adductum
778 1138 987 1206 Ariovistum
1001 1142 1101 1208 finem

99 1243 253 1311 ainiuriis
280 1242 459 1307 facturum.
502 1242 578 1307 Hac
602 1244 755 1308 oratione
776 1242 894 1309 habita
918 1243 1099 1310 concilium

122 1346 259 1411 dimisit.
283 1346 327 1410 Et
344 1345 529 1411 seeundum
545 1368 584 1412 ea
600 1347 726 1413 multae
742 1370 794 1413 res
818 1369 893 1412 eum
915 1345 1100 1413 hortaban-

120 1459 185 1530 tur,
208 1472 312 1535 quare
336 1449 402 1514 sibi
426 1472 499 1515 eam
521 1472 592 1515 rem
615 1450 834 1535 cogitandam
858 1460 892 1517 et
915 1452 1099 1537 suscipien-

121 1554 199 1619 dam
220 1563 366 1640 putaret,
391 1555 564 1639 imprimis,
589 1553 677 1640 quod
701 1553 849 1639 Aeduos,
872 1554 996 1620 fratres
1021 1576 1098 1620 oon-

105 1659 389 1742 ·sanguineosque
409 1678 649 1742 saepenumero
666 1679 686 1722 a
702 1666 824 1723 senatu
840 1655 1039 1743 appellatos,
1063 1659 1099 1723 in

119 1763 283 1826 servitute
317 1769 418 1845 atque
447 1760 482 1823 in
517 1758 650 1824 dicione
683 1758 824 1825 videbat
854 1757 1100 1827 Germanorum

118 1866 225 1930 teneri
250 1886 428 1950 eorumque
451 1863 587 1929 obsides
612 1885 686 1929 esse
709 1862 800 1950 apud
823 1862 1033 1930 Ariovistum
1058 1887 1099 1930 ac

118 1967 291 2053 Sequanos
308 1967 545 2052 intellegebat3
561 1966 650 2053 quod
665 1969 700 2032 in
715 1977 811 2033 tanto
828 1969 967 2054 imperio
982 1967 1098 2054 populi

116 2073 258 2137 Romani
281 2072 511 2158 turpissimum
534 2071 600 2136 sibi
616 2082 649 2138 et
665 2073 713 2137 rei
729 2071 887 2158 publicae
911 2094 985 2137 esse
1008 2071 1098 2138 arbi-

95 2175 283 2243 strabatur.
331 2175 502 2260 Paulatim
525 2185 637 2242 autem
663 2174 850 2242 Germanos
874 2198 1098 2246 consuescere

115 2280 267 2346 Rhenum
300 2282 447 2345 transire
481 2289 514 2345 et
549 2282 584 2345 in
613 2278 762 2346 Galliam
790 2300 949 2364 magnam
984 2301 1098 2346 eorum

115 2384 364 2449 multitudinem
392 2386 508 2449 venire
539 2384 660 2471 populo
689 2384 841 2449 Romano
870 2383 1098 2471 periculosum

93 2487 264 2565 rvidebat,
287 2511 395 2577 neque
419 2488 482 2554 sibi
498 2488 650 2555 homines
666 2489 755 2554 feros
772 2510 813 2553 ac
828 2487 994 2555 barbaros
1011 2498 1094 2554 tem·

113 2602 290 2677 paraturos
315 2592 549 2676 existimabat,
573 2593 668 2678 quin,
692 2613 768 2657 cum
792 2613 922 2657 omnem
946 2591 1097 2658 Galliam

115 2698 383 2781 occupavissent,
402 2705 439 2762 ut
455 2706 535 2762 ante
552 2694 680 2761 Cimbri
696 2695 907 2782 Teutonique
923 2696 1096 2782 fecissent,

115 2802 149 2863 in
165 2800 375 2884 provinciam
391 2802 523 2866 exirent
540 2809 642 2885 atque
657 2798 737 2865 inde
753 2802 788 2865 in
804 2798 942 2865 Italiam
957 2809 1095 2866 conten·

115 2905 243 2986 derent,
258 2905 457 2988 praesertim
469 2926 544 2969 cum
558 2901 731 2988 Sequanos
748 2926 768 2968 a
783 2905 960 2989 provincia
976 2914 1095 2972 nostra

113 3006 296 3071 Rhodanus
314 3006 497 3091 divideret3
521 3005 642 3094 quibus
667 3006 767 3073 rebus
784 3029 883 3094 quam
898 3009 1096 3075 maturrime

92 3110 358 3176 reccurrendum
373 3111 526 3196 putabat.
549 3112 627 3196 Ipse
643 3121 757 3178 autem
768 3111 961 3179 Ariovistus
977 3120 1094 3180 tantos

114 3213 178 3278 sibi
196 3215 344 3299 spiritus,
368 3224 499 3281 tantam
516 3216 748 3299 arrogantiam
765 3225 964 3301 sumpserat,
987 3224 1024 3281 ut
1046 3216 1093 3282 fe·

112 3317 235 3382 rendus
258 3342 324 3383 non
347 3318 527 3384 videretur.

197 3419 248 3484 34.
284 3421 510 3504 Quamobrem
532 3421 661 3508 placuit
685 3424 731 3506 ei,
754 3431 792 3487 ut
815 3423 860 3489 ad
882 3421 1094 3501 Ariovistum

103 3529 233 3608 legatos
255 3529 415 3611 mitteret,
439 3527 495 3613 qui
512 3526 555 3592 ab
573 3549 611 3592 eo
627 3525 850 3613 postularent,
873 3528 923 3593 uti
946 3527 1096 3623 aliquem
