2376 3924
405 234 516 283 marm
534 233 569 294 Il,
589 233 665 284 OAP.
683 234 793 284 41-44.
1047 235 1088 298 89

111 426 264 508 perpauci
293 445 327 487 se
356 421 531 509 recipiunt}
561 423 618 487 sed
646 425 682 505 ii,
713 445 793 508 quos
816 424 858 487 ad
881 425 1089 487 novissimum

111 547 228 610 agmen
256 527 412 611 equorum
434 525 683 590 reficiendorum
712 548 811 590 causa
837 525 1014 591 substitisse
1038 525 1089 590 de-

111 642 326 696 monstratum
342 639 399 712 est,
423 630 501 712 fuga
517 632 614 693 totius
631 632 793 693 exercitus
816 629 927 714 procul
949 629 1090 693 animad-

111 756 205 798 versa
228 757 297 799 sese
320 734 495 798 incolumes
518 736 550 797 in
574 744 681 798 eastra
704 734 881 798 conferunt.
915 733 1033 797 Milites
1049 732 1091 796 ad

112 860 212 901 unum
237 860 347 902 omnes
370 838 616 901 interficiuntur.

197 942 248 1006 43.
283 941 344 1006 His
366 940 465 1005 rebus
489 943 624 1024 cognitis
647 942 790 1005 Marcius
813 941 917 1005 Rufus
941 951 1093 1025 quaestor

110 1045 143 1106 in
160 1047 273 1109 castris
289 1044 419 1109 relictus
435 1043 605 1108 aOurione
622 1044 809 1126 cohortatur
819 1066 909 1127 suos,
926 1064 966 1107 ne
984 1046 1091 1107 animo

111 1147 272 1212 deficiant.
311 1148 361 1212 Illi
385 1157 478 1211 orant
501 1157 598 1232 atque
623 1147 810 1231 obsecrant,
836 1150 927 1211 utin
951 1149 1093 1214 Siciliam

109 1250 246 1315 navibus
269 1261 485 1336 reportentur.
510 1249 683 1314 Pollicetur
706 1252 932 1335 magistrisque
956 1253 1093 1336 imperat

109 1358 256 1438 navium,
285 1366 322 1419 ut
351 1357 454 1439 primo
485 1376 621 1438 vespere
651 1376 760 1417 onmes
789 1353 926 1439 scaphas
954 1355 996 1418 ad
1019 1355 1092 1418 litus

111 1459 261 1541 appulsos
277 1457 429 1522 habeant.
466 1458 531 1523 Sed
548 1466 657 1522 tantus
673 1457 733 1521 fuit
756 1460 898 1521 omnium
920 1468 1034 1540 terror,
1057 1467 1115 1522 uta

110 1561 162 1623 alii
186 1562 299 1625 adesse
323 1564 430 1646 copias
446 1561 548 1625 Iubae
564 1561 718 1644 dicerent,
742 1561 794 1625 alii
818 1584 892 1625 eum
914 1562 1093 1645 legionibus

109 1667 229 1728 instare
252 1665 377 1729 Varum
400 1666 528 1749 iamque
553 1687 587 1727 se
617 1663 783 1750 pulverem
805 1667 1004 1729 venientium
1028 1688 1094 1760 cer]

109 1789 202 1849 nere,
237 1789 375 1852 quarum
408 1789 518 1830 rerum
551 1767 630 1834 nihil
666 1770 794 1832 omnino
826 1768 1005 1852 acciderat,
1041 1768 1094 1834 alil

110 1871 245 1934 classem
268 1870 406 1935 hostium
430 1871 576 1935 celeriter
600 1871 825 1937 advolaturam
842 1875 1092 1958 suspicarentur·

109 1976 224 2059 ltaque
253 1977 432 2061 perterritis
462 1975 610 2039 omnibus
640 1975 701 2040 sibi
731 1978 868 2061 quisque
897 1976 1092 2042 consulebat.

112 2080 176 2159 Qui
200 2082 232 2142 in
255 2078 356 2143 classe
381 2089 483 2162 erant,
508 2080 668 2165 proficisci
691 2079 920 2165 properabant.
965 2082 1117 2145 Horuma

112 2182 190 2264 fuga
212 2184 345 2246 navium
369 2185 590 2247 onerariarum
612 2185 784 2266 magistros
806 2183 976 2267 incitabat3
1000 2188 1094 2269 pauci

109 2284 274 2348 lenunculi
314 2284 355 2348 ad
397 2285 538 2348 officium
578 2287 812 2370 imperiumque
850 2287 1094 2352 conveniebant.

115 2387 180 2452 Sed
203 2397 295 2451 tanta
318 2398 389 2452 erat
411 2388 578 2473 completis
600 2388 746 2453 litoribus
770 2391 942 2472 eontentio,
967 2392 1021 2474 qui
1044 2412 1118 2475 por

113 2492 273 2553 tissimum
296 2514 338 2555 ex
361 2514 479 2577 magno
502 2515 636 2557 numero
660 2492 932 2576 conscenderent,
961 2503 997 2558 ut
1019 2494 1096 2558 mul-

114 2594 252 2657 titudine
276 2604 372 2679 atque
396 2618 493 2660 onere
516 2595 659 2660 nonnulli
682 2597 958 2681 deprimerentur,
981 2596 1097 2682 reliqui

110 2697 171 2759 hoe
193 2700 306 2761 timore
329 2701 460 2784 propius
484 2699 573 2763 adire
596 2700 814 2764 tardarentur.

195 2800 245 2864 44.
271 2801 398 2883 Quibus
414 2801 511 2867 rebus
528 2803 654 2886 accidit,
678 2813 714 2867 ut
733 2806 827 2889 pauci
843 2803 958 2869 milites
974 2813 1098 2889 patres-

110 2926 172 2988 que
200 2903 356 2988 familiae,
391 2908 445 2990 qui
476 2915 532 2970 aut
560 2908 665 2990 gratia
689 2916 746 2971 aut
771 2908 991 2972 misericordia
1013 2908 1097 2973 vale-

109 3018 182 3071 rent
204 3017 261 3070 aut
282 3030 383 3072 naves
412 3007 534 3072 adnare
564 3019 710 3094 possent,
744 3013 865 3096 recepti
896 3013 928 3074 in
952 3011 1092 3077 Siciliam

110 3111 284 3176 incolumes
314 3116 531 3199 pervenirent.
577 3114 732 3200 Reliquae
767 3117 878 3201 copiae
912 3119 1018 3180 missis
1052 3115 1094 3180 ad

109 3216 235 3279 Varum
265 3227 364 3280 noctu
393 3216 573 3301 legatorum
603 3240 736 3282 numero
760 3219 1001 3283 centurionibus
1025 3241 1095 3283 sese

110 3322 139 3381 ei
164 3319 369 3384 dediderunt.
401 3321 549 3401 Quarum
565 3321 746 3386 cohortium
768 3322 884 3386 milites
900 3332 1028 3407 postero
1045 3321 1120 3386 dica

111 3432 186 3486 ante
218 3423 374 3508 oppidum
402 3425 485 3489 Iuba
515 3428 719 3511 conspicatus
748 3448 841 3491 snam
869 3449 940 3491 esse
973 3425 1098 3512 praedi·

114 3548 192 3589 cans
215 3528 375 3612 praedam
390 3549 544 3613 magnam
567 3539 695 3615 partem
718 3552 832 3594 eorum
848 3529 986 3595 interfici
1001 3533 1102 3614 iussit,
