2376 3924
405 214 454 263 AD
472 213 576 263 BELL.
596 213 675 266 ΑΓΒ.
694 214 770 263 6-8.
989 212 1079 261 LXIII

101 406 134 455 de
160 406 311 457 exercenda
333 407 415 455 maris
439 404 563 455 custodia
586 420 646 454 esse
669 404 897 470 intellegendum,
925 403 989 453 inde
1014 405 1079 454 satis

101 494 234 557 aperitur,
262 493 334 557 quod
354 491 443 545 decem
462 492 605 558 longarum
623 492 734 541 navium
752 506 879 541 numerus
896 490 1012 540 ridicule
1030 491 1079 539 mi·

100 595 150 629 nor
168 584 239 628 esset
258 579 390 628 eiusmodi
410 578 532 643 negotio;
552 583 647 628 contra
665 593 758 627 earum
777 593 905 627 numerus
918 576 1077 638 sufficiebat,

99 669 130 712 ut
147 664 284 728 praesidio
304 669 395 714 essent
416 671 444 714 et
467 664 583 714 navibus
602 680 635 713 ex
659 678 749 713 errore
772 663 900 727 receptis,
928 679 980 728 quo
1003 669 1078 713 tutae

100 750 134 799 ab
153 749 277 799 hostibus
296 750 330 799 ad
350 748 495 800 Caesarem
518 749 728 815 deducerentur,
756 754 784 798 et
800 749 894 797 vacuis
917 748 974 796 illis
1001 749 1079 798 navi·

100 836 165 897 bus,
190 853 259 902 quae
279 838 314 887 ad
332 837 523 887 arcessendum
542 838 690 886 secundum
709 840 888 885 commeatum
907 836 934 883 in
954 834 1076 885 Siciliam

100 924 344 988 subsequebantur.
374 923 433 974 fieri
452 924 543 988 itaque
562 924 661 988 potuit,
682 927 713 972 ut
731 921 819 972 eidem
837 921 941 971 homini
959 922 1011 970 tria
1029 921 1078 970 illa

99 1011 209 1074 negotia
232 1010 427 1060 mandarentur
450 1015 477 1058 et
499 1015 529 1059 ut
554 1009 647 1059 eodem
670 1013 790 1074 tempore
809 1008 843 1058 ab
863 1024 894 1057 eo
914 1006 1076 1057 conficeren-

98 1100 155 1156 tur,
179 1112 216 1145 sc.
235 1102 266 1146 ut
283 1097 312 1145 in
332 1096 452 1148 Siciliam
471 1096 506 1145 ad
524 1095 715 1146 arcessendum
741 1101 918 1144 commeatum
941 1095 1077 1145 transmit-

98 1186 180 1242 teret,
204 1197 291 1232 naves
311 1198 380 1247 qnae
400 1180 571 1232 deerrassent
589 1183 773 1246 conquireret,
797 1197 870 1232 mare
888 1183 905 1231 i.
925 1197 948 1231 e,
967 1182 1077 1230 navium

98 1266 235 1330 praesidio
255 1270 458 1318 commissarum
479 1283 587 1317 cursum
606 1266 640 1317 ab
659 1267 783 1316 hostibus
800 1271 929 1318 tueretur.
960 1265 1077 1330 denique

98 1352 210 1402 Rabirio
229 1354 283 1403 ista
301 1370 360 1403 esse
379 1353 508 1403 mandata
526 1353 589 1403 inde
608 1352 771 1402 concludere
790 1352 862 1416 licet,
881 1352 952 1418 quod
971 1352 995 1401 si
1007 1351 1077 1402 allus

99 1439 196 1488 missus
224 1445 307 1500 esset,
336 1441 380 1489 cui
407 1446 514 1505 praeter
539 1455 623 1489 naves
647 1438 845 1504 conquirendas
872 1439 977 1489 nullum
1002 1440 1077 1489 aliud

99 1523 255 1575 mandatum
275 1536 346 1576 esset
364 1528 516 1591 negotium,
545 1542 598 1576 nou
617 1526 719 1576 tactum
737 1531 821 1589 esset,
846 1531 876 1575 ut
894 1543 956 1576 mox
975 1525 1078 1576 Caesar

98 1611 156 1674 ipse
175 1610 289 1661 classem
309 1612 504 1663 conscenderet
521 1628 614 1675 naves,
633 1612 666 1661 de
685 1614 782 1677 quibua
801 1611 934 1662 sollicitus
953 1617 1018 1674 erat,
1036 1612 1077 1660 in-

98 1698 280 1761 vestigaturus
299 1700 331 1760 (c.
353 1700 392 1749 10.
413 1699 465 1764 11).
495 1698 524 1747 id
542 1699 613 1748 enim
633 1714 681 1748 cur
698 1699 800 1747 factum
819 1699 861 1760 sit,
880 1699 976 1749 mirum
995 1698 1076 1764 plane

99 1797 152 1830 non
171 1789 224 1844 est,
252 1785 275 1833 si
294 1785 448 1845 Rabirium,
472 1800 534 1834 cum
552 1782 636 1834 'naves
656 1801 745 1835 errore
764 1785 895 1834 abductas
915 1785 949 1834 ad
968 1785 1075 1835 Uticam

98 1884 152 1918 non
171 1870 334 1932 invenisset,
361 1887 468 1920 cursum
486 1872 514 1920 in
536 1870 657 1920 Siciliam
675 1871 848 1921 continuasse
866 1871 995 1936 facimus;
1014 1887 1076 1921 con·

97 1959 153 2016 tra,
180 1957 203 2005 si
228 1955 311 2005 alium
336 1957 371 2006 ad
394 1955 592 2021 conquirendas
611 1972 694 2007 naves
713 1958 826 2006 missum
845 1972 904 2006 esse
923 1958 1075 2017 statuimus,

98 2040 156 2090 veri
175 2042 385 2092 dissimillimum
405 2048 458 2105 est,
482 2042 626 2093 Gaesarem
645 2047 790 2108 antequam
809 2044 832 2092 is
852 2058 977 2093 reversus
995 2048 1076 2103 esset,

98 2128 186 2192 ipsum
211 2143 294 2178 naves
319 2130 535 2194 conquisiturum
559 2128 674 2179 classem
698 2129 903 2189 conscendisse,
931 2135 978 2178 aut
1000 2131 1023 2178 si
1047 2146 1075 2179 re
1153 2189 1155 2193 ἵ

97 2212 196 2262 insecta
214 2213 262 2263 ille
281 2215 406 2277 redierat,
426 2214 496 2264 hanc
514 2231 571 2265 rem
584 2215 618 2264 ab
632 2220 742 2265 auctore
762 2216 949 2265 commentarii
967 2215 1075 2264 silentio

98 2314 157 2348 esse
184 2303 413 2364 praetermissam.
443 2303 534 2365 itaque
561 2303 659 2365 verba,
687 2301 780 2367 qualia
803 2301 881 2350 libris
904 2301 1076 2366 praebentur,

97 2387 242 2437 sanissima
260 2387 359 2451 iudico,
378 2404 466 2454 neque
485 2393 515 2437 ut
532 2388 612 2438 aliter
630 2393 745 2440 statuam
765 2387 912 2453 quidquam
928 2385 1076 2451 Nipperdei

96 2471 182 2520 verba
199 2478 321 2538 movent,
350 2490 410 2524 cum
429 2476 553 2541 ineptum
572 2491 632 2527 esse
651 2476 718 2525 dicit
744 2466 863 2524 ‘navium
881 2488 1022 2523 numerum
1041 2473 1076 2523 ad

96 2559 274 2621 posteriorem
299 2576 355 2611 rem
380 2561 473 2613 datum
499 2562 632 2612 declarari
656 2562 684 2610 in
707 2562 796 2626 priore
821 2575 850 2608 re
874 2559 951 2609 nullo
978 2560 1075 2624 posito,

98 2644 177 2707 quasi
195 2643 229 2694 ad
249 2651 427 2697 commeatum
448 2647 641 2699 arcessendum
659 2653 707 2698 aut
724 2647 814 2696 nullas
833 2662 917 2697 naves
936 2646 1077 2697 habuisset

97 2734 144 2778 aut
162 2729 245 2780 alium
263 2731 422 2782 numerum?
452 2733 536 2783 alium
555 2734 665 2783 navium
684 2748 826 2783 numerum
843 2731 878 2782 ad
896 2736 1076 2783 commeatum

97 2816 286 2866 arcessendum
305 2817 447 2869 Rabirium
470 2819 612 2882 habuisse,
639 2835 693 2870 non
716 2824 772 2869 tam
793 2820 914 2884 ineptum
936 2834 1016 2885 quam
1036 2819 1093 2870 rei¹

96 2906 308 2952 consentaneum
332 2903 455 2964 videtum
484 2906 537 2955 nisi
561 2907 634 2956 enim
658 2905 751 2957 decem
775 2907 837 2957 illas
861 2923 946 2958 naves
969 2907 1075 2972 longas,

97 3001 167 3050 quae
194 2978 239 3037 ‘ad
261 3003 336 3039 marc
359 2990 491 3041 tuendum
509 2992 543 3042 ab
562 2986 699 3043 hostibus’
727 2994 805 3044 datae
830 3001 920 3055 erant,
949 3010 1074 3045 vacuas

96 3071 228 3124 militibus
255 3073 340 3126 tuisse
366 3077 497 3140 facimus,
524 3080 617 3129 nescio
641 3079 685 3129 cui
712 3081 774 3130 usui
800 3080 916 3131 fuissent
942 3082 1075 3132 militibus

96 3159 244 3225 completae
264 3176 334 3211 novo
354 3165 519 3215 commeatui
536 3164 709 3226 devehendo,
736 3167 790 3216 nisi
812 3182 868 3216 una
886 3168 984 3217 missus
1003 3174 1075 3218 esset

96 3259 242 3295 vacuarum
262 3247 372 3298 navium
390 3264 527 3300 numerus.
545 3277 581 3290 -
598 3250 623 3317 g.
640 3253 669 3301 4:
688 3249 755 3304 baec
773 3250 817 3303 ita
835 3250 994 3319 tmperubat
1011 3252 1075 3304 uni-

95 3328 206 3396 cuique,
230 3329 274 3383 ita
288 3332 484 3400 praecipiebat
500 3334 546 3388 eti
562 3335 626 3402 {ieri
644 3341 805 3404 possent,
831 3353 872 3390 ne
897 3352 957 3389 aec
984 3336 1074 3390 locum

95 3416 241 3469 excusatio
258 3416 367 3470 ullum
390 3419 503 3474 tabem
519 3436 570 3474 aec
587 3436 695 3476 moram
713 3421 934 3493 terpioersatr'oll
961 3424 1002 3474 sic
1019 3425 1074 3474 iarn

94 3500 124 3551 in
141 3517 181 3567 pr.
200 3502 264 3553 edit.
284 3505 381 3570 scripsi
398 3521 447 3571 pro
465 3507 513 3570 iis,
539 3524 609 3575 quae
628 3507 692 3558 libri
711 3509 840 3559 exhibent
856 3508 902 3561 att
918 3507 982 3574 fieri
995 3523 1074 3577 poa·
