2376 3924
115 239 176 304 160
440 238 490 288 DE
507 239 628 289 BELLO
648 237 762 289 CIVILI

200 429 271 495 102.
296 428 417 495 Caesar
441 428 589 494 omnibus
611 429 710 494 rebus
743 429 861 495 relictis
895 451 1095 519 persequen-

113 536 192 601 dum
225 533 286 599 sibi
322 534 512 619 Pompeium
550 535 756 618 existimavit,
801 556 1025 621 quascumque
1059 538 1096 603 in

113 648 222 725 partes
244 660 279 703 se
301 659 345 702 ex
367 637 445 723 fuga
467 640 651 724 recepisset,
675 659 716 702 ne
738 659 851 704 rursus
874 640 983 725 copias
1007 660 1095 706 com·

113 764 229 828 parare
252 741 331 807 alias
354 752 386 807 et
407 740 528 807 bellum
550 763 710 806 renovare
732 751 849 827 posset,
872 751 906 807 et
920 752 1095 828 quantum·

113 868 251 931 cumque
273 847 396 909 itineris
412 847 559 931 equitatu
575 845 704 909 efficere
726 852 862 932 poterat,
887 845 1005 912 cotidie
1020 870 1095 934 pro

112 949 323 1034 gradiebatur
344 949 567 1034 legionemque
588 971 688 1014 unam
716 947 893 1015 minoribus
920 950 1096 1016 itineribus

92 1053 266 1138 asubsequi
288 1055 388 1118 iussit.
433 1053 515 1118 Erat
537 1053 678 1118 edictum
700 1052 834 1138 Pompei
861 1055 991 1119 nomine
1014 1052 1095 1120 Am·

114 1156 234 1243 phipoh
266 1158 474 1242 propositum,
509 1158 556 1220 uti
590 1177 700 1221 omnes
734 1159 802 1221 eius
836 1157 1024 1242 provinciae
1047 1160 1095 1224 iu·

114 1263 231 1342 niores,
256 1262 376 1328 Graeci
399 1263 553 1346 civesque
575 1261 722 1341 Romani,
743 1259 873 1325 iurandi
895 1280 995 1325 causa
1018 1284 1094 1328 con-

92 1371 271 1434 svenirent.
318 1365 383 1433 Sed
404 1374 514 1430 utrum
536 1365 735 1430 avertendae
769 1367 958 1450 suspicionis
992 1386 1096 1433 causa

114 1474 285 1559 Pompeius
309 1471 535 1556 proposuisset,
558 1476 595 1532 ut
617 1488 716 1553 quam
738 1467 916 1532 diutissime
939 1468 1095 1556 longioris

113 1576 210 1661 fugae
245 1573 413 1640 consilium
446 1571 631 1654 occultaret,
655 1593 697 1634 an
725 1572 818 1635 novis
852 1570 1042 1656 delectibus,
1067 1575 1095 1638 si

113 1702 207 1745 nemo
230 1686 401 1765 premeret,
439 1675 666 1741 Macedoniam
687 1684 798 1740 tenere
821 1684 1004 1762 conaretur,
1026 1678 1095 1743 exi·

92 1785 237 1848 estimari
270 1803 336 1846 non
368 1788 502 1867 poterat.
548 1779 623 1865 Ipse
657 1779 699 1844 ad
733 1801 886 1845 ancoram
908 1801 974 1844 una
996 1790 1095 1847 nocte

114 1889 263 1953 constitit
289 1893 321 1948 et
352 1886 476 1949 vocatis
507 1884 549 1949 ad
580 1905 614 1947 se
638 1882 824 1970 Amphipoli
856 1882 1038 1970 hospitibus
1061 1895 1096 1952 et

114 1992 252 2077 pecunia
274 1988 316 2053 ad
338 1989 536 2052 necessarios
566 1995 711 2073 sumptus
745 1995 924 2072 corrogata,
963 1989 1095 2073 cognito

115 2093 263 2160 Caesaris
286 2092 440 2174 adventu,
475 2113 517 2155 ex
540 2113 577 2156 eo
600 2090 669 2155 loco
692 2090 840 2155 discessit
861 2099 894 2155 et
915 2090 1094 2176 Mytilenas

92 2200 226 2284 spaucis
260 2196 374 2262 diebus
403 2197 501 2260 venit.
546 2195 689 2260 Biduum
722 2203 913 2281 tempestate
945 2202 1094 2261 retentus

114 2301 318 2386 navibusque
341 2298 410 2364 ahie
432 2298 551 2364 additis
574 2297 725 2363 actuariis
758 2299 792 2362 in
815 2296 959 2363 Ciliciam
993 2306 1094 2385 atque

92 2405 189 2470 einde
212 2404 358 2490 Cyprum
380 2403 536 2488 pervenit.
582 2399 633 2466 Ibi
656 2402 820 2486 cognoscit
846 2422 1005 2467 eonsemu
1027 2424 1094 2469 om-

113 2511 203 2574 nium
239 2506 506 2572 Antiochensium
542 2505 726 2589 civiumque
761 2504 991 2589 Romanorum,
1036 2509 1094 2593 qui

114 2612 177 2678 illic
198 2613 451 2697 negotiarentur,
486 2630 595 2674 arcem
628 2616 758 2694 captam
792 2630 862 2673 esse
895 2607 1094 2675 excludendi

115 2720 164 2783 sui
198 2739 296 2782 causa
328 2717 522 2800 nuntiosque
556 2713 703 2777 dimissos
736 2712 778 2777 ad
813 2733 877 2794 eos,
912 2713 968 2797 qui
989 2732 1025 2778 se
1049 2735 1094 2779 ex

114 2822 193 2906 fuga
215 2823 248 2884 in
270 2820 423 2883 finitimas
458 2820 605 2882 civitates
636 2819 797 2903 recepisse
820 2817 1016 2900 dicerentur,
1050 2838 1093 2883 no

115 2923 322 2988 Antiochiam
354 2922 497 2987 adirent:
532 2904 564 2985 id
588 2924 614 2986 si
636 2921 797 3004 fecissent,
830 2943 949 3007 magno
977 2942 1094 2987 eorum

91 3028 230 3113 reapitis
253 3025 394 3111 periculo
417 3027 570 3090 futurum.
597 3025 690 3090 Idem
712 3024 773 3090 hoc
795 3027 835 3091 L.
852 3023 1001 3110 Lentulo,
1035 3027 1095 3112 qui

115 3131 280 3216 superiore
314 3152 398 3194 anno
433 3128 544 3195 consul
577 3130 693 3210 fuerat,
728 3137 761 3193 et
793 3130 829 3193 P.
853 3126 993 3194 Lentulo
1017 3150 1093 3194 con·

115 3235 213 3301 sulari
236 3255 275 3298 ac
297 3231 456 3297 nonnullis
489 3230 558 3296 ahie
592 3232 756 3297 acciderat
782 3232 904 3316 Rhodi,
938 3233 1095 3318 quicum

115 3361 157 3403 ex
190 3337 268 3423 fuga
301 3337 491 3421 Pompeium
524 3344 737 3419 sequerentur
771 3344 869 3420 atque
891 3337 925 3400 in
953 3334 1095 3403 insulam

112 3444 288 3525 venissent,
323 3440 440 3527 oppido
463 3462 502 3504 ao
524 3449 620 3526 portu
642 3442 764 3525 recepti
798 3461 862 3504 non
896 3447 990 3504 erant
1016 3442 1095 3507 mis·

112 3548 221 3631 sisque
244 3545 287 3611 ad
319 3567 374 3610 eos
407 3545 537 3627 nuntiis,
571 3552 608 3609 ut
630 3565 672 3608 ex
700 3544 750 3608 his
772 3544 850 3608 locis
883 3540 1095 3613 discederent
