<?xml version="1.0" encoding="UTF-8"?>
<!DOCTYPE html PUBLIC "-//W3C//DTD XHTML 1.0 Transitional//EN"
    "http://www.w3.org/TR/xhtml1/DTD/xhtml1-transitional.dtd">
<html xmlns="http://www.w3.org/1999/xhtml" xml:lang="en" lang="en">
 <head>
  <title>
</title>
<meta http-equiv="Content-Type" content="text/html;charset=utf-8" />
  <meta name='ocr-system' content='tesseract 3.04.00' />
  <meta name='ocr-capabilities' content='ocr_page ocr_carea ocr_par ocr_line ocrx_word'/>
</head>
<body>
  <div class='ocr_page' id='page_1' title='image "./ciuliicaesarisc00hoffgoog/ciuliicaesarisc00hoffgoog_0136.png"; bbox 0 0 2376 3924; ppageno 0'>
   <div class='ocr_carea' id='block_1_1' title="bbox 380 235 1057 304">
    <p class='ocr_par' dir='ltr' id='par_1_1' title="bbox 380 235 1057 304">
     <span class='ocr_line' id='line_1_1' title="bbox 380 235 1057 304; baseline -0.007 -15"><span class='ocrx_word' id='word_1_1' title='bbox 380 235 491 289; x_wconf 76' lang='lat' dir='ltr'><strong>eman</strong></span> <span class='ocrx_word' id='word_1_2' title='bbox 508 236 573 300; x_wconf 90' lang='lat'><strong>1111,</strong></span> <span class='ocrx_word' id='word_1_3' title='bbox 594 235 670 287; x_wconf 75' lang='lat' dir='ltr'><strong>orn.</strong></span> <span class='ocrx_word' id='word_1_4' title='bbox 691 237 765 288; x_wconf 81' lang='lat'>1-4.</span> <span class='ocrx_word' id='word_1_5' title='bbox 1016 238 1057 304; x_wconf 75' lang='lat'><strong>33</strong></span> 
     </span>
    </p>
   </div>
   <div class='ocr_carea' id='block_1_2' title="bbox 77 426 1081 3528">
    <p class='ocr_par' dir='ltr' id='par_1_2' title="bbox 77 426 1080 1133">
     <span class='ocr_line' id='line_1_2' title="bbox 77 426 1080 516; baseline 0.002 -25"><span class='ocrx_word' id='word_1_6' title='bbox 77 426 250 510; x_wconf 78' lang='lat' dir='ltr'><strong>celeriter,</strong></span> <span class='ocrx_word' id='word_1_7' title='bbox 285 449 360 493; x_wconf 91' lang='lat' dir='ltr'><strong>cum</strong></span> <span class='ocrx_word' id='word_1_8' title='bbox 382 450 462 493; x_wconf 91' lang='lat' dir='ltr'><strong>usus</strong></span> <span class='ocrx_word' id='word_1_9' title='bbox 487 436 554 512; x_wconf 88' lang='lat' dir='ltr'><strong>est,</strong></span> <span class='ocrx_word' id='word_1_10' title='bbox 587 429 772 514; x_wconf 80' lang='lat' dir='ltr'><strong>recipiunt3</strong></span> <span class='ocrx_word' id='word_1_11' title='bbox 806 451 913 516; x_wconf 87' lang='lat' dir='ltr'><strong>neque</strong></span> <span class='ocrx_word' id='word_1_12' title='bbox 943 442 1080 494; x_wconf 84' lang='lat' dir='ltr'><strong>eorum⁴</strong></span> 
     </span>
     <span class='ocr_line' id='line_1_3' title="bbox 77 529 1056 617; baseline 0.002 -22"><span class='ocrx_word' id='word_1_13' title='bbox 77 529 226 597; x_wconf 88' lang='lat' dir='ltr'><strong>moribus</strong></span> <span class='ocrx_word' id='word_1_14' title='bbox 239 531 370 616; x_wconf 90' lang='lat' dir='ltr'><strong>turpius</strong></span> <span class='ocrx_word' id='word_1_15' title='bbox 377 530 555 616; x_wconf 89' lang='lat' dir='ltr'><strong>quicquam</strong></span> <span class='ocrx_word' id='word_1_16' title='bbox 568 539 627 596; x_wconf 88' lang='lat' dir='ltr'><strong>aut</strong></span> <span class='ocrx_word' id='word_1_17' title='bbox 639 530 780 596; x_wconf 90' lang='lat' dir='ltr'><strong>inertius</strong></span> <span class='ocrx_word' id='word_1_18' title='bbox 791 530 943 614; x_wconf 90' lang='lat' dir='ltr'><strong>habetur,</strong></span> <span class='ocrx_word' id='word_1_19' title='bbox 956 553 1056 617; x_wconf 89' lang='lat' dir='ltr'><strong>quam</strong></span> 
     </span>
     <span class='ocr_line' id='line_1_4' title="bbox 79 633 1079 721; baseline 0.001 -23"><span class='ocrx_word' id='word_1_20' title='bbox 79 633 243 721; x_wconf 85' lang='lat' dir='ltr'><strong>ephippiis</strong></span> <span class='ocrx_word' id='word_1_21' title='bbox 266 636 326 700; x_wconf 88' lang='lat' dir='ltr'><strong>uti.</strong></span> <span class='ocrx_word' id='word_1_22' title='bbox 364 635 483 720; x_wconf 88' lang='lat' dir='ltr'><strong>Itaque</strong></span> <span class='ocrx_word' id='word_1_23' title='bbox 506 634 551 699; x_wconf 88' lang='lat' dir='ltr'><strong>ad</strong></span> <span class='ocrx_word' id='word_1_24' title='bbox 574 636 725 720; x_wconf 80' lang='lat' dir='ltr'><strong>quemvis</strong></span> <span class='ocrx_word' id='word_1_25' title='bbox 748 657 921 700; x_wconf 89' lang='lat' dir='ltr'><strong>numerum</strong></span> <span class='ocrx_word' id='word_1_26' title='bbox 945 635 1079 721; x_wconf 81' lang='lat' dir='ltr'><strong>ephip·⁶</strong></span> 
     </span>
     <span class='ocr_line' id='line_1_5' title="bbox 78 738 1056 826; baseline 0.001 -25"><span class='ocrx_word' id='word_1_27' title='bbox 78 738 245 822; x_wconf 87' lang='lat' dir='ltr'><strong>piatorum</strong></span> <span class='ocrx_word' id='word_1_28' title='bbox 280 739 429 824; x_wconf 88' lang='lat' dir='ltr'><strong>equitum</strong></span> <span class='ocrx_word' id='word_1_29' title='bbox 466 740 620 824; x_wconf 87' lang='lat' dir='ltr'><strong>quamvis</strong></span> <span class='ocrx_word' id='word_1_30' title='bbox 654 741 753 826; x_wconf 91' lang='lat' dir='ltr'><strong>pauci</strong></span> <span class='ocrx_word' id='word_1_31' title='bbox 789 740 883 805; x_wconf 90' lang='lat' dir='ltr'><strong>adire</strong></span> <span class='ocrx_word' id='word_1_32' title='bbox 918 739 1056 804; x_wconf 87' lang='lat' dir='ltr'><strong>audent.</strong></span> 
     </span>
     <span class='ocr_line' id='line_1_6' title="bbox 78 840 1079 929; baseline 0.002 -23"><span class='ocrx_word' id='word_1_33' title='bbox 78 840 201 906; x_wconf 89' lang='lat' dir='ltr'><strong>Vinum</strong></span> <span class='ocrx_word' id='word_1_34' title='bbox 225 841 270 907; x_wconf 87' lang='lat' dir='ltr'><strong>ad</strong></span> <span class='ocrx_word' id='word_1_35' title='bbox 293 863 329 905; x_wconf 89' lang='lat' dir='ltr'><strong>se</strong></span> <span class='ocrx_word' id='word_1_36' title='bbox 353 843 486 907; x_wconf 90' lang='lat' dir='ltr'><strong>omnino</strong></span> <span class='ocrx_word' id='word_1_37' title='bbox 509 843 684 928; x_wconf 83' lang='lat' dir='ltr'><strong>importari</strong></span> <span class='ocrx_word' id='word_1_38' title='bbox 707 864 774 908; x_wconf 92' lang='lat' dir='ltr'><strong>non</strong></span> <span class='ocrx_word' id='word_1_39' title='bbox 800 846 928 927; x_wconf 90' lang='lat' dir='ltr'><strong>sinunt,</strong></span> <span class='ocrx_word' id='word_1_40' title='bbox 969 841 1079 929; x_wconf 81' lang='lat' dir='ltr'><strong>quoda</strong></span> 
     </span>
     <span class='ocr_line' id='line_1_7' title="bbox 80 944 1056 1012; baseline 0.001 -3"><span class='ocrx_word' id='word_1_41' title='bbox 80 967 119 1010; x_wconf 90' lang='lat' dir='ltr'><strong>ea</strong></span> <span class='ocrx_word' id='word_1_42' title='bbox 143 968 178 1010; x_wconf 91' lang='lat' dir='ltr'><strong>re</strong></span> <span class='ocrx_word' id='word_1_43' title='bbox 202 944 248 1010; x_wconf 88' lang='lat' dir='ltr'><strong>ad</strong></span> <span class='ocrx_word' id='word_1_44' title='bbox 269 944 420 1011; x_wconf 87' lang='lat' dir='ltr'><strong>laborem</strong></span> <span class='ocrx_word' id='word_1_45' title='bbox 443 946 618 1011; x_wconf 84' lang='lat' dir='ltr'><strong>ferendum</strong></span> <span class='ocrx_word' id='word_1_46' title='bbox 645 945 879 1012; x_wconf 82' lang='lat' dir='ltr'><strong>remollescere</strong></span> <span class='ocrx_word' id='word_1_47' title='bbox 905 946 1056 1011; x_wconf 87' lang='lat' dir='ltr'><strong>homines</strong></span> 
     </span>
     <span class='ocr_line' id='line_1_8' title="bbox 79 1049 631 1133; baseline 0.005 -21"><span class='ocrx_word' id='word_1_48' title='bbox 79 1057 181 1133; x_wconf 90' lang='lat' dir='ltr'><strong>atque</strong></span> <span class='ocrx_word' id='word_1_49' title='bbox 205 1049 389 1115; x_wconf 87' lang='lat' dir='ltr'><strong>effeminari</strong></span> <span class='ocrx_word' id='word_1_50' title='bbox 412 1049 631 1116; x_wconf 88' lang='lat' dir='ltr'><strong>arbitrantur.</strong></span> 
     </span>
    </p>

    <p class='ocr_par' dir='ltr' id='par_1_3' title="bbox 78 1151 1080 2796">
     <span class='ocr_line' id='line_1_9' title="bbox 181 1151 1058 1241; baseline 0.003 -25"><span class='ocrx_word' id='word_1_51' title='bbox 181 1151 211 1219; x_wconf 83' lang='lat'><strong>3.</strong></span> <span class='ocrx_word' id='word_1_52' title='bbox 228 1153 366 1219; x_wconf 77' lang='lat' dir='ltr'><strong>Publice</strong></span> <span class='ocrx_word' id='word_1_53' title='bbox 381 1156 565 1221; x_wconf 82' lang='lat' dir='ltr'><strong>maximam</strong></span> <span class='ocrx_word' id='word_1_54' title='bbox 581 1163 701 1241; x_wconf 89' lang='lat' dir='ltr'><strong>putant</strong></span> <span class='ocrx_word' id='word_1_55' title='bbox 714 1178 788 1220; x_wconf 88' lang='lat' dir='ltr'><strong>esse</strong></span> <span class='ocrx_word' id='word_1_56' title='bbox 800 1154 944 1238; x_wconf 89' lang='lat' dir='ltr'><strong>laudem,</strong></span> <span class='ocrx_word' id='word_1_57' title='bbox 958 1176 1058 1241; x_wconf 89' lang='lat' dir='ltr'><strong>quam</strong></span> 
     </span>
     <span class='ocr_line' id='line_1_10' title="bbox 79 1254 1057 1344; baseline 0.003 -26"><span class='ocrx_word' id='word_1_58' title='bbox 79 1254 245 1323; x_wconf 90' lang='lat' dir='ltr'><strong>latissime</strong></span> <span class='ocrx_word' id='word_1_59' title='bbox 261 1279 282 1321; x_wconf 92' lang='lat' dir='ltr'><strong>a</strong></span> <span class='ocrx_word' id='word_1_60' title='bbox 299 1259 368 1324; x_wconf 89' lang='lat' dir='ltr'><strong>suis</strong></span> <span class='ocrx_word' id='word_1_61' title='bbox 384 1257 508 1323; x_wconf 89' lang='lat' dir='ltr'><strong>finibus</strong></span> <span class='ocrx_word' id='word_1_62' title='bbox 524 1280 649 1324; x_wconf 86' lang='lat' dir='ltr'><strong>vacare</strong></span> <span class='ocrx_word' id='word_1_63' title='bbox 666 1279 783 1344; x_wconf 65' lang='lat' dir='ltr'><strong>agros,</strong></span> <span class='ocrx_word' id='word_1_64' title='bbox 806 1258 870 1324; x_wconf 90' lang='lat' dir='ltr'><strong>hac</strong></span> <span class='ocrx_word' id='word_1_65' title='bbox 893 1281 929 1323; x_wconf 91' lang='lat' dir='ltr'><strong>re</strong></span> <span class='ocrx_word' id='word_1_66' title='bbox 954 1258 1057 1341; x_wconf 87' lang='lat' dir='ltr'><strong>signi-</strong></span> 
     </span>
     <span class='ocr_line' id='line_1_11' title="bbox 79 1360 1056 1445; baseline 0.002 -22"><span class='ocrx_word' id='word_1_67' title='bbox 79 1360 175 1425; x_wconf 87' lang='lat' dir='ltr'><strong>ficari</strong></span> <span class='ocrx_word' id='word_1_68' title='bbox 197 1383 357 1445; x_wconf 84' lang='lat' dir='ltr'><strong>magnum</strong></span> <span class='ocrx_word' id='word_1_69' title='bbox 382 1370 559 1428; x_wconf 90' lang='lat' dir='ltr'><strong>numerum</strong></span> <span class='ocrx_word' id='word_1_70' title='bbox 588 1365 766 1428; x_wconf 81' lang='lat' dir='ltr'><strong>civitatum</strong></span> <span class='ocrx_word' id='word_1_71' title='bbox 795 1385 889 1427; x_wconf 91' lang='lat' dir='ltr'><strong>suam</strong></span> <span class='ocrx_word' id='word_1_72' title='bbox 912 1363 980 1426; x_wconf 87' lang='lat' dir='ltr'><strong>vim</strong></span> <span class='ocrx_word' id='word_1_73' title='bbox 1005 1383 1056 1425; x_wconf 90' lang='lat' dir='ltr'><strong>su-</strong></span> 
     </span>
     <span class='ocr_line' id='line_1_12' title="bbox 80 1464 1079 1553; baseline 0.001 -26"><span class='ocrx_word' id='word_1_74' title='bbox 80 1464 206 1529; x_wconf 86' lang='lat' dir='ltr'><strong>stinere</strong></span> <span class='ocrx_word' id='word_1_75' title='bbox 229 1487 296 1531; x_wconf 89' lang='lat' dir='ltr'><strong>non</strong></span> <span class='ocrx_word' id='word_1_76' title='bbox 318 1487 428 1553; x_wconf 88' lang='lat' dir='ltr'><strong>posse.</strong></span> <span class='ocrx_word' id='word_1_77' title='bbox 473 1467 592 1553; x_wconf 88' lang='lat' dir='ltr'><strong>Itaque</strong></span> <span class='ocrx_word' id='word_1_78' title='bbox 615 1488 682 1532; x_wconf 91' lang='lat' dir='ltr'><strong>una</strong></span> <span class='ocrx_word' id='word_1_79' title='bbox 707 1489 749 1532; x_wconf 84' lang='lat' dir='ltr'><strong>ex</strong></span> <span class='ocrx_word' id='word_1_80' title='bbox 772 1476 869 1553; x_wconf 89' lang='lat' dir='ltr'><strong>parte</strong></span> <span class='ocrx_word' id='word_1_81' title='bbox 893 1489 912 1530; x_wconf 93' lang='lat' dir='ltr'><strong>a</strong></span> <span class='ocrx_word' id='word_1_82' title='bbox 937 1464 1079 1531; x_wconf 82' lang='lat' dir='ltr'><strong>Suebisr</strong></span> 
     </span>
     <span class='ocr_line' id='line_1_13' title="bbox 78 1569 1057 1657; baseline 0.004 -26"><span class='ocrx_word' id='word_1_83' title='bbox 78 1570 215 1634; x_wconf 84' lang='lat' dir='ltr'><strong>circiter</strong></span> <span class='ocrx_word' id='word_1_84' title='bbox 243 1569 338 1635; x_wconf 90' lang='lat' dir='ltr'><strong>milia</strong></span> <span class='ocrx_word' id='word_1_85' title='bbox 369 1593 528 1657; x_wconf 90' lang='lat' dir='ltr'><strong>passuum</strong></span> <span class='ocrx_word' id='word_1_86' title='bbox 563 1580 718 1637; x_wconf 88' lang='lat' dir='ltr'><strong>sescenta</strong></span> <span class='ocrx_word' id='word_1_87' title='bbox 754 1573 828 1655; x_wconf 84' lang='lat' dir='ltr'><strong>agri</strong></span> <span class='ocrx_word' id='word_1_88' title='bbox 857 1592 981 1635; x_wconf 88' lang='lat' dir='ltr'><strong>vacare</strong></span> <span class='ocrx_word' id='word_1_89' title='bbox 1009 1570 1057 1635; x_wconf 89' lang='lat' dir='ltr'><strong>di-</strong></span> 
     </span>
     <span class='ocr_line' id='line_1_14' title="bbox 79 1673 1079 1763; baseline 0 -27"><span class='ocrx_word' id='word_1_90' title='bbox 79 1680 210 1739; x_wconf 88' lang='lat' dir='ltr'><strong>cuntur.</strong></span> <span class='ocrx_word' id='word_1_91' title='bbox 234 1673 290 1739; x_wconf 89' lang='lat' dir='ltr'><strong>Ad</strong></span> <span class='ocrx_word' id='word_1_92' title='bbox 306 1673 448 1741; x_wconf 90' lang='lat' dir='ltr'><strong>alteram</strong></span> <span class='ocrx_word' id='word_1_93' title='bbox 464 1684 596 1763; x_wconf 89' lang='lat' dir='ltr'><strong>partem</strong></span> <span class='ocrx_word' id='word_1_94' title='bbox 612 1675 796 1742; x_wconf 86' lang='lat' dir='ltr'><strong>succedunt</strong></span> <span class='ocrx_word' id='word_1_95' title='bbox 810 1673 901 1758; x_wconf 87' lang='lat' dir='ltr'><strong>Ubii,</strong></span> <span class='ocrx_word' id='word_1_96' title='bbox 918 1696 1079 1760; x_wconf 85' lang='lat' dir='ltr'><strong>quorums</strong></span> 
     </span>
     <span class='ocr_line' id='line_1_15' title="bbox 78 1776 1057 1866; baseline 0.003 -27"><span class='ocrx_word' id='word_1_97' title='bbox 78 1776 142 1841; x_wconf 90' lang='lat' dir='ltr'><strong>fuit</strong></span> <span class='ocrx_word' id='word_1_98' title='bbox 165 1778 289 1843; x_wconf 86' lang='lat' dir='ltr'><strong>civitas</strong></span> <span class='ocrx_word' id='word_1_99' title='bbox 306 1778 418 1865; x_wconf 92' lang='lat' dir='ltr'><strong>ampla</strong></span> <span class='ocrx_word' id='word_1_100' title='bbox 436 1788 538 1866; x_wconf 88' lang='lat' dir='ltr'><strong>atque</strong></span> <span class='ocrx_word' id='word_1_101' title='bbox 553 1779 685 1862; x_wconf 89' lang='lat' dir='ltr'><strong>florens,</strong></span> <span class='ocrx_word' id='word_1_102' title='bbox 709 1789 747 1846; x_wconf 92' lang='lat' dir='ltr'><strong>ut</strong></span> <span class='ocrx_word' id='word_1_103' title='bbox 769 1789 820 1845; x_wconf 88' lang='lat' dir='ltr'><strong>est</strong></span> <span class='ocrx_word' id='word_1_104' title='bbox 838 1788 957 1864; x_wconf 88' lang='lat' dir='ltr'><strong>captus</strong></span> <span class='ocrx_word' id='word_1_105' title='bbox 975 1776 1057 1843; x_wconf 77' lang='lat' dir='ltr'><strong>Ger-</strong></span> 
     </span>
     <span class='ocr_line' id='line_1_16' title="bbox 79 1882 1057 1970; baseline 0.002 -27"><span class='ocrx_word' id='word_1_106' title='bbox 79 1901 268 1966; x_wconf 91' lang='lat' dir='ltr'><strong>manorum,</strong></span> <span class='ocrx_word' id='word_1_107' title='bbox 303 1892 337 1948; x_wconf 91' lang='lat' dir='ltr'><strong>et</strong></span> <span class='ocrx_word' id='word_1_108' title='bbox 358 1882 475 1968; x_wconf 92' lang='lat' dir='ltr'><strong>paulo,</strong></span> <span class='ocrx_word' id='word_1_109' title='bbox 510 1906 610 1970; x_wconf 89' lang='lat' dir='ltr'><strong>quam</strong></span> <span class='ocrx_word' id='word_1_110' title='bbox 638 1894 716 1948; x_wconf 90' lang='lat' dir='ltr'><strong>sunt</strong></span> <span class='ocrx_word' id='word_1_111' title='bbox 740 1882 889 1947; x_wconf 86' lang='lat' dir='ltr'><strong>eiusdem</strong></span> <span class='ocrx_word' id='word_1_112' title='bbox 913 1883 1057 1965; x_wconf 82' lang='lat' dir='ltr'><strong>generis,</strong></span> 
     </span>
     <span class='ocr_line' id='line_1_17' title="bbox 81 1983 1056 2074; baseline 0.002 -27"><span class='ocrx_word' id='word_1_113' title='bbox 81 1983 127 2064; x_wconf 89' lang='lat' dir='ltr'><strong>[et</strong></span> <span class='ocrx_word' id='word_1_114' title='bbox 151 1985 267 2068; x_wconf 89' lang='lat' dir='ltr'><strong>ceteri]</strong></span> <span class='ocrx_word' id='word_1_115' title='bbox 303 1986 533 2071; x_wconf 80' lang='lat' dir='ltr'><strong>humaniores,</strong></span> <span class='ocrx_word' id='word_1_116' title='bbox 571 1996 749 2074; x_wconf 90' lang='lat' dir='ltr'><strong>propterea</strong></span> <span class='ocrx_word' id='word_1_117' title='bbox 783 1985 873 2072; x_wconf 89' lang='lat' dir='ltr'><strong>quod</strong></span> <span class='ocrx_word' id='word_1_118' title='bbox 905 1985 1056 2050; x_wconf 88' lang='lat' dir='ltr'><strong>Rhenum</strong></span> 
     </span>
     <span class='ocr_line' id='line_1_18' title="bbox 78 2089 1051 2178; baseline -0.001 -25"><span class='ocrx_word' id='word_1_119' title='bbox 78 2090 251 2171; x_wconf 86' lang='lat' dir='ltr'><strong>attingunt</strong></span> <span class='ocrx_word' id='word_1_120' title='bbox 275 2089 480 2178; x_wconf 88' lang='lat' dir='ltr'><strong>multumque</strong></span> <span class='ocrx_word' id='word_1_121' title='bbox 503 2091 548 2158; x_wconf 87' lang='lat' dir='ltr'><strong>ad</strong></span> <span class='ocrx_word' id='word_1_122' title='bbox 574 2114 631 2157; x_wconf 88' lang='lat' dir='ltr'><strong>eos</strong></span> <span class='ocrx_word' id='word_1_123' title='bbox 647 2099 852 2156; x_wconf 88' lang='lat' dir='ltr'><strong>mercatores</strong></span> <span class='ocrx_word' id='word_1_124' title='bbox 869 2090 1051 2171; x_wconf 85' lang='lat' dir='ltr'><strong>ventitant,</strong></span> 
     </span>
     <span class='ocr_line' id='line_1_19' title="bbox 81 2192 1057 2282; baseline 0 -26"><span class='ocrx_word' id='word_1_125' title='bbox 81 2200 113 2256; x_wconf 88' lang='lat' dir='ltr'><strong>et</strong></span> <span class='ocrx_word' id='word_1_126' title='bbox 130 2193 194 2278; x_wconf 92' lang='lat' dir='ltr'><strong>ipsi</strong></span> <span class='ocrx_word' id='word_1_127' title='bbox 210 2203 347 2280; x_wconf 90' lang='lat' dir='ltr'><strong>propter</strong></span> <span class='ocrx_word' id='word_1_128' title='bbox 360 2197 647 2282; x_wconf 89' lang='lat' dir='ltr'><strong>propinquitatem</strong></span> <span class='ocrx_word' id='word_1_129' title='bbox 660 2192 803 2260; x_wconf 77' lang='lat' dir='ltr'><strong>Gallicis</strong></span> <span class='ocrx_word' id='word_1_130' title='bbox 821 2202 898 2258; x_wconf 89' lang='lat' dir='ltr'><strong>sunt</strong></span> <span class='ocrx_word' id='word_1_131' title='bbox 910 2193 1057 2258; x_wconf 92' lang='lat' dir='ltr'><strong>moribus</strong></span> 
     </span>
     <span class='ocr_line' id='line_1_20' title="bbox 81 2295 1080 2384; baseline -0.004 -24"><span class='ocrx_word' id='word_1_132' title='bbox 81 2296 274 2363; x_wconf 83' lang='lat' dir='ltr'><strong>assuefacti.</strong></span> <span class='ocrx_word' id='word_1_133' title='bbox 297 2298 368 2364; x_wconf 90' lang='lat' dir='ltr'><strong>Hos</strong></span> <span class='ocrx_word' id='word_1_134' title='bbox 392 2320 467 2365; x_wconf 93' lang='lat' dir='ltr'><strong>cum</strong></span> <span class='ocrx_word' id='word_1_135' title='bbox 490 2297 594 2365; x_wconf 82' lang='lat' dir='ltr'><strong>Suebi</strong></span> <span class='ocrx_word' id='word_1_136' title='bbox 615 2298 730 2364; x_wconf 91' lang='lat' dir='ltr'><strong>multis</strong></span> <span class='ocrx_word' id='word_1_137' title='bbox 756 2320 854 2384; x_wconf 91' lang='lat' dir='ltr'><strong>saepe</strong></span> <span class='ocrx_word' id='word_1_138' title='bbox 878 2295 976 2362; x_wconf 89' lang='lat' dir='ltr'><strong>bellis</strong></span> <span class='ocrx_word' id='word_1_139' title='bbox 1001 2315 1080 2360; x_wconf 74' lang='lat' dir='ltr'><strong>err-4</strong></span> 
     </span>
     <span class='ocr_line' id='line_1_21' title="bbox 80 2401 1057 2489; baseline -0.002 -24"><span class='ocrx_word' id='word_1_140' title='bbox 80 2402 168 2486; x_wconf 87' lang='lat' dir='ltr'><strong>perti</strong></span> <span class='ocrx_word' id='word_1_141' title='bbox 189 2411 326 2488; x_wconf 89' lang='lat' dir='ltr'><strong>propter</strong></span> <span class='ocrx_word' id='word_1_142' title='bbox 349 2402 605 2489; x_wconf 87' lang='lat' dir='ltr'><strong>amplitudinem</strong></span> <span class='ocrx_word' id='word_1_143' title='bbox 621 2404 890 2487; x_wconf 82' lang='lat' dir='ltr'><strong>gravitatemque</strong></span> <span class='ocrx_word' id='word_1_144' title='bbox 906 2401 1057 2465; x_wconf 86' lang='lat' dir='ltr'><strong>civitatis</strong></span> 
     </span>
     <span class='ocr_line' id='line_1_22' title="bbox 80 2502 1057 2593; baseline -0.001 -26"><span class='ocrx_word' id='word_1_145' title='bbox 80 2503 200 2570; x_wconf 87' lang='lat' dir='ltr'><strong>finibus</strong></span> <span class='ocrx_word' id='word_1_146' title='bbox 225 2506 395 2593; x_wconf 86' lang='lat' dir='ltr'><strong>expellere</strong></span> <span class='ocrx_word' id='word_1_147' title='bbox 417 2529 485 2572; x_wconf 91' lang='lat' dir='ltr'><strong>non</strong></span> <span class='ocrx_word' id='word_1_148' title='bbox 504 2508 707 2593; x_wconf 86' lang='lat' dir='ltr'><strong>potuissent,</strong></span> <span class='ocrx_word' id='word_1_149' title='bbox 735 2516 848 2572; x_wconf 88' lang='lat' dir='ltr'><strong>tamen</strong></span> <span class='ocrx_word' id='word_1_150' title='bbox 871 2502 1057 2588; x_wconf 85' lang='lat' dir='ltr'><strong>vectigales</strong></span> 
     </span>
     <span class='ocr_line' id='line_1_23' title="bbox 81 2607 1059 2691; baseline -0.001 -20"><span class='ocrx_word' id='word_1_151' title='bbox 81 2607 145 2672; x_wconf 88' lang='lat' dir='ltr'><strong>sihi</strong></span> <span class='ocrx_word' id='word_1_152' title='bbox 174 2608 325 2676; x_wconf 86' lang='lat' dir='ltr'><strong>fecerunt</strong></span> <span class='ocrx_word' id='word_1_153' title='bbox 356 2632 395 2676; x_wconf 90' lang='lat' dir='ltr'><strong>ac</strong></span> <span class='ocrx_word' id='word_1_154' title='bbox 426 2610 530 2677; x_wconf 92' lang='lat' dir='ltr'><strong>multo</strong></span> <span class='ocrx_word' id='word_1_155' title='bbox 564 2609 758 2677; x_wconf 89' lang='lat' dir='ltr'><strong>humiliores</strong></span> <span class='ocrx_word' id='word_1_156' title='bbox 795 2608 1059 2691; x_wconf 86' lang='lat' dir='ltr'><strong>infirmioresque</strong></span> 
     </span>
     <span class='ocr_line' id='line_1_24' title="bbox 79 2711 292 2796; baseline 0.019 -21"><span class='ocrx_word' id='word_1_157' title='bbox 79 2711 292 2796; x_wconf 85' lang='lat' dir='ltr'><strong>redegerunt.</strong></span> 
     </span>
    </p>

    <p class='ocr_par' dir='ltr' id='par_1_4' title="bbox 78 2815 1081 3528">
     <span class='ocr_line' id='line_1_25' title="bbox 182 2815 1054 2903; baseline -0.003 -22"><span class='ocrx_word' id='word_1_158' title='bbox 182 2816 213 2883; x_wconf 83' lang='lat'><strong>4.</strong></span> <span class='ocrx_word' id='word_1_159' title='bbox 228 2818 269 2883; x_wconf 92' lang='lat' dir='ltr'><strong>In</strong></span> <span class='ocrx_word' id='word_1_160' title='bbox 284 2818 402 2884; x_wconf 87' lang='lat' dir='ltr'><strong>eadem</strong></span> <span class='ocrx_word' id='word_1_161' title='bbox 418 2839 523 2884; x_wconf 91' lang='lat' dir='ltr'><strong>causa</strong></span> <span class='ocrx_word' id='word_1_162' title='bbox 534 2817 832 2903; x_wconf 86' lang='lat' dir='ltr'><strong>fueruntUsipetes</strong></span> <span class='ocrx_word' id='word_1_163' title='bbox 846 2825 878 2880; x_wconf 88' lang='lat' dir='ltr'><strong>et</strong></span> <span class='ocrx_word' id='word_1_164' title='bbox 886 2815 1054 2900; x_wconf 87' lang='lat' dir='ltr'><strong>Tencteri,</strong></span> 
     </span>
     <span class='ocr_line' id='line_1_26' title="bbox 80 2917 1059 3010; baseline -0.004 -23"><span class='ocrx_word' id='word_1_165' title='bbox 80 2944 162 3008; x_wconf 85' lang='lat' dir='ltr'><strong>quos</strong></span> <span class='ocrx_word' id='word_1_166' title='bbox 176 2943 277 3009; x_wconf 86' lang='lat' dir='ltr'><strong>supra</strong></span> <span class='ocrx_word' id='word_1_167' title='bbox 297 2920 455 3006; x_wconf 85' lang='lat' dir='ltr'><strong>diximus,</strong></span> <span class='ocrx_word' id='word_1_168' title='bbox 474 2924 531 3010; x_wconf 92' lang='lat' dir='ltr'><strong>qui</strong></span> <span class='ocrx_word' id='word_1_169' title='bbox 548 2921 735 3008; x_wconf 88' lang='lat' dir='ltr'><strong>complures</strong></span> <span class='ocrx_word' id='word_1_170' title='bbox 753 2942 860 2985; x_wconf 91' lang='lat' dir='ltr'><strong>annos</strong></span> <span class='ocrx_word' id='word_1_171' title='bbox 874 2917 1059 2984; x_wconf 82' lang='lat' dir='ltr'><strong>Sueborum</strong></span> 
     </span>
     <span class='ocr_line' id='line_1_27' title="bbox 79 3025 1058 3110; baseline -0.003 -19"><span class='ocrx_word' id='word_1_172' title='bbox 79 3027 147 3091; x_wconf 95' lang='lat' dir='ltr'><strong>vim</strong></span> <span class='ocrx_word' id='word_1_173' title='bbox 171 3026 414 3110; x_wconf 86' lang='lat' dir='ltr'><strong>sustinuerunt,</strong></span> <span class='ocrx_word' id='word_1_174' title='bbox 446 3025 491 3091; x_wconf 92' lang='lat' dir='ltr'><strong>ad</strong></span> <span class='ocrx_word' id='word_1_175' title='bbox 522 3035 707 3091; x_wconf 84' lang='lat' dir='ltr'><strong>extremum</strong></span> <span class='ocrx_word' id='word_1_176' title='bbox 735 3034 849 3090; x_wconf 87' lang='lat' dir='ltr'><strong>tamen</strong></span> <span class='ocrx_word' id='word_1_177' title='bbox 880 3025 971 3107; x_wconf 84' lang='lat' dir='ltr'><strong>agris</strong></span> <span class='ocrx_word' id='word_1_178' title='bbox 1002 3047 1058 3088; x_wconf 87' lang='lat' dir='ltr'><strong>ex-</strong></span> 
     </span>
     <span class='ocr_line' id='line_1_28' title="bbox 79 3127 1059 3217; baseline -0.006 -21"><span class='ocrx_word' id='word_1_179' title='bbox 79 3130 168 3217; x_wconf 87' lang='lat' dir='ltr'><strong>pulsi</strong></span> <span class='ocrx_word' id='word_1_180' title='bbox 196 3139 230 3196; x_wconf 88' lang='lat' dir='ltr'><strong>et</strong></span> <span class='ocrx_word' id='word_1_181' title='bbox 257 3129 373 3196; x_wconf 88' lang='lat' dir='ltr'><strong>multis</strong></span> <span class='ocrx_word' id='word_1_182' title='bbox 396 3128 481 3196; x_wconf 90' lang='lat' dir='ltr'><strong>locis</strong></span> <span class='ocrx_word' id='word_1_183' title='bbox 504 3127 707 3194; x_wconf 81' lang='lat' dir='ltr'><strong>Germaniae</strong></span> <span class='ocrx_word' id='word_1_184' title='bbox 736 3129 917 3194; x_wconf 86' lang='lat' dir='ltr'><strong>triennium</strong></span> <span class='ocrx_word' id='word_1_185' title='bbox 940 3127 1059 3210; x_wconf 83' lang='lat' dir='ltr'><strong>vagati</strong></span> 
     </span>
     <span class='ocr_line' id='line_1_29' title="bbox 79 3228 1081 3319; baseline -0.011 -20"><span class='ocrx_word' id='word_1_186' title='bbox 79 3233 124 3301; x_wconf 92' lang='lat' dir='ltr'><strong>ad</strong></span> <span class='ocrx_word' id='word_1_187' title='bbox 146 3233 298 3299; x_wconf 84' lang='lat' dir='ltr'><strong>Rhenum</strong></span> <span class='ocrx_word' id='word_1_188' title='bbox 325 3241 560 3319; x_wconf 86' lang='lat' dir='ltr'><strong>pervenerunt.</strong></span> <span class='ocrx_word' id='word_1_189' title='bbox 604 3230 696 3312; x_wconf 75' lang='lat' dir='ltr'><strong>Quas</strong></span> <span class='ocrx_word' id='word_1_190' title='bbox 726 3232 882 3314; x_wconf 85' lang='lat' dir='ltr'><strong>regiones</strong></span> <span class='ocrx_word' id='word_1_191' title='bbox 908 3228 1081 3312; x_wconf 79' lang='lat' dir='ltr'><strong>Menapiis</strong></span> 
     </span>
     <span class='ocr_line' id='line_1_30' title="bbox 78 3332 1058 3421; baseline -0.01 -17"><span class='ocrx_word' id='word_1_192' title='bbox 78 3335 276 3404; x_wconf 85' lang='lat' dir='ltr'><strong>incolebant</strong></span> <span class='ocrx_word' id='word_1_193' title='bbox 305 3345 338 3402; x_wconf 92' lang='lat' dir='ltr'><strong>et</strong></span> <span class='ocrx_word' id='word_1_194' title='bbox 366 3334 412 3403; x_wconf 86' lang='lat' dir='ltr'><strong>ad</strong></span> <span class='ocrx_word' id='word_1_195' title='bbox 440 3344 617 3421; x_wconf 88' lang='lat' dir='ltr'><strong>utramque</strong></span> <span class='ocrx_word' id='word_1_196' title='bbox 645 3336 755 3419; x_wconf 89' lang='lat' dir='ltr'><strong>ripam</strong></span> <span class='ocrx_word' id='word_1_197' title='bbox 776 3332 921 3398; x_wconf 90' lang='lat' dir='ltr'><strong>fluminis</strong></span> <span class='ocrx_word' id='word_1_198' title='bbox 947 3352 1058 3415; x_wconf 81' lang='lat' dir='ltr'><strong>agros,</strong></span> 
     </span>
     <span class='ocr_line' id='line_1_31' title="bbox 78 3433 1081 3528; baseline -0.016 -20"><span class='ocrx_word' id='word_1_199' title='bbox 78 3441 238 3509; x_wconf 85' lang='lat' dir='ltr'><strong>aedificia</strong></span> <span class='ocrx_word' id='word_1_200' title='bbox 253 3443 414 3528; x_wconf 85' lang='lat' dir='ltr'><strong>vicosque</strong></span> <span class='ocrx_word' id='word_1_201' title='bbox 426 3438 612 3522; x_wconf 87' lang='lat' dir='ltr'><strong>habebant,</strong></span> <span class='ocrx_word' id='word_1_202' title='bbox 629 3437 689 3503; x_wconf 88' lang='lat' dir='ltr'><strong>sed</strong></span> <span class='ocrx_word' id='word_1_203' title='bbox 701 3445 818 3502; x_wconf 86' lang='lat' dir='ltr'><strong>tantae</strong></span> <span class='ocrx_word' id='word_1_204' title='bbox 830 3433 1081 3501; x_wconf 80' lang='lat' dir='ltr'><strong>multitudinisa</strong></span> 
     </span>
    </p>
   </div>
   <div class='ocr_carea' id='block_1_3' title="bbox 79 3537 1069 3694">
    <p class='ocr_par' dir='ltr' id='par_1_5' title="bbox 79 3537 1069 3694">
     <span class='ocr_line' id='line_1_32' title="bbox 79 3537 1069 3633; baseline -0.01 -19"><span class='ocrx_word' id='word_1_205' title='bbox 79 3545 177 3615; x_wconf 83' lang='lat' dir='ltr'><strong>aditu</strong></span> <span class='ocrx_word' id='word_1_206' title='bbox 199 3544 372 3633; x_wconf 86' lang='lat' dir='ltr'><strong>perterriti</strong></span> <span class='ocrx_word' id='word_1_207' title='bbox 395 3562 440 3611; x_wconf 85' lang='lat' dir='ltr'><strong>ex</strong></span> <span class='ocrx_word' id='word_1_208' title='bbox 454 3544 497 3609; x_wconf 89' lang='lat' dir='ltr'><strong>iis</strong></span> <span class='ocrx_word' id='word_1_209' title='bbox 514 3540 690 3627; x_wconf 85' lang='lat' dir='ltr'><strong>aedificiis,</strong></span> <span class='ocrx_word' id='word_1_210' title='bbox 719 3560 805 3626; x_wconf 89' lang='lat' dir='ltr'><strong>quae</strong></span> <span class='ocrx_word' id='word_1_211' title='bbox 827 3547 922 3603; x_wconf 88' lang='lat' dir='ltr'><strong>trans</strong></span> <span class='ocrx_word' id='word_1_212' title='bbox 947 3537 1069 3604; x_wconf 88' lang='lat' dir='ltr'><strong>flumen</strong></span> 
     </span>
     <span class='ocr_line' id='line_1_33' title="bbox 885 3640 920 3694; baseline 0 -20"><span class='ocrx_word' id='word_1_213' title='bbox 885 3640 920 3694; x_wconf 56' lang='lat' dir='ltr'><strong>Q*</strong></span> 
     </span>
    </p>
   </div>
   <div class='ocr_carea' id='block_1_4' title="bbox 0 0 1192 3924">
    <p class='ocr_par' dir='ltr' id='par_1_6' title="bbox 0 0 1192 3924">
     <span class='ocr_line' id='line_1_34' title="bbox 0 0 1192 3924; baseline 0 0"><span class='ocrx_word' id='word_1_214' title='bbox 0 0 1192 3924; x_wconf 95' lang='lat' dir='ltr'><strong> </strong></span> 
     </span>
    </p>
   </div>
  </div>
 </body>
</html>
