2376 3924
366 247 475 298 omna
495 247 515 308 1,
535 246 611 305 cnr,
632 248 741 297 13-1s.
1007 247 1046 310 13

64 442 215 524 imperat:
237 440 377 502 mittunt.
415 438 545 502 Interea
568 437 650 523 legio
677 455 736 501 ΧΗ.
778 435 951 501 Caesarem
975 458 1068 501 con-a

65 546 217 628 sequitur.
251 540 334 606 Cum
355 542 405 606 his
429 542 556 606 duabus
572 540 729 605 Asculum
744 542 901 604 Picenum
923 541 1047 625 profici-

65 649 172 711 scitur.
218 646 257 709 Id
281 646 434 730 oppidum
457 645 616 709 Lentulus
633 644 785 731 Spinther
815 662 837 706 x
862 643 1048 708 cohortibus

64 750 210 833 tenebat,
242 752 296 834 qui
319 748 467 814 Caesaris
498 750 642 813 adventu
676 751 804 833 cognito
836 747 977 832 profugit
1006 769 1048 811 ex

65 853 181 938 oppido
205 852 417 937 cohortesque
441 874 551 915 secum
574 851 737 916 abducere
768 861 902 914 conatus
929 873 1048 935 magna

64 965 155 1041 parte
189 956 325 1020 militum
363 957 530 1020 descritur.
576 955 719 1020 Relictus
752 957 785 1019 in
823 957 937 1018 itinere
975 977 1070 1019 cumr

64 1062 175 1145 paucis
205 1059 317 1123 incidit
343 1062 375 1123 in
404 1059 581 1124 Vibullium
603 1060 724 1125 Rufum
752 1061 886 1123 missum
914 1081 934 1121 a
956 1060 1048 1122 Pom·

64 1164 135 1248 peio
166 1165 198 1226 in
227 1185 343 1247 agrum
366 1165 521 1227 Picenum
555 1163 851 1227 confirmandorum
882 1162 1048 1226 hominum

66 1289 172 1330 causa.
219 1266 251 1330 A
274 1288 337 1351 quo
360 1267 465 1330 factus
488 1265 648 1331 Vibullius
672 1269 804 1348 certior,
835 1287 918 1350 quae
941 1287 993 1330 res
1015 1268 1048 1329 in

64 1372 183 1434 Piceno
212 1379 418 1455 gererentur,
448 1368 563 1433 milites
587 1368 629 1433 ab
653 1391 690 1432 eo
714 1371 846 1454 accipit,
876 1372 981 1455 ipsum
1004 1369 1047 1432 di·

64 1475 169 1536 mittit.
198 1473 281 1536 Item
304 1495 346 1536 ex
369 1474 512 1537 finitimis
535 1471 720 1557 regionibus
744 1494 824 1556 quas
848 1481 953 1556 potest
976 1492 1068 1535 con-5

64 1576 165 1640 trahit
199 1576 346 1640 cohortes
380 1598 422 1639 ex
460 1575 637 1640 delectibus
671 1577 890 1660 Pompeianis3
929 1578 961 1638 in
998 1576 1047 1641 his

67 1678 237 1743 Camerino
267 1679 444 1764 fugientem
466 1678 628 1743 Lucilium
649 1678 785 1742 Hirrum
815 1699 888 1741 cum
917 1700 975 1741 sex
997 1699 1047 1743 co·

67 1781 228 1865 hortibus,
263 1803 344 1867 quas
373 1782 417 1846 ibi
449 1784 483 1846 in
513 1781 673 1867 praesidio
706 1780 876 1863 habuerat,
911 1786 1046 1870 excipit3

66 1884 183 1970 quibus
218 1888 338 1950 coactis
360 1903 425 1949 xm
460 1885 567 1949 efficit.
614 1883 695 1949 Cum
723 1884 773 1949 his
803 1885 845 1949 ad
868 1886 1069 1951 Domitiumc

63 1987 321 2053 Ahenobarbum
344 1988 521 2053 Corfinium
550 1991 676 2073 magnis
704 1988 873 2053 itineribus
899 1993 1047 2075 pervenit

64 2093 303 2177 Caesaremque
323 2092 437 2156 adesse
461 2114 535 2155 cum
558 2090 737 2177 legionibus
760 2090 886 2156 duabus
909 2096 1045 2157 nuntiat.

64 2198 225 2260 Domitius
241 2218 299 2281 per
321 2218 355 2259 se
372 2198 499 2261 circiter
514 2214 563 2259 xx
587 2196 734 2261 cohortes
750 2195 847 2278 Alba,
871 2217 913 2258 ex
928 2197 1068 2261 Marsisr

64 2309 96 2362 et
119 2298 271 2384 Pelignis,
294 2299 437 2364 finitimis
461 2297 502 2363 ab
520 2299 708 2385 regionibus
731 2307 891 2384 coegerat.

152 2402 200 2466 16.
232 2404 376 2488 Recepto
398 2403 509 2468 Firmo
537 2401 714 2483 Asculopoe
743 2400 877 2487 expulso
906 2403 1046 2467 Lentulo

63 2507 185 2572 Caesar
208 2509 354 2592 conquiri
376 2507 508 2590 milites,
541 2509 596 2591 qui
619 2506 660 2571 ab
684 2529 721 2571 eo
745 2506 969 2590 discesserant,
994 2507 1045 2571 de-

63 2610 246 2695 lectumque
280 2612 416 2675 instituti
448 2610 552 2694 iubet;
588 2611 655 2696 ipse
685 2631 786 2673 unum
815 2609 900 2673 diem
927 2609 970 2674 ibi
999 2613 1046 2674 rei

63 2714 293 2779 frumentariae
317 2735 416 2778 causa
439 2723 582 2778 moratus
598 2712 775 2777 Corfinium
799 2713 972 2778 contendit.
997 2715 1068 2779 an

63 2842 136 2882 cum
158 2822 315 2901 venisset,
345 2818 494 2883 cohortes
517 2836 539 2882 v
562 2820 759 2903 praemissae
790 2841 809 2881 a
832 2820 974 2882 Domitio
1003 2841 1046 2883 ex

63 2922 180 3007 oppido
204 2931 335 3008 pontem
356 2921 498 2986 fluminis
519 2920 808 3006 interrumpebant,
833 2923 887 3006 qui
911 2931 981 2987 erat
1003 2923 1044 2987 ab

63 3026 180 3111 oppido
204 3025 291 3090 milia
313 3048 468 3111 passuum
490 3027 618 3089 circiter
645 3043 694 3088 111.
728 3023 779 3088 Ibi
803 3047 876 3089 cum
899 3035 1066 3090 antecurs

63 3128 188 3193 soribus
220 3129 368 3195 Caesaris
401 3129 521 3215 proelio
556 3131 724 3193 commisso
758 3128 905 3193 celeriter
935 3130 1044 3194 Domi-

62 3235 141 3297 tiani
178 3257 197 3298 a
234 3244 330 3320 ponte
364 3233 483 3321 repulsi
521 3256 555 3299 se
588 3237 621 3298 in
656 3234 809 3319 oppidum
842 3241 1043 3318 receperunt.

63 3335 184 3400 Caesar
211 3336 391 3422 legionibus
420 3335 617 3402 transductis
626 3403 633 3407 Α,
646 3336 688 3400 ad
723 3336 876 3422 oppidum
905 3336 1066 3399 constitit4

61 3442 218 3525 iuxtaque
241 3463 370 3504 murum
393 3449 500 3535 castra
526 3443 641 3526 posuit.
