2376 3924
495 256 572 307 car.
590 256 700 307 st-aa
1018 254 1080 319 267

108 447 208 511 classe
231 469 265 511 se
288 447 413 533 longius
437 471 456 511 a
478 454 651 533 prospectu
672 448 819 510 removit.
842 445 980 530 Reliqua
1003 445 1103 510 clas-⁴

107 552 149 615 sis
172 553 205 614 in
228 550 294 614 salo
318 550 360 615 ad
382 551 514 636 Leptim
537 550 674 635 egressis
696 548 873 633 remigibus
896 551 1080 634 passimque

106 657 138 718 in
161 655 253 719 litore
276 654 480 740 vagantibus,
514 656 633 740 partim
660 656 694 718 in
723 652 876 739 oppidum
898 655 1003 717 victus
1031 655 1079 716 sui

105 758 272 822 mercandi
311 760 416 843 gratia
454 760 632 842 progressis
664 779 769 821 vacua
803 780 822 820 a
856 754 1080 820 defensoribus

106 861 221 924 stabat.
247 860 373 942 Quibus
395 859 494 926 rebus
516 861 625 925 Varus
649 882 691 922 ex
713 859 850 944 perfuga
872 861 1008 943 cognitis
1031 877 1101 923 oc-s

105 966 266 1028 casionem
281 973 395 1028 nactus
410 963 519 1047 vigilia
535 963 677 1027 secunda
689 961 869 1027 Adrumeto
886 984 928 1026 ex
943 962 1079 1027 cothone

104 1091 252 1152 egressus
281 1091 354 1132 cum
383 1070 486 1153 primo
513 1089 609 1131 mane
631 1068 762 1152 Leptim
794 1069 946 1131 universa
979 1065 1079 1131 classe

104 1182 215 1235 vectus
238 1194 338 1235 navos
362 1172 546 1252 onerarias·
559 1192 643 1255 quae
664 1168 790 1255 longius
813 1194 833 1234 a
855 1179 950 1254 portu
965 1171 997 1233 in
1012 1169 1078 1233 salo

103 1274 242 1357 stabant,
277 1274 420 1338 incendit
442 1281 474 1337 et
502 1282 651 1359 penteres
681 1272 763 1337 duas
785 1295 907 1337 vacuas
929 1296 948 1337 a
971 1272 1078 1338 defen-

102 1378 227 1442 soribus
250 1378 335 1441 nullo
357 1387 558 1462 repugnante
581 1380 674 1462 cepit.

188 1481 239 1543 63.
278 1479 398 1545 Caesar
435 1482 563 1544 interim
600 1479 746 1544 celeriter
783 1502 841 1565 per
877 1479 1006 1543 nuntios
1045 1480 1078 1542 in

102 1586 225 1666 castris,
261 1606 334 1648 oum
357 1606 455 1670 opera
479 1586 671 1667 circumiret,
706 1585 822 1648 certior
844 1584 959 1665 factus,
993 1603 1076 1667 quae

101 1686 238 1751 aberant
260 1712 279 1751 a
302 1697 398 1774 portu
430 1687 517 1751 milia
551 1709 705 1773 passuum
738 1704 784 1769 vl,
819 1708 902 1772 equo
936 1685 1076 1751 admisso

101 1792 224 1854 omissis
258 1791 405 1856 omnibus
439 1791 537 1856 rebus
571 1790 718 1855 celeriter
763 1792 912 1876 pervenit
945 1790 1076 1874 Leptim

99 1892 208 1979 ibique
232 1894 387 1977 hortatur,
413 1916 522 1959 omnes
545 1902 581 1958 ut
603 1915 638 1958 se
660 1915 761 1958 naves
785 1901 1074 1979 consequerentur3

99 1995 233 2084 [postea]
266 2001 334 2084 ipse
368 1996 539 2084 parvulum
571 1996 769 2081 navigiolum
807 1995 1004 2078 conscendit,
1042 1997 1096 2059 ina

100 2124 196 2166 eursu
211 2101 365 2185 Aquilam
379 2099 584 2165 multitudine
605 2101 739 2164 navium
755 2102 963 2185 perterritum
978 2109 1075 2184 atque

99 2204 315 2289 trepidantem
347 2213 461 2268 nactus
494 2202 635 2267 hostium
667 2203 802 2267 classem
836 2206 928 2288 sequi
961 2205 1074 2287 coepit.

98 2308 232 2371 lnterim
259 2308 368 2372 Varus
396 2306 559 2371 celeritate
586 2304 734 2370 Caesaris
762 2305 963 2391 audaciaque
993 2324 1096 2369 com-³

98 2420 203 2475 motus
226 2432 300 2474 oum
321 2411 474 2474 universa
496 2408 598 2473 classe
620 2411 784 2473 conversis
807 2408 945 2473 navibus
969 2408 1074 2472 Adru-

97 2523 219 2577 motum
246 2535 361 2579 versus
395 2512 508 2597 lugere
542 2510 716 2576 contendit,
762 2511 869 2592 Quem
897 2509 1019 2575 Caesar
1041 2513 1096 2575 ina

97 2616 224 2681 milibus
261 2637 415 2702 passuum
445 2634 498 2679 1111
530 2624 720 2680 consecutus
757 2622 949 2699 recuperata
986 2616 1074 2699 quin-

97 2722 241 2805 queremi
275 2716 361 2804 [cum
391 2721 456 2784 suis
487 2716 635 2783 omnibus
664 2713 812 2803 epibatis]
845 2725 943 2801 atque
977 2719 1074 2781 etiam

96 2825 235 2888 hostium
258 2823 445 2888 custodibus
468 2838 561 2885 cxxx
583 2823 617 2886 in
637 2844 676 2886 ea
691 2842 775 2885 nave
791 2822 893 2905 captis
908 2820 1074 2884 triremem

96 2927 235 2991 hostium
263 2928 453 3012 proximam,
488 2947 572 3010 quae
594 2927 628 2989 in
650 2923 863 3011 repugnando
891 2932 962 2988 erat
990 2946 1072 2989 eom-

96 3041 230 3113 morata,
278 3038 425 3094 onustam
469 3030 630 3113 remigum
671 3027 939 3115 epibatarumque
977 3029 1070 3113 cepit.

95 3134 250 3219 Reliquae
284 3154 385 3197 naves
418 3132 558 3197 hostium
591 3133 845 3219 promontorium
877 3140 1092 3217 supera-unta

95 3248 192 3322 atquo
212 3237 429 3301 Adrumetum
462 3237 495 3300 in
525 3235 695 3301 cothonem
727 3256 761 3299 se
795 3236 966 3300 universae
1000 3256 1072 3300 oon-

94 3342 245 3406 tulorunt.
270 3340 391 3406 Cacsar
424 3340 539 3405 eodem
561 3349 660 3405 vento
694 3341 948 3425 promontorium
980 3355 1093 3425 supe-⁶

93 3468 167 3509 rare
189 3467 254 3510 non
277 3447 380 3530 potuit
402 3453 500 3529 atque
522 3446 555 3509 in
578 3444 645 3510 salo
678 3446 712 3509 in
745 3444 872 3508 ancoris
905 3465 944 3507 aa
976 3452 1071 3509 nocte

93 3556 309 3615 commoratus
337 3549 442 3634 prima
469 3546 540 3613 luce
562 3547 781 3614 Adrumetum
809 3546 935 3613 accedit
961 3544 1071 3632 ibique
