2376 3924
113 199 176 264 296
410 197 519 247 BELLI
537 195 787 248 HISPANIENSIS

113 386 169 449 ubi
191 386 353 471 equitatus
375 385 494 470 partim
521 383 577 449 ubi
604 383 762 470 pedestris
784 387 876 470 copia
898 386 931 449 in
953 388 1094 452 statione

114 491 202 553 etin
225 487 380 552 excubitu
403 488 517 553 castris
541 487 702 573 praesidio
725 510 796 553 esse
818 497 959 574 possent,
982 489 1039 554 hic
1062 492 1096 555 in

114 592 258 657 adventu
285 593 438 678 Pompeio
466 589 587 673 incidit,
622 601 659 656 ut
685 593 843 656 matutino
869 600 1015 680 tempore
1039 616 1093 658 ne-

92 696 191 761 ebula
213 705 298 761 esset
319 697 527 760 crassissima.
550 694 602 759 Ita
624 694 678 758 illa
700 694 925 760 obscuratione
947 719 1022 761 cum
1039 698 1094 763 ali·

115 809 193 885 quot
225 797 411 864 cohortibus
444 807 477 862 et
509 799 654 884 equitum
687 800 800 863 turmis
834 799 1096 866 circumcludunt

115 903 264 968 Caesaris
287 904 411 989 equites
434 910 466 965 et
488 900 671 983 concidunt,
695 903 741 965 sie
763 911 800 966 ut
814 904 872 966 vix
888 905 920 967 in
935 925 974 966 ea
990 905 1096 969 caede

115 1009 209 1092 pauci
232 1007 420 1090 effugerent.

202 1110 230 1174 7.
254 1109 441 1195 Insequenti
474 1117 569 1173 nocte
602 1117 709 1174 castra
742 1130 801 1173 sua
833 1110 976 1174 incendit
999 1111 1095 1176 Pom·

116 1218 206 1300 peius
229 1222 262 1278 et
283 1223 374 1278 trans
403 1212 524 1277 flumen
552 1211 679 1279 Salsum
708 1234 765 1298 per
794 1214 954 1278 convalles
985 1224 1096 1280 castra

116 1321 200 1383 inter
222 1317 286 1381 duo
310 1314 428 1403 oppida
443 1315 608 1401 Ateguam
630 1324 663 1380 et
677 1315 819 1381 Ucubim
840 1319 874 1382 in
895 1327 1005 1383 monte
1021 1341 1096 1385 oon·

117 1425 227 1487 stituit.
252 1421 373 1487 Caesar
394 1420 520 1485 interim
542 1407 772 1485 munitionibus
795 1423 984 1506 ceterisque,
1009 1445 1096 1508 quae

118 1529 160 1593 ad
184 1525 438 1614 oppugnandum
469 1547 549 1611 opus
583 1525 715 1589 fuerunt
745 1523 904 1604 perfectis,
938 1548 1097 1611 aggerem

95 1634 292 1717 avineasque
315 1651 412 1714 agere
435 1631 579 1693 instituit.
617 1627 709 1692 Haeo
731 1626 801 1692 loca
824 1637 898 1692 eunt
924 1639 1097 1696 montuosa

118 1744 150 1799 et
171 1744 289 1800 natura
316 1734 403 1800 edita
436 1733 479 1798 ad
509 1755 580 1796 rem
613 1731 799 1814 militarcm3
839 1753 923 1818 qnae
956 1730 1096 1818 planicie

119 1838 307 1903 dividuntur
322 1840 350 1900 et
366 1836 456 1903 Salso
472 1835 614 1917 flumine,
642 1837 790 1921 proxime
805 1845 914 1900 tamen
929 1835 1097 1921 Ateguam

97 1950 154 2005 sut
175 1941 296 2004 flumen
318 1942 368 2024 sit,
403 1940 530 2004 circiter
554 1945 716 2025 'passuum
744 1939 808 2003 duo
837 1939 932 2004 milia.
978 1940 1033 2004 Ex
1056 1963 1096 2006 ea

118 2046 249 2131 regione
288 2042 397 2129 oppidi
429 2044 464 2107 in
495 2040 658 2106 montibus
696 2052 803 2107 castra
840 2043 955 2108 habuit
991 2046 1097 2129 posita

118 2149 291 2234 Pompeius
319 2149 353 2210 in
375 2155 550 2231 conspectu
578 2155 790 2232 utrorumque
818 2147 1019 2233 oppidorum,
1043 2171 1097 2213 ne-

97 2271 182 2339 uque
205 2253 270 2316 suis
293 2272 390 2316 ausus
414 2260 463 2316 eet
486 2249 628 2316 subsidio
643 2236 764 2315 venire.
788 2249 924 2338 Aquilae
947 2260 980 2316 et
1002 2254 1098 2338 signa

118 2355 233 2421 habuit
256 2373 320 2419 xm
342 2354 514 2441 legionum.
553 2355 618 2422 Sed
642 2378 684 2419 ex
707 2352 823 2440 quibus
846 2353 967 2439 aliquid
990 2355 1098 2422 firma-

119 2461 219 2524 menti
242 2480 276 2522 se
299 2457 506 2523 existimabat
539 2456 670 2539 habere,
705 2457 789 2522 duae
820 2458 950 2524 fuerunt
982 2481 1099 2525 verna·

122 2562 222 2645 culae,
247 2584 331 2647 quae
353 2585 374 2627 a
389 2559 552 2626 Trebonio
574 2560 833 2645 transfugerant;
857 2585 923 2627 una
944 2563 1032 2628 facta
1056 2587 1100 2630 ex

122 2666 262 2749 coloniis,
285 2688 369 2751 quae
391 2665 523 2730 fuerunt
545 2666 578 2728 in
600 2665 650 2729 bis
672 2664 873 2749 regionibus3
898 2676 1016 2754 quarta
1037 2667 1100 2733 fuit

122 2770 303 2835 Afraniana
331 2791 374 2834 ex
396 2768 519 2851 Africa,
550 2789 648 2853 quam
675 2789 794 2832 secum-
814 2769 1007 2835 adduxerat,
1038 2772 1099 2835 Re-

101 2872 229 2957 eliquae
262 2895 305 2937 ex
341 2873 486 2957 fugitivis
532 2866 728 2956 [auxiliares]
773 2873 992 2939 consistebant
1004 2923 1098 2941 .....

122 2975 207 3039 Nam
229 2973 270 3039 de
293 2975 357 3040 levi
387 2984 552 3039 armatura
576 2983 609 3038 et
631 2976 777 3061 equitatu
807 2975 901 3062 longe
924 2987 957 3041 et
978 2979 1100 3044 virtute

123 3087 155 3143 et
177 3100 311 3143 numero
334 3081 436 3144 nostri
458 3087 552 3143 erant
575 3081 766 3166 superiores.

208 3181 237 3248 8.
261 3180 452 3247 Accedebat
474 3181 548 3264 huc,
583 3191 620 3246 ut
652 3181 778 3268 longius
813 3182 932 3249 bellum
965 3184 1101 3252 duceret

123 3288 305 3375 Pompeius,
340 3285 427 3373 quod
460 3286 529 3349 loca
563 3295 639 3351 sunt
672 3286 759 3352 edita
782 3296 815 3352 et
843 3287 886 3352 ad
920 3297 1101 3356 castrorum

122 3392 317 3468 munitiones
352 3376 418 3456 non
455 3413 571 3476 parum
608 3390 733 3455 idonea.
779 3391 864 3455 Nam
896 3389 966 3455 fere
1002 3394 1101 3458 totius

123 3495 283 3561 ulterioris
316 3496 494 3585 Hispaniae
527 3497 616 3582 regio
650 3505 782 3583 propter
816 3504 923 3560 terrae
956 3491 1100 3560 fecundi·
