2376 3924
381 240 490 290 maun
508 240 558 303 111,
577 240 654 290 cnr.
673 242 784 291 as-m.
1007 240 1068 304 113

93 433 215 497 insidiis
238 432 357 497 adoriri
381 442 497 518 posset,
521 431 699 517 eodemque
723 429 774 495 die
800 441 936 518 uterque
959 453 1091 505 eorum³

93 560 135 600 ex
170 539 283 601 castris
317 539 441 601 stativis
469 561 489 601 a
516 537 648 600 flumine
670 535 760 621 Apso
794 538 972 601 exercitum
995 537 1070 602 edu-

94 649 185 704 cunt:
210 641 381 726 Pompeius
405 640 488 705 clam
511 649 543 704 et
565 650 672 722 noctu,
700 639 821 704 Caesar
844 640 951 726 palam
974 648 1071 725 atque

94 745 242 809 interdiu.
304 745 368 810 Sed
406 744 536 810 Caesari
574 747 710 809 circuitu
746 747 867 809 maiore
905 747 966 808 iter
1003 753 1093 817 erat4

94 849 235 932 longius,
270 848 407 913 adverso
430 849 577 932 flumine,
611 862 648 913 ut
669 848 755 913 vado
783 851 920 913 transire
950 855 1070 932 posset;

95 952 282 1036 Pompeius,
318 955 392 1037 quia
426 953 578 1038 expedito
611 955 725 1016 itinere
758 953 878 1018 flumen
909 953 939 1017 ei
972 961 1072 1014 trans-

96 1055 238 1120 eundum
260 1078 324 1119 non
354 1065 439 1137 erat,
474 1059 599 1140 magnis
633 1056 801 1121 itineribus
830 1055 873 1119 ad
896 1055 1074 1119 Antonium

96 1158 261 1223 contendit
294 1166 392 1244 atque
426 1182 501 1224 eum
533 1159 589 1224 ubi
618 1162 878 1246 appropinquare
913 1159 1073 1243 cognovit,

96 1261 247 1325 idoneum
270 1261 375 1327 locum
397 1272 511 1326 nactus
542 1261 586 1326 ibi
615 1263 723 1347 copias
746 1261 913 1326 collocavit
935 1283 1096 1346 suosque5

97 1387 208 1428 omnes
234 1367 268 1428 in
298 1359 412 1429 castris
440 1367 596 1430 continuit
623 1367 779 1450 ignesque
807 1366 877 1429 fieri
900 1365 1073 1450 prohibuit,

98 1490 161 1551 quo
186 1466 338 1532 occultior
355 1476 439 1531 esset
454 1469 521 1532 eius
537 1468 707 1533 adventus.
730 1469 824 1533 Haec
840 1469 881 1532 ad
898 1468 1076 1532 Antonium

98 1573 207 1634 statim
230 1592 288 1655 per
311 1570 455 1636 Graecos
479 1569 678 1636 deferuntur.
723 1571 781 1635 Ille
804 1573 909 1635 missis
932 1571 974 1635 ad
997 1570 1098 1642 Cae-e

99 1697 205 1739 sarem
228 1676 348 1739 nuntiis
369 1697 472 1749 unum
494 1674 580 1739 diem
603 1697 673 1740 sese
696 1678 809 1741 castris
831 1677 951 1758 tenuit;
976 1674 1076 1739 altero

99 1778 151 1842 die
174 1778 216 1842 ad
239 1800 314 1842 eum
336 1781 484 1864 pervenit
506 1776 635 1844 Caesar.
660 1777 759 1844 Cuius
783 1778 926 1844 adventu
949 1781 1098 1863 cognitos

98 1881 285 1967 Pompeius,
315 1903 356 1944 ne
379 1879 505 1946 duobus
534 1881 841 1946 circumcluderetur
870 1882 1076 1964 exercitibus,

98 2010 140 2050 ex
163 2009 200 2050 eo
216 1987 284 2052 loco
300 1985 437 2051 discedit
452 1985 664 2072 omnibusque
687 1987 785 2072 copiis
801 1985 843 2051 ad
859 1985 1078 2072 Asparagium

99 2089 401 2174 Dyrrhachinorum
445 2091 593 2175 pervenit
635 2099 733 2174 atque
776 2088 819 2152 ibi
856 2089 971 2154 idoneo
1009 2090 1077 2154 loco

100 2203 208 2256 castra
231 2194 330 2278 ponit.

185 2296 236 2358 31.
272 2297 333 2359 His
361 2294 562 2382 temporibus
586 2297 692 2382 Scipio
716 2296 917 2361 detrimentis
949 2294 1079 2381 quibus·

100 2401 176 2465 dam
203 2401 290 2464 circa
316 2409 459 2464 montem
485 2398 651 2464 Amanum
678 2401 818 2485 acceptis
851 2401 1079 2485 imperatorem

101 2528 135 2568 se
164 2502 392 2589 appellaverat.
439 2504 512 2585 Quo
540 2503 626 2568 facto
655 2502 839 2568 civitatibus
868 2503 1101 2588 tyrannisque2

101 2627 237 2690 magnas
274 2607 492 2691 imperaverat
528 2609 697 2693 pecunias,
731 2609 809 2671 item
845 2630 865 2670 a
902 2605 1081 2693 publicanis

101 2732 179 2775 suae
203 2711 388 2795 provinciae
412 2708 556 2775 debitam
583 2710 705 2775 biennii
733 2712 903 2796 pecuniam
926 2719 1081 2795 exegerat

101 2813 197 2879 atah
224 2812 338 2878 iisdem
366 2815 564 2899 insequentis
592 2815 669 2878 anni
697 2822 843 2878 mutuam
871 2822 1082 2900 praeceperat

101 2919 289 3002 equitesque
301 2919 359 2982 toti
370 2919 555 3003 provinciae
566 2919 792 3004 imperaverat.
810 2916 937 3000 Quibus
952 2920 1103 3008 coactiS,a

98 3023 246 3087 finitimis
268 3021 414 3087 hostibus
437 3021 566 3087 Parthis
589 3031 662 3108 post
683 3043 718 3086 se
740 3021 874 3104 relictis,
904 3024 959 3108 qui
987 3021 1082 3108 pardo

103 3134 178 3190 ante
208 3126 253 3190 M.
278 3123 432 3190 Crassum
458 3127 686 3212 imperatorem
718 3125 948 3190 interfecerant
977 3135 1008 3189 et
1036 3127 1081 3200 Μ,

102 3229 255 3296 Bibulum
277 3230 310 3292 in
334 3228 499 3294 obsidione
522 3228 713 3312 habuerant,
736 3229 878 3314 legiones
894 3231 1083 3314 equitesque

104 3356 147 3398 ex
170 3334 266 3419 Syria
289 3332 481 3398 deduxerat.
527 3333 759 3419 Summamque
782 3334 815 3397 in
837 3331 1106 3402 sollicitudinem

102 3459 142 3502 ac
163 3438 312 3501 timorem
327 3435 471 3500 Parthici
492 3434 568 3502 belli
590 3438 757 3523 provincia
773 3457 855 3502 >cum
869 3438 1020 3518 venisset,
1044 3458 1083 3501 ac

102 3540 273 3605 nonnullae
288 3539 425 3606 militum
440 3562 536 3606 voces
552 3562 626 3606 cum
642 3541 841 3624 audirentur,
865 3561 945 3623 sese,
969 3548 1082 3606 contra

154 3648 239 3691 llum.
252 3648 283 3691 11.
940 3643 962 3691 Q
