2376 3924
295 223 344 271 AD
364 221 463 271 CAES.
481 221 586 270 BELL.
606 221 674 271 CIV.
693 214 871 284 111,'48-sa.
965 221 1078 271 XXXIX

96 427 140 461 ros
167 408 280 461 milibus
300 407 345 461 00
366 410 508 474 genetivus
535 425 659 462 numum.
690 410 843 475 superiores
871 410 1002 472 editores,
1030 411 1078 476 qui

97 495 235 548 donatam
262 497 444 557 retinuerunt,
472 499 555 562 atque
585 495 750 546 deleverunt
781 495 945 561 Nipperdey,
970 496 1079 546 Kraner

94 582 249 649 (Tauchu.),
266 580 297 630 F.
311 581 457 644 Holmann,
476 582 590 632 Diibner
607 588 669 647 post
688 579 732 634 00
748 582 876 632 lacunam
894 587 1030 633 notarunt.
1043 610 1079 620 —
1158 649 1160 653 ι

96 671 120 731 ξ.
134 672 162 719 6:
182 667 371 734 cohortemque
385 671 486 734 postea
505 667 616 735 duplici
633 667 776 735 stipendio
788 666 991 735 frumentoque,
1010 668 1078 721 oir-

96 757 174 806 tote
200 753 440 820 spectationes
468 752 642 806 militaribus
670 768 822 820 quemque
849 753 931 806 olonis
959 754 1077 822 aotplie-

96 840 165 892 sime
184 839 319 908 donavit]
352 841 420 890 haec
443 842 497 891 iam
521 843 550 889 in
573 841 663 906 priore
688 840 806 891 editione
830 843 927 906 scripsi
951 857 1000 905 pro
1019 857 1076 891 cor-

95 927 183 991 ruptis
201 926 334 976 librorum
352 927 444 976 verbis
467 925 701 993 cospiciariia
723 925 966 992 militaribusque
985 924 1077 978 olonis.

95 1012 253 1077 Nipperdey
271 1013 337 1062 satis
355 1012 452 1062 habuit
470 1012 640 1078 corruptelae
658 1013 766 1076 signum
784 1027 893 1076 ponere.
923 1011 1042 1062 lectione
1060 1028 1078 1062 a

94 1098 127 1146 F.
146 1097 301 1147 Hofmanno
325 1098 475 1162 proposita,
503 1096 632 1147 Diibnero
652 1104 679 1146 et
695 1097 810 1146 Dintero
829 1097 955 1160 probata,
983 1099 1078 1148 veste

97 1183 141 1248 (ej.
160 1183 297 1247 Vossius),
322 1181 523 1250 coitpinriis
541 1181 770 1247 militaribusque
790 1181 881 1248 otonis,
900 1183 985 1233 nimia
1003 1187 1078 1234 certe

96 1269 168 1319 dona
185 1271 214 1318 in
232 1274 317 1318 totam
336 1269 474 1319 cohortem
494 1268 595 1318 collata
613 1284 672 1318 esse
691 1270 833 1332 videntur,
864 1285 925 1318 cum
943 1271 1079 1320 verisimi-

94 1357 150 1406 lius
169 1356 218 1419 sit,
244 1362 274 1404 ut
293 1355 501 1420 Oudendorpius
525 1357 580 1406 iam
598 1357 716 1420 monuit,
745 1347 895 1420 ‘speciatim
920 1355 1025 1420 aliquos
1045 1370 1078 1406 ex

96 1442 208 1493 cohorte
226 1440 411 1506 singularibus
430 1441 507 1490 donis
528 1439 703 1490 militaribus’
722 1456 780 1490 esee
799 1440 953 1491 honoratos.

200 1543 222 1576 c.
242 1527 282 1589 54,
302 1529 331 1576 a:
359 1525 511 1579 obstructis
530 1525 657 1578 erunibus
681 1525 783 1579 rebus
807 1531 967 1578 castrorum
982 1525 1079 1593 portis

95 1618 123 1666 ct
150 1612 189 1664 aci
216 1611 425 1679 impediendum
451 1611 583 1680 obiectis]
610 1612 714 1665 rebus
744 1613 882 1678 supplevit
908 1613 1079 1678 Nipperdey3

95 1699 203 1749 Kraner
215 1696 360 1766 (Tauchn.)
372 1700 470 1748 mirum
481 1699 621 1748 Ciacconii
633 1700 774 1748 inventum
792 1702 819 1750 et
836 1699 939 1748 fossis
958 1697 997 1750 nd
1009 1696 1079 1765 imp.

96 1783 211 1837 obiectis
230 1785 345 1850 repetiit.
376 1784 489 1833 Diibner
507 1784 730 1850 Frendenbergio
749 1790 860 1834 auctore
879 1782 993 1836 obiectis
1011 1783 1077 1836 eri-

96 1870 166 1924 ciia
191 1871 289 1933 edidit,
317 1877 454 1936 tamquam
479 1872 635 1921 obstructae
658 1877 751 1936 portae
775 1873 862 1936 magis
881 1872 963 1921 etiam
982 1869 1078 1923 ericiis

95 1958 309 2008 obstruerentur.
340 1973 390 2006 nec
410 1956 558 2022 quidquam
576 1956 693 2022 profecit
713 1956 745 2007 F.
764 1956 916 2018 Holmann,
945 1970 1006 2007 euru
1023 1961 1077 2006 tra-

96 2043 180 2092 ditam
200 2044 361 2108 scripturam
380 2042 528 2092 defendens
549 2040 710 2094 obstructas
725 2046 828 2110 portas
851 2042 974 2092 hostibus
992 2043 1079 2107 impe·

95 2130 215 2178 dimeuto
234 2127 355 2180 obiectas
375 2144 434 2178 esse
454 2129 494 2178 sic
513 2128 615 2178 dictum
635 2145 695 2178 esse
707 2134 785 2193 putat
796 2136 826 2178 ut
839 2132 863 2191 3,
876 2130 917 2188 39,
930 2130 960 2177 2:
978 2143 1079 2181 navem

95 2213 258 2266 mererium
276 2212 448 2266 submersam
465 2212 572 2266 obiecit.
591 2215 669 2264 navis
688 2217 760 2263 enim
779 2230 808 2264 re
825 2229 891 2264 vera
910 2212 1018 2266 obiecta
1036 2221 1079 2264 est

95 2303 125 2350 in
148 2301 215 2365 ipsis
239 2301 378 2361 faucibus,
406 2316 440 2349 ne
463 2307 556 2365 portus
581 2301 677 2350 intrari
701 2305 806 2365 posset:
834 2303 909 2349 itane
929 2301 1011 2349 etiam
1030 2302 1077 2351 ob-

96 2392 215 2438 structae
232 2393 327 2451 portae
346 2387 470 2437 obiectae
490 2389 572 2437 sunt?

202 2489 240 2522 cc.
254 2474 287 2521 55
305 2478 332 2522 et
350 2473 391 2522 no.
410 2472 505 2524 horum
525 2475 644 2539 capitum
664 2473 756 2524 sedem
774 2473 994 2523 commutandam
1014 2487 1076 2522 esse

96 2559 165 2609 vidit
183 2559 352 2624 Nipperdey3
372 2561 543 2610 commutatis
562 2561 683 2610 numeris
699 2561 798 2609 vitium
815 2558 946 2612 iudicavi.

200 2645 284 2707 aba,
304 2648 333 2693 1:
360 2643 458 2696 Erana
481 2644 560 2712 epod
580 2643 727 2698 Caesarem
752 2643 789 2695 in
811 2643 935 2709 equitum
957 2657 1075 2695 numero

95 2731 257 2799 Allobropes
277 2730 333 2782 cluo
351 2728 477 2799 fratrea]
496 2730 532 2782 iu
551 2731 623 2797 quod
641 2730 792 2795 ipraebet,
811 2731 997 2782 necessarium
1016 2745 1077 2780 esse

95 2821 151 2869 iam
170 2819 235 2868 olim
253 2819 355 2867 monui.
384 2832 500 2870 attimaro
519 2819 592 2868 enim
611 2818 712 2867 omissa
729 2817 944 2883 praepositione,
962 2824 993 2866 ut
1011 2817 1078 2882 Nip-

95 2905 211 2971 perdey,
238 2905 269 2954 F.
288 2904 438 2965 Holmann,
466 2905 580 2955 Diibner
602 2906 780 2969 scripserunt,
804 2903 982 2970 significaret,
1001 2903 1076 2954 Allo·

95 2991 194 3057 bruges
213 2990 278 3040 illos
297 3007 351 3040 non
370 2996 425 3040 tam
445 3006 513 3056 equo
536 2992 679 3051 meruisse,
710 3006 791 3055 quam
817 2989 976 3057 equitum
1003 2988 1078 3042 loco

95 3093 196 3143 -pro
225 3077 362 3142 equitibus
381 3104 414 3113 —
433 3076 506 3142 apud
535 3075 681 3127 Caesarem
708 3077 800 3129 luisse.
831 3077 903 3143 quod
931 3075 1078 3127 discrimen

96 3164 245 3213 dictionum
268 3178 383 3215 nurnero
408 3169 435 3213 et
458 3162 489 3214 to
507 3177 622 3215 numero
648 3178 710 3213 cum
728 3163 897 3213 notissimum
920 3163 969 3224 sit,
995 3161 1078 3210 miror

95 3248 127 3299 F.
146 3247 331 3297 Hofmannum
351 3246 524 3298 Caesarianis
542 3247 611 3298 locis
630 3248 796 3298 contrarium
814 3247 929 3298 suadere
947 3247 1076 3297 voluisse.

96 3350 158 3385 cum
177 3334 247 3383 infra
266 3350 288 3383 c.
309 3334 367 3397 110,
385 3335 402 3382 4
425 3340 558 3395 narratur,
583 3334 706 3399 fugitivis
725 3334 850 3384 omnibus
869 3338 973 3383 certum
990 3332 1075 3382 fuisse

94 3421 278 3472 Alexandriae
297 3425 436 3487 receptum
455 3426 611 3485 certamque
629 3421 702 3471 vitae
725 3420 924 3482 condicionem,
951 3422 985 3470 cti
1007 3415 1078 3470 dato

93 3505 206 3561 nemine
224 3505 345 3559 militam
363 3510 455 3558 esseut
472 3519 603 3568 numero,
631 3521 714 3556 causa
737 3504 934 3571 indignationis
953 3521 1008 3555 non
1027 3509 1077 3568 est,
