2376 3924
498 252 573 304 ele.
595 254 669 302 1-3.
1004 257 1066 320 227

95 447 173 509 (111111
196 445 329 508 idoneas
352 468 416 509 non
444 445 589 510 haberet,
635 445 741 511 Nihilo
771 456 880 511 tamen
907 450 1012 512 minus
1035 451 1068 512 in

56 568 59 573 ⁴
94 549 232 613 navibus
255 551 393 632 remiges
415 548 595 634 militesque
619 551 782 614 continere
798 560 830 614 et
844 549 964 615 nullam
979 575 1069 637 prae·

94 656 272 717 termittere
296 655 498 717 occasionem
521 655 743 738 profectionis;
783 676 856 717 cum
880 659 1091 739 praesertirn4

95 757 136 821 ab
160 757 271 821 incolis
294 759 362 821 eius
393 759 578 842 provinciae
612 760 839 822 nuntiarentur
872 757 1069 823 adversario
1139 792 1143 800 ·

96 885 167 925 rum
191 863 301 946 copiae
325 862 487 946 equitatus
517 862 671 945 infinitus,
703 862 844 948 legiones
874 864 982 948 regiae
1005 882 1069 945 1111,

96 965 174 1028 lovis
209 974 394 1029 armaturae
427 988 547 1050 magna
580 968 640 1048 vis,
675 967 832 1052 Scipionis
865 966 1007 1052 legiones
1038 985 1069 1047 x,

96 1068 257 1154 elephanti
292 1086 360 1133 cxx
399 1069 582 1154 classesque
620 1092 690 1134 esse
727 1070 917 1156 complures,
962 1080 1068 1134 tamon

95 1196 159 1236 non
188 1173 413 1237 deterrebatur
442 1176 614 1258 animoque
642 1184 674 1238 et
702 1197 758 1260 spe
788 1174 982 1239 confidebat.
1021 1174 1094 1237 ln-⁵

96 1280 189 1341 terim
213 1280 244 1340 in
268 1276 336 1341 dies
360 1286 392 1340 et
413 1299 514 1341 naves
530 1277 644 1363 longae
661 1277 826 1364 adaugeri,
851 1288 883 1342 et
906 1281 1072 1342 onerariae

96 1381 276 1465 cornplures
311 1380 425 1444 eodem
459 1403 661 1463 concurrere,
697 1391 729 1446 et
758 1382 899 1467 legiones
932 1385 1073 1447 tironum

97 1487 280 1566 convenire,
303 1486 336 1547 in
359 1484 409 1548 his
431 1494 588 1549 veterana
611 1484 693 1570 legio
717 1488 839 1571 quinta,
863 1488 1007 1571 equitum
1030 1485 1073 1551 ad

97 1607 122 1650 11
146 1589 241 1652 milia.

183 1692 212 1755 2.
237 1693 436 1777 Legionibus
471 1693 610 1759 collectis
640 1712 675 1757 v1
703 1704 735 1758 et
769 1696 914 1779 equitum
942 1712 968 1758 11
996 1694 1074 1758 mili-

98 1795 167 1876 bus,
191 1804 227 1859 ut
242 1817 390 1881 quaeque
406 1799 510 1882 prima
525 1797 608 1882 legio
623 1806 768 1879 venerat,
792 1799 825 1861 in
846 1820 946 1861 naves
962 1797 1074 1882 longas

97 1900 331 1985 imponebatur,
348 1904 471 1986 equites
489 1912 598 1967 autem
612 1905 645 1967 in
658 1904 830 1967 onerarias.
854 1903 905 1966 lta
920 1904 1095 1966 maiorem²

97 2015 223 2090 partem
255 2008 389 2070 navium
422 2007 615 2072 antecedere
637 2010 728 2073 iussit
751 2016 783 2071 et
805 2006 943 2071 insulam
965 2014 1075 2091 petere

97 2108 313 2192 Aponianam,
347 2131 431 2194 quae
460 2109 552 2175 abest
574 2136 594 2175 a
616 2110 774 2197 Lilybaeo
791 2159 922 2175 ......
939 2130 1075 2173 commo·

97 2220 187 2274 ratus
209 2211 295 2275 bona
318 2235 496 2297 paucorum
522 2212 651 2299 publice
672 2213 795 2295 vendit,
819 2212 936 2278 deinde
958 2210 1096 2276 Alienos

99 2317 250 2399 praetori,
285 2318 338 2400 qui
363 2316 505 2382 Siciliam
533 2315 709 2400 obtinebat,
743 2317 785 2381 (16
807 2315 955 2380 omnibus
977 2312 1075 2379 rebus

98 2420 255 2504 praecipit
277 2419 366 2484 etde
388 2418 510 2505 reliquo
534 2422 680 2484 exercitu
702 2419 849 2484 celeriter
870 2418 1074 2504 imponendo.

98 2524 194 2587 Datis
231 2522 397 2586 1111111111
433 2526 503 2609 ipse
539 2546 659 2589 navem
695 2522 883 2589 conscendit
919 2521 1004 2587 1.(1.
1028 2538 1097 2585 vn«

99 2626 172 2693 Kal.
196 2629 264 2692 lan.
295 2636 328 2691 et
354 2628 494 2713 reliquas
523 2650 624 2693 naves
657 2628 767 2694 statim
794 2635 845 2691 est
873 2634 1074 2691 consecutus.

98 2732 150 2794 Ita
172 2740 270 2795 vento
293 2741 381 2797 certo
404 2733 564 2819 celerique
592 2734 724 2819 navigio
746 2740 860 2797 vectus
887 2738 961 2817 post
989 2728 1097 2795 diem

100 2845 252 2922 quartum
275 2860 350 2903 cum
371 2838 474 2925 longis
497 2840 609 2925 paucis
639 2835 779 2902 navibus
806 2837 840 2901 in
867 2842 1076 2921 conspectum

99 2940 232 3005 Africae
254 2944 358 3007 venit:
395 2964 536 3027 namque
569 2943 737 3007 onerariae
769 2938 913 3025 reliquae
946 2946 1077 3025 praeter

99 3070 220 3135 paucas
247 3055 344 3111 vento
379 3046 544 3131 dispersae
577 3055 676 3131 atque
709 3042 914 3109 errabundae
946 3042 1077 3109 diversa

98 3152 169 3217 loca
191 3153 362 3236 petierunt.
407 3148 563 3235 Clupeam
585 3148 686 3215 classe
708 3148 978 3237 praetewehitur,
1000 3146 1099 3213 dein·

99 3255 283 3341 Neapolim3
308 3254 474 3340 complura
495 3261 665 3340 praeterea
686 3250 817 3319 castella
831 3262 865 3318 et
879 3251 998 3339 oppidu
1011 3274 1078 3319 non

99 3361 194 3446 longe
217 3384 236 3424 a
258 3360 340 3423 mari
362 3358 500 3443 reliquit
971 3414 974 3421 .

187 3466 216 3528 3.
246 3464 424 3547 Postquam
451 3460 670 3527 Adrumetum
699 3463 845 3545 accessit,
872 3460 931 3527 ubi
958 3460 1077 3547 praesi-

101 3569 190 3633 dium
213 3576 283 3633 erat
306 3566 577 3649 adversariorum,
600 3568 652 3631 cui
673 3574 826 3653 praeerat
846 3562 1076 3647 (1001161111πῆ

935 3666 987 3715 tu*
