2376 3924
465 242 543 294 oar.
562 244 672 297 ro-ra
992 245 1057 337 273Ι

78 433 175 499 modo
198 456 258 521 par
281 454 350 498 esse
373 441 508 518 poterat.
545 431 783 499 Sollicitabatur
806 445 914 499 autom
936 436 987 501 his
1008 453 1077 500 rer

78 537 150 622 bus,
180 537 267 623 quod
294 538 439 603 nondum
466 537 608 623 legiones
637 538 776 603 hostium
805 550 1003 623 cognoverat
1025 551 1058 607 et

80 665 222 729 quonam
243 642 339 707 modo
362 643 519 706 sustinere
542 663 576 706 se
599 651 707 727 posset
728 642 769 707 ab
785 665 896 707 eorum
912 647 1057 730 equitatu

79 746 207 832 levique
241 755 415 828 armatura,
453 767 537 831 quae
571 755 641 810 orat
673 746 818 829 mirifica,
856 749 882 811 si
915 747 1057 833 legiones

81 870 211 936 quoque
233 851 452 915 accessissent.
498 848 689 914 Accedebat
716 853 813 914 etiam
843 850 925 916 haec
948 865 1076 934 causa,³

81 951 168 1038 quod
191 952 435 1039 elephantorum
457 951 646 1036 magnitudo
675 953 910 1039 multitudoque
933 956 1056 1019 animos

80 1056 217 1122 militum
250 1055 416 1122 detinebat
448 1056 481 1119 in
515 1065 647 1120 terrore.
694 1054 754 1120 Cui
787 1059 843 1121 uni
872 1059 920 1122 rei
946 1067 1078 1121 tamen⁴

80 1162 250 1224 invenerat
276 1159 465 1224 remedium.
511 1159 660 1244 Namque
689 1159 876 1245 elephantos
899 1184 942 1225 ex
964 1161 1057 1226 ltalia

80 1254 294 1349 transportari
315 1265 463 1344 iusserat,
487 1284 550 1347 quo
567 1272 599 1327 et
621 1261 711 1326 miles
727 1272 836 1327 noster
851 1267 1057 1349 speciemque

80 1374 113 1430 et
140 1368 293 1431 virtutem
326 1365 449 1430 bestiae
482 1375 699 1449 cognosceret,
734 1375 766 1430 et
796 1369 847 1430 cui
877 1370 961 1452 parti
991 1389 1057 1431 cor-

80 1470 167 1556 poris
190 1472 258 1534 oius
280 1469 380 1533 telum
410 1467 503 1533 facile
532 1468 619 1553 adigi
648 1477 764 1554 posset,
799 1478 995 1555 ornatusque
1019 1493 1057 1534 ac

80 1573 232 1638 loricatus
255 1594 329 1638 cum
352 1580 436 1637 esset
464 1571 663 1657 elephantus,
698 1593 782 1657 quae
810 1595 885 1658 pars
915 1575 1057 1659 corporis
1155 1607 1157 1610 ⁴

81 1677 149 1741 eius
182 1676 251 1740 sinc
284 1677 425 1759 tegmine
458 1673 546 1738 nuda
579 1675 825 1760 relinqueretur,
858 1685 895 1740 ut
928 1699 965 1741 eo
993 1677 1078 1742 tela⁵

82 1780 315 1861 conicerentur,
350 1787 528 1863 praeterea,
562 1787 599 1842 ut
621 1780 764 1843 iumenta
787 1778 965 1844 bestiarum
984 1781 1057 1846 odo·

80 1906 150 1948 rem
188 1882 423 1966 stridoremque
457 1891 490 1946 et
522 1883 663 1967 speciem
697 1883 928 1948 consuetudine
962 1894 1058 1970 capta

81 2010 147 2053 non
169 1985 427 2052 reformidarent.
474 1984 601 2067 Quibus
630 2009 673 2050 ex
699 1985 798 2051 rebus
827 1987 959 2072 largiter
989 1998 1079 2054 erat⁶

82 2098 282 2157 consecutus.
328 2090 413 2154 Nam
443 2098 476 2153 et
504 2089 621 2154 milites
654 2088 775 2155 bestias
808 2090 958 2156 manibus
989 2114 1058 2177 per-

80 2192 268 2260 tractabant
291 2213 469 2277 sarumque
492 2191 679 2258 tarditatem
701 2192 949 2279 cognoscebant,
973 2198 1058 2279 equi·

80 2308 194 2383 tesque
230 2298 264 2361 in
300 2318 355 2360 cos
392 2295 464 2380 pila·
493 2295 671 2381 praepilata
704 2295 915 2381 coniciebant,
961 2306 1058 2383 atque

80 2405 115 2467 in
151 2400 416 2468 consuetudinem
453 2421 553 2485 equos
592 2401 747 2486 patientia
790 2399 968 2467 bestiarum
1004 2400 1058 2466 ad-

81 2506 231 2572 duxerat.

168 2608 219 2672 73.
243 2607 295 2675 Ob
317 2607 377 2672 has
400 2629 524 2691 causas,
559 2628 640 2692 quas
669 2629 768 2694 supra
798 2611 1058 2692 commemoravi,

81 2710 312 2777 sollicitabatur
356 2710 478 2775 Caesar
520 2710 708 2796 tardiorque
752 2720 785 2775 et
829 2712 1060 2777 consideratior

81 2825 153 2882 erat
188 2816 294 2882 factus
327 2825 360 2880 et
393 2837 436 2879 ex
473 2817 609 2901 pristina
646 2814 789 2881 bellandi
827 2815 1059 2882 consuetudine

83 2919 311 3005 celeritateque
335 2928 531 2984 excesserat.
577 2921 646 2985 Nec
668 2922 794 2986 mirum.
833 2918 951 3005 Copias
974 2921 1081 2985 enim²

82 3018 226 3089 habebat
258 3027 292 3089 in
326 3024 432 3090 Gallia
465 3022 587 3089 bellare
621 3033 791 3090 consuetas
824 3024 901 3089 locis
934 3047 1060 3111 campe·

82 3126 202 3192 stribus
230 3137 264 3193 et
291 3137 403 3193 contra
432 3127 552 3211 Gallos,
587 3128 733 3193 homines
761 3137 890 3213 apertos
917 3130 1059 3192 minime-

83 3253 146 3317 que
179 3232 357 3314 insidiosos,
393 3234 448 3317 qui
482 3255 540 3317 per
573 3234 736 3315 virtutem,
770 3253 835 3295 non
864 3254 922 3317 per
950 3229 1059 3295 dolum

83 3334 238 3400 dimicare
272 3343 485 3418 consuerunt3
518 3343 588 3400 tum
621 3345 731 3400 autem
758 3342 829 3399 erat
856 3336 885 3397 ei
912 3333 1059 3398 laboran-

84 3437 171 3522 dum,
194 3448 232 3504 ut
254 3438 496 3504 consuefaceret
509 3438 625 3504 milites
641 3438 780 3503 hostium
795 3436 893 3521 dolos,
916 3436 1081 3521 insidias,³

89 3543 225 3609 artificia
269 3566 464 3628 cognoscere
508 3553 541 3609 ct
578 3544 656 3631 quid
700 3543 800 3629 sequi,
845 3541 923 3627 quid
958 3542 1064 3606 vitare

138 3651 219 3694 vaura
232 3651 261 3694 Π,
940 3645 980 3692 hh
