2376 3924
477 254 552 306 cur.
571 256 680 306 11-10.
1001 256 1063 320 261

91 467 196 529 neque
225 445 357 508 militem
386 466 486 508 unum
515 444 557 508 ab
581 443 687 509 sieilia
716 443 903 526 sustulisset,
937 453 1087 530 postero²

93 549 144 611 die
160 549 201 612 de
217 557 372 631 suggestu
395 549 579 612 convocatis
595 549 736 611 omnium
753 546 914 632 legionum
929 547 1066 612 tribunis

93 651 406 736 centurionibusque,
431 650 582 715 ‘maxime
604 651 739 733 vellem‘,
768 653 881 735 inquit,
913 652 1067 715 ‘homines

93 779 170 819 suae
194 754 389 841 petulantiae
412 756 594 838 nimiaeque
610 754 766 819 libertatis
782 754 954 839 aliquando
970 754 1068 818 finem

93 860 245 923 fecissent
266 879 423 942 meaeque
446 857 594 939 lenitatis,
633 858 808 922 modestiae
831 860 1069 942 patientiaeque

94 966 253 1027 rationem
282 961 479 1025 habuissent.
526 961 591 1026 Sed
620 963 772 1046 quoniam
800 961 859 1026 illis
890 961 978 1025 abusi
1010 961 1091 1025 sibi³

94 1088 199 1152 neque
235 1067 368 1130 modum
403 1087 509 1149 neque
546 1068 718 1129 terminum
755 1068 962 1147 constituunt,
1008 1087 1070 1150 quo

97 1171 196 1233 ceteri
212 1168 407 1232 dissimiliter
422 1190 456 1232 se
475 1177 599 1252 gerant,
616 1177 744 1252 egomet
758 1171 826 1253 ipse
843 1169 1071 1233 documentum

95 1296 184 1337 more
207 1272 337 1336 militari
361 1273 562 1334 constituam.
594 1268 629 1333 C.
654 1270 789 1352 Avieno,
814 1270 900 1354 quod
923 1273 956 1334 in
978 1270 1093 1334 ltaliat

95 1377 211 1439 milites
235 1374 341 1460 populi
364 1375 501 1438 Romani
525 1383 636 1438 eontra
658 1373 892 1459 rempublicam
914 1377 1072 1458 instigasti

96 1482 291 1564 rapinasque
314 1501 372 1563 per
394 1479 567 1562 municipia
583 1477 686 1542 fecisti
702 1478 853 1562 quodque
869 1479 946 1542 mihi
962 1480 1073 1561 reique

97 1581 244 1666 publicae
267 1581 386 1646 inutilis
408 1581 496 1645 fuisti
519 1591 551 1645 et
573 1603 631 1666 pro
647 1581 799 1646 militibus
815 1591 905 1645 tuam
920 1582 1074 1646 familiam

97 1688 305 1769 iumentaque
327 1687 360 1748 in
382 1707 483 1749 naves
511 1687 698 1770 imposuisti,
733 1695 853 1769 tuaque
877 1707 975 1770 opera
997 1685 1074 1749 mili-

97 1789 182 1853 tibus
216 1799 360 1875 tempore
392 1790 573 1853 necessario
606 1788 788 1874 respublica
822 1798 920 1870 earet,
956 1789 996 1853 ob
1020 1811 1075 1853 eas

98 1916 150 1956 res
181 1895 375 1977 ignominiae
404 1915 503 1957 causa
525 1892 567 1957 ab
591 1895 736 1957 exercitu
765 1916 836 1957 meo
865 1903 896 1957 te
924 1914 1075 1957 removeo

99 1997 259 2082 hodieque
282 2020 324 2062 ex
347 1996 460 2062 Africa
488 1997 602 2062 abesse
631 2006 663 2062 et
693 2007 850 2082 quantum
879 2007 953 2082 pote
983 1997 1075 2081 profi·

100 2104 174 2166 cisei
197 2101 301 2166 iubeo.
325 2101 473 2185 Itemque
496 2110 538 2183 te,
562 2100 646 2164 Aule
669 2101 794 2182 Fontei,
818 2099 905 2184 quod
928 2099 1076 2163 tribunus

100 2204 236 2267 militum
259 2205 428 2270 seditiosus
451 2205 619 2288 malusque
643 2207 722 2269 civis
744 2205 842 2284 fuisti,
866 2213 897 2267 te
921 2202 962 2267 ab
986 2226 1076 2267 exer-

101 2310 166 2370 citu
190 2307 323 2371 dimitto.
348 2310 420 2372 Tite
437 2306 573 2388 Saliene,
597 2307 642 2369 M.
659 2308 746 2388 Tiro,
769 2305 805 2370 O.
822 2305 979 2387 Clusinus,
1004 2319 1098 2370 cum⁵

102 2410 230 2474 ordines
253 2413 284 2474 in
309 2433 380 2475 meo
409 2412 555 2475 exercitu
584 2409 740 2474 beneficio
769 2432 833 2474 11011
856 2411 975 2474 virtute
1006 2431 1077 2472 eon-

102 2517 203 2577 seeuti
225 2517 270 2578 ita
285 2536 343 2578 vos
366 2515 538 2600 gesseritis,
561 2523 597 2577 ut
619 2535 724 2597 neque
747 2512 829 2578 bello
852 2513 950 2577 fortes
972 2534 1078 2597 neque

103 2640 182 2702 paee
211 2617 288 2683 boni
316 2626 372 2682 aut
400 2617 494 2683 utiles
522 2619 647 2682 fueritis
675 2625 708 2680 ct
735 2618 839 2702 magis
867 2618 900 2680 in
923 2615 1078 2680 seditione

103 2721 366 2806 concitandisquc
394 2721 546 2786 militibus
575 2721 750 2785 adversum
772 2729 917 2784 vestrum
945 2722 1079 2804 impera-

102 2833 206 2888 torem
239 2847 337 2909 quam
371 2825 502 2911 pudoris
536 2823 777 2908 modestiaeque
809 2824 932 2887 fueritis
962 2822 1079 2887 studio·

105 2930 215 3010 siores,
238 2927 388 3012 indignos
411 2949 469 2991 vos
492 2949 563 2990 0000
587 2926 738 3001 arbitror,
762 2929 817 3012 qui
839 2929 872 2991 in
894 2949 966 2991 meo
989 2949 1080 2990 exer-

105 3033 170 3094 citu
205 3031 333 3097 ordines
368 3033 493 3096 ducatis
530 3034 709 3116 missosque
743 3032 825 3095 facio
859 3040 892 3095 ct
923 3040 1080 3116 quantum

105 3144 179 3220 pote
202 3134 317 3199 abesse
341 3157 383 3199 ex
406 3135 519 3198 Africa
541 3133 655 3199 iubeo'.
679 3135 795 3219 Itaque
817 3134 917 3199 tradit
939 3146 1102 3199 00000116

105 3237 286 3302 turionibus
314 3248 346 3303 ct
374 3237 515 3323 singulos
543 3260 607 3301 non
635 3238 772 3324 amplius
802 3237 934 3322 singulis
963 3237 1081 3301 additis

107 3345 209 3406 servis
232 3345 266 3406 in
288 3365 406 3408 navem
429 3341 639 3428 imponendos
662 3344 837 3427 separatim
860 3344 994 3406 curavit.

193 3446 244 3511 55.
269 3446 400 3513 Gaetuli
422 3447 551 3510 interim
573 3446 739 3531 perfugae,
770 3467 850 3530 quos
873 3467 947 3509 eum
969 3444 1082 3508 litteris

107 3551 332 3636 mandatisque
355 3573 375 3615 a
397 3547 537 3615 Caesare
564 3551 678 3614 11110000
700 3570 799 3634 0111110
827 3548 1004 3631 docuimus,
1039 3546 1096 3643 ad
