2376 3924
408 227 518 278 ursas
536 228 599 290 1111,
618 226 693 278 oar.
712 229 788 280 4-s.
1047 229 1089 295 85

108 404 294 470 exercitum
311 401 545 486 proficiscitur.
568 403 619 468 Eo
643 424 719 468 eum
742 405 902 488 venisset,
927 426 976 488 ea,
1001 425 1108 489 quaes

107 509 178 573 fore
202 507 395 592 suspicatus
419 516 502 589 erat,
525 507 618 574 facta
641 509 818 592 cognovit:
846 510 969 574 missas
994 510 1108 594 lega-s

108 614 217 676 tiones
241 610 285 675 ab
308 609 478 675 nonnullis
502 609 700 676 civitatibus
724 610 768 676 ad
793 609 979 677 Germanos
1003 614 1085 677 invi·

108 725 263 800 tatosque
287 735 353 795 eos,
377 714 427 779 uti
450 713 494 778 ab
515 714 631 779 Rheno
649 714 873 798 discederent,
898 718 1084 802 omniaque,

107 841 192 905 quae
215 817 456 904 postulassent,
480 817 523 882 ab
544 840 579 882 se
601 817 672 884 fore
695 827 826 904 parata.
851 818 926 898 Qua
951 842 1009 904 spe
1025 820 1106 889 ada

107 924 201 988 ducti
225 920 387 988 Germani
410 922 513 988 latius
537 923 753 1007 vagabantur
776 933 810 988 et
832 925 867 988 in
888 924 971 989 fines
993 923 1083 990 Ebu-

105 1050 225 1093 ronum
238 1036 270 1090 et
280 1025 538 1109 Condrusorum,
552 1028 608 1114 qui
617 1036 693 1093 sunt
701 1027 922 1094 Treverorum
930 1027 1082 1111 clientes,

104 1138 339 1216 pervenerant.
355 1129 567 1216 Principibus
581 1128 717 1196 Galliae
734 1129 1019 1197 evocatisansar
1032 1155 1104 1215 ea,s

104 1259 191 1322 quae
212 1243 430 1318 cognoverat,
449 1233 694 1299 dissimulanda
717 1233 782 1298 sibi
804 1235 1013 1300 existimavit
1030 1258 1082 1300 eo-

102 1361 243 1424 rumque
260 1339 380 1404 animis
397 1337 573 1423 permulsis
592 1346 624 1404 et
638 1338 844 1404 confirmatis
865 1341 1082 1425 equitatuque

102 1445 269 1527 imperato
286 1440 411 1506 bellum
429 1464 504 1507 cum
521 1440 700 1507 Germanis
717 1463 834 1526 gerere
850 1444 1038 1508 constituit.

191 1547 220 1611 7.
243 1547 292 1610 Re
315 1546 536 1611 frumentaria
559 1555 755 1631 comparata
773 1545 1008 1633 equitibusque
1026 1547 1081 1610 de-

101 1651 202 1717 lectis
227 1652 292 1716 iter
315 1652 350 1715 in
375 1674 414 1716 ea
437 1650 512 1715 loca
533 1650 646 1716 facere
662 1651 784 1736 coepit,
808 1649 928 1736 quibus
945 1652 979 1714 in
996 1649 1079 1715 locis

102 1778 178 1820 esse
203 1752 389 1820 Germanos
406 1754 579 1820 audiebat.
602 1753 634 1819 A
656 1754 775 1840 quibus
799 1777 873 1819 cum
896 1776 1101 1841 paucorumr

102 1860 231 1925 dierum
257 1861 321 1924 iter
337 1858 482 1940 abesset,
506 1858 613 1942 legati
630 1858 673 1923 ab
690 1859 732 1923 iis
749 1868 923 1941 venerunt,
941 1881 1079 1944 quorum

99 1964 186 2028 haec
208 1962 272 2027 fuit
296 1963 420 2028 oratio:
451 1960 637 2028 Germanos
662 1984 769 2048 neque
798 1963 927 2048 priores
956 1963 1100 2050 populos

98 2069 252 2132 Romano
276 2066 401 2132 bellum
430 2067 555 2132 inferre
583 2088 690 2152 neque
714 2076 826 2132 tamen
850 2088 1019 2151 recusare,
1049 2070 1077 2132 si

99 2170 325 2253 lacessantur,
349 2171 429 2255 quin
452 2171 554 2235 armis
578 2169 795 2252 contendant,
825 2170 914 2255 quod
939 2169 1101 2235 (derma-⁴

99 2296 219 2339 norum
243 2273 452 2340 consuetudo
478 2271 585 2360 [haec]
617 2276 659 2339 sit
684 2298 704 2339 a
727 2274 912 2340 maioribus
937 2274 1076 2359 tradita,

100 2379 299 2464 quicumque
321 2377 445 2444 bellum
465 2378 623 2462 inferant,
647 2379 806 2445 resistere
829 2399 935 2463 neque
961 2378 1077 2463 depre-

99 2483 182 2546 cari.
219 2481 313 2546 Haec
338 2490 451 2548 tamen
475 2481 603 2548 dicere:
635 2482 766 2547 venisse
789 2483 925 2564 invitos,
950 2484 1099 2548 eiectos4

99 2585 215 2668 domo,
250 2586 278 2650 si
302 2607 397 2650 suam
420 2587 568 2670 gratiam
591 2586 734 2651 Romani
757 2585 879 2667 velint,
911 2608 1011 2670 posse
1034 2588 1075 2651 iis

98 2688 201 2754 utiles
226 2679 299 2753 esse
322 2689 465 2772 amicos,
499 2687 554 2753 vel
578 2688 643 2754 sibi
667 2710 766 2773 agros
791 2688 998 2773 attribuant,
1022 2690 1076 2756 vel

96 2793 273 2879 patiantur
296 2814 352 2857 eos
376 2802 501 2877 tenere,
525 2816 607 2879 quos
632 2794 734 2859 armis
749 2793 977 2879 possederint:
1002 2816 1097 2858 seces

96 2897 174 2960 unis
188 2895 308 2962 Suebis
324 2897 520 2981 concedere,
545 2897 665 2982 quibus
678 2921 720 2963 ne
738 2897 785 2962 dii
797 2897 931 2982 quidem
945 2898 1074 2962 immor-

96 3000 185 3065 tales
202 3021 301 3086 pares
318 3022 392 3066 esse
409 3003 557 3087 possint,
580 3001 743 3088 reliquum
765 3001 900 3088 quidem
915 3003 949 3067 in
973 3005 1074 3068 terris

96 3125 172 3168 esse
195 3105 372 3188 neminem,
395 3126 492 3190 quem
515 3127 582 3170 non
599 3128 759 3191 superare
780 3107 921 3192 possint.

182 3206 211 3271 8.
234 3205 290 3272 Ad
307 3206 401 3291 haec,
426 3230 513 3294 quae
528 3209 639 3274 visum
656 3220 717 3291 est,
735 3208 864 3276 Caesar
886 3210 1072 3295 respondit;

96 3310 157 3376 sed
174 3311 285 3376 exitus
309 3310 372 3376 fuit
395 3312 576 3376 orationis:
600 3311 665 3376 sibi
689 3312 815 3378 nullam
839 3335 914 3378 cum
933 3315 975 3378 iis
991 3314 1072 3378 ami·

93 3416 213 3480 citiam
236 3437 311 3480 esse
333 3436 443 3501 posse,
465 3415 496 3480 si
518 3416 553 3480 in
571 3413 685 3482 Gallia
708 3425 938 3499 remanerent3
965 3437 1095 3501 nequer

93 3541 212 3584 verum
242 3541 331 3601 esse,
366 3519 423 3604 qui
451 3541 530 3584 suos
559 3520 643 3584 fines
679 3523 766 3585 tueri
794 3542 861 3585 non
888 3522 1070 3606 potuerint,
