2376 3924
92 237 117 286 X
389 233 602 285 ADNOTATIO
621 232 768 284 camos

93 442 127 475 zu
142 420 274 486 machen',
292 427 402 472 vertant
414 428 552 486 tamquam
570 420 671 471 omisso
682 419 818 470 vocabulo
836 417 972 488 redipisas
991 421 1075 486 scrip·

92 516 148 560 tum
176 515 261 560 esset:
289 511 323 560 ut
346 505 424 559 stulto
453 510 546 558 toraca
568 504 713 558 sssasdscs'o
742 503 895 558 obstrictus
921 503 1076 559 uideretur.

94 612 155 645 cnm
174 595 226 645 hac
245 594 354 659 quidem
373 593 569 643 enuntiationis
587 593 678 656 specie
698 592 874 642 consentiunt
889 590 945 641 loci
959 592 993 643 ab
1007 592 1076 643 Kra-

93 697 158 732 nero
182 680 300 731 laudati:
327 679 353 730 b.
379 679 429 729 civ.
456 680 486 742 2,
505 680 552 729 32:
580 692 626 730 oos
644 675 758 742 rasorio
776 675 877 730 scelere
894 676 1078 746 obstrtnperc,

93 774 120 817 et
139 767 194 816 Cic.
213 783 239 831 p.
259 765 337 816 Sulla
355 766 380 828 2,
399 765 429 814 6:
461 777 539 829 quem
567 762 732 816 obstrictum
756 777 815 815 esse
835 762 953 830 patriae
976 763 1079 830 parri·

94 852 169 906 sidio
187 851 344 919 suspicere,
372 851 457 901 alieni
475 854 567 901 autem
591 859 654 902 snut
677 851 828 900 sententiae
852 847 992 901 maledocti
1010 846 1077 900 reli·

93 938 173 1007 pisus
194 935 342 1004 obstriuqs'.
372 952 461 1001 neque
484 936 552 987 haec
576 936 661 986 verba
678 936 784 987 Kraner
803 952 834 986 eo
854 936 974 1001 aperuit,
1003 935 1077 1000 quod

93 1026 286 1089 interpretatur
312 1015 408 1073 ‘durch
436 1022 502 1072 hein
527 1021 809 1073 Schuldbewusstsein
837 1023 913 1072 einer
930 1021 1008 1086 Lago
1027 1036 1073 1088 ge·

93 1102 218 1160 bunden'
245 1125 308 1160 nam
327 1124 379 1174 quo
397 1110 457 1160 iure
476 1110 650 1174 interpretari
668 1108 752 1159 liceat
770 1107 868 1177 relisis
886 1124 935 1174 per
952 1099 1077 1157 ‘Schuld

94 1193 289 1257 bewusstsein’‚
313 1195 440 1260 equidem
457 1211 512 1245 non
530 1195 623 1254 video;
650 1196 769 1258 itemque
787 1210 830 1243 me
849 1194 926 1259 fugit,
947 1193 1013 1260 qnid
1031 1195 1079 1252 sit,

94 1273 250 1346 ‘gebunden
269 1281 353 1332 durch
373 1283 418 1332 ein
438 1277 743 1343 Schuldbewusstsein'3
770 1279 855 1331 multo
874 1280 964 1330 minus
982 1285 1077 1332 autem

95 1365 256 1432 intellegere
274 1382 397 1431 possum,
421 1367 555 1433 quomodo
573 1367 680 1417 Kraner
701 1366 865 1416 sententiam
893 1357 987 1416 ‘durch
1010 1366 1078 1417 kein

96 1451 379 1504 Schuldbewnsstsein
398 1455 473 1504 einer
490 1453 567 1518 Litge
586 1444 739 1519 gebunden’
759 1451 873 1502 eandem
898 1467 959 1503 esse
985 1452 1079 1503 dicere

94 1539 216 1603 potuerit
240 1544 335 1604 atque:
362 1531 419 1589 ‘der
443 1538 518 1590 diese
540 1537 644 1589 Schuld
665 1537 816 1588 treffsnden
836 1537 924 1588 strate
942 1537 1079 1590 verfallen

93 1644 128 1669 =
147 1626 223 1675 einer
239 1625 317 1690 Lttge
335 1616 483 1688 schuldig’!
502 1628 532 1673 ut
548 1621 683 1690 relisisse
701 1620 840 1690 obstringi
858 1621 994 1688 significat
1013 1623 1078 1674 deo-

95 1726 153 1759 rum
180 1711 275 1760 timore
302 1711 341 1759 ita
367 1710 467 1770 teneri,
495 1713 525 1758 ut
549 1714 625 1758 certa
648 1707 782 1774 quaedam
804 1708 904 1773 agendi
922 1710 992 1760 ratio
1011 1709 1079 1761 inde

96 1802 229 1860 sequatur
240 1795 270 1860 ¹),
294 1797 333 1845 ita
350 1794 424 1843 haud
443 1794 525 1844 drrbie
543 1792 683 1846 mandacii
695 1792 829 1862 reltptoae
842 1793 981 1862 obstrtsspi
993 1796 1081 1861 signi

95 1880 176 1931 ficare
195 1895 306 1930 necesse
326 1887 380 1942 est,
407 1880 573 1930 verecundia
592 1880 709 1944 quadam
727 1882 831 1944 teneri,
863 1882 1007 1945 quominus
1027 1880 1079 1931 ali·

96 1982 177 2031 quam
195 1965 275 2016 fidem
294 1965 384 2018 datam
402 1965 545 2015 violemus.
575 1966 711 2021 mendacii
732 1967 866 2031 religione
886 1968 1000 2033 quisque
1019 1972 1080 2019 tum

96 2052 287 2116 obstringitur,
315 2066 376 2100 cnm
394 2050 474 2100 fidem
493 2051 547 2101 dat.
568 2051 632 2101 inde
651 2057 772 2117 apparet,
791 2053 889 2103 verba:
917 2056 950 2104 stt
968 2051 996 2104 st'
1010 2067 1082 2119 perv

96 2140 158 2188 acto
186 2134 336 2188 contestata
361 2134 493 2188 Caesaris
520 2150 578 2188 nou
597 2136 745 2203 profectas
770 2141 853 2203 esset,
880 2135 961 2189 stalla
982 2141 1082 2193 tornea

95 2222 236 2276 mendacis·
257 2220 392 2290 salapinae
415 2222 568 2276 obstrictus
591 2222 744 2290 ‘uideretuq
772 2224 880 2274 etiamsi
901 2222 1080 2275 difficultates

95 2309 169 2374 illae,
197 2309 231 2360 de
250 2309 348 2374 quibus
367 2316 449 2360 antea
466 2310 530 2372 dixi,
558 2326 613 2360 non
632 2316 732 2373 essent,
757 2315 848 2360 tamen
867 2310 932 2359 ferri
949 2309 1080 2374 nequir03

96 2410 158 2445 narn
180 2401 211 2445 ut
235 2394 324 2445 standi
347 2395 375 2444 in
401 2395 542 2459 promissis
566 2396 714 2444 necessitas
738 2409 771 2444 ex
789 2394 922 2460 religione
940 2394 1081 2447 mendacii

96 2488 176 2532 enata
192 2481 271 2545 adsit,
291 2472 368 2532 nulla
385 2482 441 2532 alia
460 2480 620 2532 condicione
638 2481 692 2532 nisi
710 2479 769 2530 sola
787 2479 839 2530 fide
859 2481 923 2530 data
940 2495 1008 2546 opus
1027 2488 1081 2533 est.

199 2618 221 2651 c.
242 2602 282 2663 13,
302 2605 331 2652 1:
356 2599 480 2668 protasis
497 2598 598 2652 haheat
615 2597 756 2651 rationem
774 2597 811 2650 in
830 2603 1014 2666 posterum
1033 2603 1084 2654 ci-

96 2685 226 2739 vitatis
256 2691 283 2739 et
305 2685 434 2753 ‘perient-i
465 2684 529 2754 sat]
559 2685 623 2735 libri
650 2684 832 2752 posteritatis
863 2686 965 2737 habent
993 2688 1080 2755 idque

96 2776 229 2825 munitum
248 2790 307 2824 esse
325 2780 423 2839 putant
440 2773 559 2822 editores
577 2771 646 2821 locis
665 2771 866 2835 Ciceronianis,
892 2772 940 2822 ubi
953 2774 1084 2839 posteri·-

97 2865 142 2912 tas
161 2876 242 2911 sensu
261 2860 345 2908 nostri
362 2851 525 2923 ‘Folgezeit'
544 2857 696 2908 adhibitum
715 2857 758 2907 sit.
781 2857 827 2907 sed
840 2858 930 2908 Varus
948 2875 1002 2909 non
1020 2865 1080 2912 tarn

96 2946 197 3010 posteri
221 2945 350 3008 temporis
374 2958 455 3010 quam
480 2945 598 2994 civitatis
617 2944 657 2993 rei
676 2943 802 2994 Caesaris
823 2943 942 2994 faventis
960 2960 1097 2997 commo--

99 3097 230 3106 ..ψ-..α-
246 3100 263 3104 -
280 3099 305 3104 .-

198 3188 216 3239 ¹)
231 3186 255 3228 F.
271 3185 379 3227 Hotmann
397 3184 473 3226 eiectis
492 3185 546 3228 locis
559 3199 572 3227 a
585 3185 681 3226 Kranero
695 3184 812 3236 adscriptis
826 3183 937 3226 Ciceronis
951 3183 1016 3226 verbs
1030 3184 1085 3226 lau.

96 3257 134 3298 dat
147 3255 203 3297 Phil.
219 3258 239 3306 2,
253 3257 286 3306 ³3,
301 3256 339 3296 88:
359 3254 502 3296 obstrinxisti
514 3256 621 3306 rasspsoru
633 3256 742 3308 populum
755 3254 894 3301 Romumsm,
915 3254 952 3295 ssd
971 3250 1014 3295 non
1027 3266 1084 3297 ssn·

94 3325 151 3366 sisse
163 3323 250 3365 videtur
262 3324 317 3364 haec
330 3323 396 3363 verbs
409 3323 450 3364 etsi
466 3323 571 3375 quadrent
592 3323 614 3363 iu
632 3326 729 3364 nostrum
747 3323 829 3372 locum,
852 3325 927 3363 contra
945 3321 1081 3365 sententiam

94 3393 263 3443 commiscere,
278 3391 313 3442 qni
327 3390 446 3444 Nipperdsi
460 3390 574 3432 lectionem
587 3391 686 3443 probant.
713 3403 781 3442 augur
799 3391 856 3431 enim
870 3389 976 3432 antonius
995 3390 1080 3432 obnun-

94 3462 189 3505 tiatione
202 3462 305 3514 populum
320 3461 440 3502 obstrinxit
453 3462 573 3512 relisisse,
595 3459 707 3510 quominus
722 3461 834 3502 Dolabella
847 3460 889 3502 rite
903 3462 988 3501 creatus
1001 3462 1083 3503 consui

94 3531 215 3574 videretur.
1080 3536 1083 3541 ’
