2376 3924
152 215 216 280 254
456 220 506 268 nu
525 220 644 270 ennuo
665 219 824 269 clmnoo

152 430 226 472 esse
249 406 462 473 afficiendam
485 406 669 491 iudicabat,
692 429 735 494 ne
757 410 915 475 universa
932 400 1048 476 (iallia
1063 431 1129 476 non

152 510 216 575 sibi
232 512 321 576 vires
340 511 485 577 defuisse
498 512 543 577 ad
558 512 783 578 resistendum
797 513 958 578 Romanis
976 513 1037 579 sed
1051 535 1128 580 con·

152 615 313 679 stantiam
336 624 483 701 putaret,
518 636 603 681 neve
625 616 689 681 hoc
713 617 865 704 exemplo
889 627 1023 684 ceterae
1046 620 1129 684 civi·

151 727 241 784 tates
257 718 406 784 locorum
422 721 673 805 opportunitate
689 720 797 785 fretae
812 743 849 786 se
864 721 1080 788 vindicarent
1095 724 1129 788 in

129 821 353 905 alibertatem,
378 843 453 887 cum
478 822 631 888 omnibus
656 820 767 888 Gallis
789 834 905 890 notum
928 838 1011 890 esse
1027 827 1130 891 sciret

151 926 314 1012 reliquam
327 947 402 990 esse
417 927 518 990 unam
530 935 697 992 aestatem
707 949 788 992 suae
804 929 1011 1013 provinciae,
1028 950 1129 1014 quam

151 1031 179 1095 si
193 1031 359 1095 sustinere
374 1031 572 1115 potuissent,
590 1028 717 1095 nullum
732 1029 824 1096 ultra
838 1030 1024 1116 pericnlum
1036 1054 1130 1097 vere·

129 1144 276 1199 irentur.
299 1134 418 1220 Itaque
434 1133 474 1214 Q.
491 1132 653 1199 Calenum
668 1134 819 1218 legatum
842 1156 917 1200 cum
939 1135 1129 1219 legionibus

151 1237 299 1323 reliquit,
333 1239 389 1323 qui
419 1240 518 1303 iustis
541 1237 720 1304 itineribus
744 1237 1019 1324 subsequeretur3
1057 1241 1130 1325 ipse

152 1363 227 1405 cum
250 1342 340 1406 omni
364 1343 514 1427 equitatu
533 1363 632 1427 quam
646 1350 758 1429 potest
774 1341 949 1408 celerrime
967 1343 1013 1408 ad
1028 1340 1130 1408 (lani-

151 1447 242 1510 nium
266 1444 451 1512 contendit.
842 1434 845 1439 ¹

237 1549 288 1615 40.
305 1548 389 1614 (lum
403 1559 522 1615 contra
539 1551 827 1635 exspectationem
844 1551 989 1615 omnium
1002 1548 1131 1617 Caesar

150 1654 403 1721 Uxellodunum
425 1655 575 1718 venisset
604 1652 828 1740 oppidumque
857 1653 1014 1739 operibus
1038 1653 1129 1718 clau·

153 1780 224 1822 sum
248 1756 534 1822 animadverteret
558 1777 666 1841 neque
690 1755 733 1821 ab
750 1749 1002 1841 oppugnatione
1018 1757 1131 1822 recedi

151 1860 283 1926 videret
305 1858 375 1924 ulla
398 1858 596 1924 condicione
619 1880 727 1945 posse,
750 1880 874 1944 magna
898 1862 1131 1946 autem-copia

152 1964 310 2028 frumenti
334 1962 508 2029 abundare
525 1963 710 2050 oppidanos
724 1986 767 2028 ex
778 1963 928 2050 perfugis
940 1972 1131 2046 cognosset,

130 2085 241 2152 taqua
264 2066 440 2152 prohibere
455 2064 585 2131 hostem
603 2076 771 2153 temptare
787 2067 907 2153 coepit.
922 2065 1066 2131 Flumen
1082 2067 1131 2131 in·

152 2172 265 2237 limam
280 2170 410 2237 vallem·
427 2169 613 2255 dividebat,
638 2193 725 2256 quae
739 2179 846 2236 totum
861 2192 969 2256 paene
984 2156 1131 2236 montem

154 2275 325 2361 cingebat,
348 2277 383 2341 in
407 2297 471 2361 quo
494 2276 641 2360 positum
663 2283 737 2340 erat
752 2282 969 2360 praeruptum
984 2272 1132 2360 undique

130 2379 312 2467 aoppidum
334 2378 594 2445 Uxellodunum.
640 2379 714 2444 Hoc
737 2387 891 2444 avertere
919 2377 985 2443 looi
1009 2386 1132 2444 natura

153 2482 369 2570 prohibebat3
407 2485 442 2547 in
473 2483 596 2547 infimis
620 2484 708 2547 enim
732 2484 781 2548 sic
804 2481 979 2547 radicibus
1007 2483 1131 2548 montis

152 2587 334 2670 ferebatur,
349 2596 386 2651 ut
402 2585 530 2650 nullam
545 2587 580 2650 in
595 2594 727 2671 partem
743 2584 912 2671 depressis
927 2584 1028 2650 fossis
1046 2585 1132 2651 deri·

130 2693 228 2756 4vari
246 2699 370 2777 posset.
393 2689 479 2754 Erat
494 2697 607 2754 autern
623 2688 801 2774 oppidanis
819 2687 967 2754 difficilis
984 2697 1018 2754 et
1035 2709 1132 2775 prae·

153 2803 271 2880 ruptus
295 2816 334 2858 eo
359 2793 552 2876 descensus,
575 2802 613 2857 ut
636 2790 893 2878 prohibentibus
916 2792 1043 2857 nostris
1060 2793 1133 2858 sine

153 2896 349 2963 vulneribus
384 2918 425 2963 ac
460 2885 610 2983 periculo
634 2897 727 2960 vitae
761 2916 868 2981 neque
891 2895 987 2965 adire
1008 2886 1132 2961 flamen

131 3017 261 3086 cneque
284 3000 389 3065 arduo
407 3023 443 3066 se
458 3001 608 3085 recipere
623 3007 763 3085 possent
779 3020 933 3066 ascensu.
958 2997 1033 3080 Qua
1046 2996 1133 3063 diffi'·

153 3104 283 3170 oultate
307 3126 421 3169 eorum
436 3105 575 3187 cognita
591 3101 721 3169 Caesar
744 3103 935 3187 sagittariis
950 3100 1151 3171 fundum·—

153 3209 282 3295 busquc
298 3207 482 3295 dispositis,
505 3209 682 3273 tormentis
700 3209 801 3272 etiam
824 3205 1024 3292 quibusdam
1047 3204 1132 3271 loeis

154 3322 272 3380 contra
294 3311 474 3377 facillimos
492 3309 673 3376 descensus
691 3310 866 3375 collocatis
883 3309 1132 3396 aqua'fluminis

153 3416 353 3504 prohibebat
377 3414 574 3502 oppidanos.
630 3410 633 3416 ’
1008 3406 1010 3411 ’
