2376 3924
417 777 454 844 0.
477 779 593 846 IULII
615 777 832 846 CAESARIS

208 937 315 1046 DE
358 937 629 1048 BBLLO
673 938 1044 1050 GALLIGO

414 1158 561 1208 LIBER
585 1159 836 1211 SEPTIMUS.

481 1518 771 1574 ARGUMENTUM.

141 1657 181 1726 [A.
200 1660 234 1709 U.
253 1657 282 1707 Ο.
303 1657 371 1726 702]
409 1657 478 1707 Gum
498 1659 597 1708 Caesar
624 1663 698 1707 motu
725 1657 828 1708 urbano
852 1658 880 1707 in
898 1657 980 1710 Italia
1004 1661 1116 1711 retineri

174 1745 301 1810 ferretur,
325 1744 426 1794 multae
446 1743 586 1794 Gallorum
611 1749 704 1809 gentes
729 1744 762 1794 de
780 1745 966 1810 recuperanda
989 1746 1116 1799 libertate

174 1832 331 1897 conspirant
357 1849 381 1883 o.
401 1835 423 1882 1.
460 1833 544 1882 Primi
570 1832 715 1895 Carnutes,
743 1832 840 1884 deinde
864 1834 978 1886 Arverni
1005 1839 1116 1885 auctore

173 1919 398 1985 Vercingetorige
411 1918 510 1969 bellum
525 1920 690 1984 suscipiunt3
708 1919 750 1969 his
768 1921 905 1986 Bituriges
924 1936 953 1972 se
965 1920 1117 1986 adiungunt

175 2021 197 2054 c.
216 2006 293 2058 2-o.
329 2004 430 2056 Caesar
453 2021 484 2054 ex
508 2002 590 2057 Italia
613 2020 739 2056 reversus
757 2004 790 2056 de
815 2006 960 2072 improviso
979 2007 1115 2058 Arvernos

174 2093 280 2144 invadit
299 2097 325 2142 et
343 2091 472 2157 opprimit
494 2107 516 2140 o.
536 2091 616 2154 6-83
642 2090 797 2156 legionibus
820 2107 898 2156 quam
922 2091 1063 2143 celerrime
1087 2094 1116 2142 in

174 2196 257 2230 unum
275 2180 366 2229 locum
392 2177 492 2227 coactis
510 2177 586 2227 Boiis
605 2177 707 2226 auxilio
726 2175 912 2242 proficiscitur,
939 2195 1052 2245 quorum
1071 2195 1117 2245 op·

174 2266 267 2331 pidum
281 2264 464 2330 Gorgobinam
483 2263 575 2313 hostes
594 2262 662 2312 duce
679 2263 903 2330 Vercingetorige
922 2265 1118 2331 oppugnabant

175 2369 197 2402 c.
216 2353 309 2402 9-11.
327 2352 359 2401 ln
377 2352 474 2401 itinere
492 2349 739 2412 Vellaunodunum,
759 2349 907 2415 Genabum,
926 2351 1116 2402 Noviodunum

175 2439 273 2504 oppida
295 2439 368 2504 capit
391 2453 413 2487 c.
434 2437 548 2500 12-133
575 2436 674 2486 deinde
691 2437 851 2500 Avaricum,
877 2438 919 2488 oui
944 2437 996 2488 soli
1019 2439 1117 2489 ceteris

177 2526 330 2591 Biturigum
344 2524 449 2589 oppidis
464 2523 582 2574 incensis
597 2522 669 2572 Galli
680 2528 864 2588 pepercerant,
879 2539 938 2574 curu
952 2524 1120 2589 aliquamdiu

174 2611 281 2661 fortiter
303 2611 441 2661 defensum
466 2614 551 2672 esset,
577 2610 883 2676 expugnato.14-2'l.
917 2611 990 2661 Dum
1010 2610 1084 2662 Galli
1102 2628 1119 2662 a

173 2699 396 2763 Vercingetorige
405 2697 511 2747 incitati
522 2695 595 2746 bello
608 2696 792 2747 continuando
806 2713 915 2762 operam
925 2696 999 2761 dant,
1014 2697 1118 2748 Caesar

175 2784 329 2836 Aeduorum
354 2784 441 2834 turbis
466 2798 483 2833 a
504 2782 579 2834 bello
597 2787 727 2833 avocatur
745 2799 768 2833 e.
787 2784 903 2848 29-333
931 2784 1030 2850 quibus
1045 2795 1117 2835 oum-

174 2872 269 2936 positis
288 2871 441 2921 Labienum
461 2886 521 2920 cum
541 2871 674 2920 exercitus
697 2875 773 2935 parte
796 2870 824 2920 in
844 2862 967 2922 Senones
984 2871 1117 2922 Parisios·

176 2974 228 3023 que
256 2956 376 3024 delegat3
407 2959 464 3023 ipse
494 2958 529 3009 ad
557 2957 721 3024 Gergoviam
747 2957 926 3024 proficiscitur
955 2975 979 3010 e.
1005 2956 1118 3010 el-ee.

175 3046 255 3096 Hanc
279 3060 453 3111 oppugnans,
480 3060 540 3095 oum
567 3045 664 3095 iterum
691 3046 719 3095 in
739 3045 840 3095 Aeduis
864 3047 960 3097 turbae
983 3046 1119 3097 excitatae

178 3137 268 3183 essent
295 3149 317 3183 o.
337 3133 451 3194 32-39,
479 3132 579 3183 Caesar
607 3133 770 3182 auxiliorum
794 3132 828 3182 ab
847 3132 948 3183 Aeduis
975 3133 1118 3183 missorum

177 3219 321 3272 defectioni
339 3234 500 3269 occursurus
524 3235 586 3269 cum
609 3219 742 3269 exereitus
767 3223 843 3284 parte
861 3219 904 3268 lris
929 3219 1037 3269 obviam
1056 3234 1119 3284 pro·

176 3305 305 3357 ficiscitur
330 3323 353 3357 c.
371 3306 413 3356 40.
448 3305 559 3356 Interim
584 3309 674 3355 eastra
696 3319 778 3370 aegre
809 3322 827 3356 a
853 3304 993 3356 Gallorum
1015 3305 1120 3370 impetu

177 3393 356 3443 defenduntur
384 3408 405 3446 c.
429 3391 470 3442 41.
507 3391 574 3442 Cum
598 3406 724 3441 reversus
747 3397 820 3443 esset
842 3393 870 3442 in
894 3397 985 3442 castra
1009 3389 1119 3456 Caesar,

176 3479 263 3529 Aedui
287 3478 415 3530 deficiunt
438 3494 462 3529 c.
480 3479 522 3542 42,
541 3478 582 3528 48.
619 3477 734 3528 Romani
761 3477 925 3544 Gergoviam
949 3479 1052 3544 impetu
1075 3494 1118 3529 ea-
