2376 3924
390 226 502 279 uranu
513 227 536 288 1,
549 226 624 281 cur.
640 227 748 279 19-21.
1019 230 1060 296 15

80 439 149 483 non
173 415 279 482 solum
303 416 348 482 ad
371 417 588 483 minuendam
609 419 757 502 gratiam
765 468 774 503 ,
802 418 863 484 sed
885 441 992 505 paene
1015 420 1059 484 ad

80 520 262 606 perniciem
297 543 392 586 suam
424 530 584 588 uteretur.
630 520 711 587 Sese
741 531 854 587 tamen
884 531 917 588 et
946 545 1080 589 amores

80 625 230 690 fraterno
247 631 280 688 et
296 625 547 691 existimatione
562 624 656 709 vulgi
672 627 885 691 commoveri.
915 625 1014 707 Quod
1029 628 1081 691 sis

81 727 162 813 quid
179 728 209 793 ei
225 749 246 791 a
261 724 409 792 Caesare
425 728 563 810 gravius
579 727 773 812 accidisset,
797 751 871 794 cum
895 730 967 815 ipse
983 752 1058 796 eum

79 829 189 895 locum
206 830 377 895 amicitiae
393 829 484 915 apud
500 852 574 895 eum
593 839 733 914 teneret,
757 832 925 897 neminem
941 832 1057 897 existi-

78 942 247 999 maturum
274 955 341 998 non
374 955 434 998 sua
462 932 639 1000 voluntate
669 934 812 1018 factum3
850 956 916 1020 qua
950 959 994 1026 ex
1021 959 1057 1002 re

78 1037 238 1122 futurum,
261 1039 311 1103 uti
327 1039 432 1104 totius
445 1029 581 1104 Galliae
597 1040 702 1105 animi
723 1061 744 1102 a
761 1062 797 1104 se
813 1047 1057 1108 averterentur.

78 1140 174 1205 Haec
197 1141 446 1227 cumpluribus
470 1141 582 1208 verbis
605 1142 687 1208 flens
711 1141 894 1210 aansare
916 1153 1079 1230 peteret,⁵

79 1241 207 1308 Caesar
241 1245 311 1312 eius
347 1245 502 1311 dextram
530 1246 683 1332 prendit;
720 1247 916 1316 consolatus
946 1258 1056 1333 rogat,

78 1348 177 1413 finem
208 1348 326 1414 orandi
356 1348 478 1432 faciat,
516 1349 606 1415 tanti
636 1350 707 1416 eius
736 1349 826 1435 apud
851 1374 887 1416 se
909 1353 1057 1436 gratiam

79 1474 152 1517 esse
176 1451 334 1534 ostendit,
358 1453 408 1516 uti
432 1461 466 1517 et
488 1451 695 1537 reipublicae
718 1453 876 1519 iniuriam
900 1464 933 1521 et
960 1477 1056 1521 suum
1084 1530 1087 1535 g

79 1554 228 1621 dolorem
245 1555 315 1621 eius
332 1554 503 1621 voluntati
519 1577 559 1622 ac
577 1555 735 1642 precibus
752 1555 930 1622 condonet.
953 1557 1078 1623 Dum-e

79 1660 228 1743 norigem
253 1658 297 1725 ad
321 1670 490 1743 sevocat,
514 1661 654 1727 fratrem
678 1657 836 1744 adhibet3
860 1682 946 1745 quse
966 1663 999 1726 in
1017 1684 1055 1727 eo

78 1761 314 1847 reprehendat,
331 1762 496 1847 ostendit3
520 1784 606 1850 quae
619 1764 691 1849 ipse
703 1761 891 1846 intellegat,
908 1784 994 1849 quae
1010 1767 1055 1829 oi·

77 1868 168 1932 vitas
198 1876 366 1953 queratur,
398 1868 571 1954 proponit3
608 1875 732 1952 monet,
766 1875 803 1932 ut
832 1868 866 1932 in
893 1865 1057 1952 reliquum

76 1980 207 2057 tempus
224 1992 338 2035 omnes
356 1971 563 2056 suspiciones
578 1971 683 2054 uitet3
705 1971 890 2057 praeterita
908 1993 944 2035 ss
959 1969 1055 2035 Divi·

76 2075 167 2140 tiaco
190 2073 288 2138 fratri
311 2072 505 2139 condonare
530 2073 623 2139 dicit.
667 2072 869 2157 Dumnorigi
895 2073 1054 2139 custodes

77 2177 187 2263 ponit,
222 2184 273 2260 ut,
308 2197 394 2262 quae
416 2185 515 2260 agat,
539 2175 737 2262 quibuscum
760 2175 933 2262 loquatur,
968 2178 1055 2243 scire

77 2281 194 2367 possit.

179 2383 232 2450 21.
247 2383 376 2450 Eodem
393 2383 448 2449 die
464 2383 507 2449 ab
524 2382 795 2471 exploratoribus
809 2385 933 2452 certior
944 2384 1054 2451 factus

77 2489 191 2555 hostes
207 2488 397 2555 submonte
420 2487 615 2553 consedisse
637 2486 733 2556 milia
755 2509 915 2572 passuum
940 2487 983 2554 ab
1007 2490 1054 2576 ip·

78 2594 147 2658 sius
160 2594 284 2658 castris
298 2600 384 2676 octo,
401 2591 510 2679 qualis
525 2601 613 2658 esset
625 2601 749 2659 natura
762 2594 885 2658 montis
898 2592 1054 2678 et'qualis

78 2699 113 2762 in
134 2698 279 2762 circuitu
302 2718 479 2780 ascensus,
505 2697 561 2782 qui
588 2707 843 2781 cognoscerent,
866 2697 968 2763 misit.
991 2698 1076 2766 Res

77 2802 270 2866 nuntiatum
286 2808 337 2865 est
353 2798 488 2866 facilem
504 2822 588 2866 esse.
611 2799 664 2866 De
687 2800 790 2866 tertia
807 2799 928 2883 vigilia
943 2798 1055 2866 Titum

76 2903 274 2987 Labienum,
291 2903 442 2988 legatum
456 2925 516 2991 pro
533 2913 699 2990 praetore,
716 2925 791 2970 cum
805 2903 934 2976 duabus
950 2903 1054 2988 legio·

76 3007 176 3075 nibus
194 3015 227 3073 et
244 3008 286 3073 iis
310 3006 461 3090 ducibus,
479 3009 536 3094 qui
553 3009 618 3074 iter
637 3018 877 3092 cognoverant,
893 3031 1055 3075 summum

76 3115 191 3198 iugum
218 3111 341 3178 montis
370 3111 555 3178 ascendere
583 3109 693 3194 iubet3
730 3109 811 3197 quid
841 3112 892 3176 sui
920 3111 1053 3178 consilii

78 3219 134 3302 sit,
159 3214 317 3282 ostendit.
340 3215 418 3300 Ipse
441 3213 483 3280 de
499 3224 621 3301 quarta
641 3214 762 3299 vigilia
787 3215 902 3281 eodem
923 3217 1076 3300 itinere,³

77 3342 142 3407 quo
165 3319 279 3386 hostes
302 3320 423 3402 ierant,
452 3318 498 3385 ad
521 3341 578 3386 eos
601 3318 776 3385 contendit
803 3321 1054 3406 equitatumque

78 3445 208 3491 omnem
219 3432 300 3491 ante
311 3444 349 3489 se
362 3423 480 3491 mittit.
500 3423 538 3491 P.
547 3421 742 3506 Considius,
759 3423 816 3508 qui
832 3424 881 3489 rei
896 3422 1076 3489 militaris⁴

76 3527 317 3615 peritissimus,
334 3522 666 3625 hammam-br
687 3526 847 3605 ,exercitu
875 3526 916 3592 L.
939 3523 1055 3592 Sullae
