<?xml version="1.0" encoding="UTF-8"?>
<!DOCTYPE html PUBLIC "-//W3C//DTD XHTML 1.0 Transitional//EN"
    "http://www.w3.org/TR/xhtml1/DTD/xhtml1-transitional.dtd">
<html xmlns="http://www.w3.org/1999/xhtml" xml:lang="en" lang="en">
 <head>
  <title>
</title>
<meta http-equiv="Content-Type" content="text/html;charset=utf-8" />
  <meta name='ocr-system' content='tesseract 3.04.00' />
  <meta name='ocr-capabilities' content='ocr_page ocr_carea ocr_par ocr_line ocrx_word'/>
</head>
<body>
  <div class='ocr_page' id='page_1' title='image "./ciuliicaesarisc00hoffgoog/ciuliicaesarisc00hoffgoog_0444.png"; bbox 0 0 2376 3924; ppageno 0'>
   <div class='ocr_carea' id='block_1_1' title="bbox 376 234 1056 302">
    <p class='ocr_par' dir='ltr' id='par_1_1' title="bbox 376 234 1056 302">
     <span class='ocr_line' id='line_1_1' title="bbox 376 234 1056 302; baseline 0.026 -18"><span class='ocrx_word' id='word_1_1' title='bbox 376 234 487 284; x_wconf 80' lang='lat' dir='ltr'><strong>maen</strong></span> <span class='ocrx_word' id='word_1_2' title='bbox 506 237 527 294; x_wconf 85' lang='lat'><strong>1,</strong></span> <span class='ocrx_word' id='word_1_3' title='bbox 548 235 624 286; x_wconf 73' lang='lat' dir='ltr'><strong>car.</strong></span> <span class='ocrx_word' id='word_1_4' title='bbox 644 235 755 293; x_wconf 78' lang='lat' dir='ltr'><strong>so-se,</strong></span> <span class='ocrx_word' id='word_1_5' title='bbox 1014 239 1056 302; x_wconf 83' lang='lat'><strong>39</strong></span> 
     </span>
    </p>
   </div>
   <div class='ocr_carea' id='block_1_2' title="bbox 75 426 1087 3624">
    <p class='ocr_par' dir='ltr' id='par_1_2' title="bbox 75 426 1084 2485">
     <span class='ocr_line' id='line_1_2' title="bbox 76 426 1056 512; baseline 0.006 -25"><span class='ocrx_word' id='word_1_6' title='bbox 76 426 156 488; x_wconf 92' lang='lat' dir='ltr'><strong>tiore</strong></span> <span class='ocrx_word' id='word_1_7' title='bbox 179 428 226 489; x_wconf 93' lang='lat' dir='ltr'><strong>uti</strong></span> <span class='ocrx_word' id='word_1_8' title='bbox 248 428 366 511; x_wconf 86' lang='lat' dir='ltr'><strong>spatio,</strong></span> <span class='ocrx_word' id='word_1_9' title='bbox 396 427 554 511; x_wconf 86' lang='lat' dir='ltr'><strong>producta</strong></span> <span class='ocrx_word' id='word_1_10' title='bbox 582 426 707 512; x_wconf 90' lang='lat' dir='ltr'><strong>longius</strong></span> <span class='ocrx_word' id='word_1_11' title='bbox 730 429 799 491; x_wconf 88' lang='lat' dir='ltr'><strong>acie</strong></span> <span class='ocrx_word' id='word_1_12' title='bbox 823 430 1056 493; x_wconf 88' lang='lat' dir='ltr'><strong>circumvenire</strong></span> 
     </span>
     <span class='ocr_line' id='line_1_3' title="bbox 75 528 1059 616; baseline 0.003 -24"><span class='ocrx_word' id='word_1_13' title='bbox 75 538 202 593; x_wconf 85' lang='lat' dir='ltr'><strong>nostros</strong></span> <span class='ocrx_word' id='word_1_14' title='bbox 235 539 292 593; x_wconf 91' lang='lat' dir='ltr'><strong>aut</strong></span> <span class='ocrx_word' id='word_1_15' title='bbox 324 529 470 615; x_wconf 84' lang='lat' dir='ltr'><strong>pluribus</strong></span> <span class='ocrx_word' id='word_1_16' title='bbox 503 528 641 594; x_wconf 88' lang='lat' dir='ltr'><strong>navibus</strong></span> <span class='ocrx_word' id='word_1_17' title='bbox 676 529 796 595; x_wconf 87' lang='lat' dir='ltr'><strong>adoriri</strong></span> <span class='ocrx_word' id='word_1_18' title='bbox 829 531 971 616; x_wconf 87' lang='lat' dir='ltr'><strong>singulas</strong></span> <span class='ocrx_word' id='word_1_19' title='bbox 1002 541 1059 596; x_wconf 91' lang='lat' dir='ltr'><strong>aut</strong></span> 
     </span>
     <span class='ocr_line' id='line_1_4' title="bbox 76 634 1058 720; baseline 0.003 -24"><span class='ocrx_word' id='word_1_20' title='bbox 76 655 182 697; x_wconf 89' lang='lat' dir='ltr'><strong>remos</strong></span> <span class='ocrx_word' id='word_1_21' title='bbox 204 643 462 699; x_wconf 79' lang='lat' dir='ltr'><strong>transcurrentes</strong></span> <span class='ocrx_word' id='word_1_22' title='bbox 486 634 672 720; x_wconf 83' lang='lat' dir='ltr'><strong>detergere,</strong></span> <span class='ocrx_word' id='word_1_23' title='bbox 703 637 728 698; x_wconf 89' lang='lat' dir='ltr'><strong>si</strong></span> <span class='ocrx_word' id='word_1_24' title='bbox 752 644 898 720; x_wconf 84' lang='lat' dir='ltr'><strong>possent,</strong></span> <span class='ocrx_word' id='word_1_25' title='bbox 930 644 1058 700; x_wconf 86' lang='lat' dir='ltr'><strong>conten-</strong></span> 
     </span>
     <span class='ocr_line' id='line_1_5' title="bbox 77 737 1081 826; baseline 0.002 -26"><span class='ocrx_word' id='word_1_26' title='bbox 77 737 212 822; x_wconf 78' lang='lat' dir='ltr'><strong>debant3</strong></span> <span class='ocrx_word' id='word_1_27' title='bbox 249 761 323 803; x_wconf 88' lang='lat' dir='ltr'><strong>cum</strong></span> <span class='ocrx_word' id='word_1_28' title='bbox 355 741 486 826; x_wconf 88' lang='lat' dir='ltr'><strong>propius</strong></span> <span class='ocrx_word' id='word_1_29' title='bbox 520 749 590 803; x_wconf 92' lang='lat' dir='ltr'><strong>erat</strong></span> <span class='ocrx_word' id='word_1_30' title='bbox 618 741 800 804; x_wconf 87' lang='lat' dir='ltr'><strong>necessario</strong></span> <span class='ocrx_word' id='word_1_31' title='bbox 830 748 980 822; x_wconf 86' lang='lat' dir='ltr'><strong>ventum,</strong></span> <span class='ocrx_word' id='word_1_32' title='bbox 1017 740 1081 804; x_wconf 82' lang='lat' dir='ltr'><strong>abr</strong></span> 
     </span>
     <span class='ocr_line' id='line_1_6' title="bbox 76 840 1060 926; baseline 0.005 -24"><span class='ocrx_word' id='word_1_33' title='bbox 76 842 210 905; x_wconf 88' lang='lat' dir='ltr'><strong>scientia</strong></span> <span class='ocrx_word' id='word_1_34' title='bbox 238 840 494 926; x_wconf 83' lang='lat' dir='ltr'><strong>gubernatorum</strong></span> <span class='ocrx_word' id='word_1_35' title='bbox 528 851 625 926; x_wconf 88' lang='lat' dir='ltr'><strong>atque</strong></span> <span class='ocrx_word' id='word_1_36' title='bbox 660 843 803 907; x_wconf 87' lang='lat' dir='ltr'><strong>artificiis</strong></span> <span class='ocrx_word' id='word_1_37' title='bbox 833 842 875 907; x_wconf 91' lang='lat' dir='ltr'><strong>ad</strong></span> <span class='ocrx_word' id='word_1_38' title='bbox 905 846 1060 907; x_wconf 89' lang='lat' dir='ltr'><strong>virtutem</strong></span> 
     </span>
     <span class='ocr_line' id='line_1_7' title="bbox 76 946 1082 1030; baseline -0.002 -21"><span class='ocrx_word' id='word_1_39' title='bbox 76 955 304 1010; x_wconf 77' lang='lat' dir='ltr'><strong>montanorum</strong></span> <span class='ocrx_word' id='word_1_40' title='bbox 327 946 565 1030; x_wconf 82' lang='lat' dir='ltr'><strong>confugiebant.</strong></span> <span class='ocrx_word' id='word_1_41' title='bbox 609 947 718 1010; x_wconf 81' lang='lat' dir='ltr'><strong>Nostri</strong></span> <span class='ocrx_word' id='word_1_42' title='bbox 742 969 816 1010; x_wconf 90' lang='lat' dir='ltr'><strong>cum</strong></span> <span class='ocrx_word' id='word_1_43' title='bbox 838 948 944 1010; x_wconf 90' lang='lat' dir='ltr'><strong>minus</strong></span> <span class='ocrx_word' id='word_1_44' title='bbox 967 967 1082 1010; x_wconf 83' lang='lat' dir='ltr'><strong>exer-e</strong></span> 
     </span>
     <span class='ocr_line' id='line_1_8' title="bbox 78 1049 1060 1135; baseline 0 -21"><span class='ocrx_word' id='word_1_45' title='bbox 78 1052 181 1114; x_wconf 84' lang='lat' dir='ltr'><strong>citatis</strong></span> <span class='ocrx_word' id='word_1_46' title='bbox 219 1049 395 1134; x_wconf 84' lang='lat' dir='ltr'><strong>remigibus</strong></span> <span class='ocrx_word' id='word_1_47' title='bbox 431 1052 601 1134; x_wconf 88' lang='lat' dir='ltr'><strong>minusque</strong></span> <span class='ocrx_word' id='word_1_48' title='bbox 639 1052 750 1135; x_wconf 90' lang='lat' dir='ltr'><strong>peritis</strong></span> <span class='ocrx_word' id='word_1_49' title='bbox 787 1049 1060 1135; x_wconf 88' lang='lat' dir='ltr'><strong>gubernatoribus</strong></span> 
     </span>
     <span class='ocr_line' id='line_1_9' title="bbox 78 1151 1061 1238; baseline 0.001 -22"><span class='ocrx_word' id='word_1_50' title='bbox 78 1152 267 1235; x_wconf 83' lang='lat' dir='ltr'><strong>utebantur,</strong></span> <span class='ocrx_word' id='word_1_51' title='bbox 298 1155 353 1238; x_wconf 92' lang='lat' dir='ltr'><strong>qui</strong></span> <span class='ocrx_word' id='word_1_52' title='bbox 381 1162 515 1238; x_wconf 91' lang='lat' dir='ltr'><strong>repente</strong></span> <span class='ocrx_word' id='word_1_53' title='bbox 544 1175 587 1216; x_wconf 87' lang='lat' dir='ltr'><strong>ex</strong></span> <span class='ocrx_word' id='word_1_54' title='bbox 615 1154 770 1216; x_wconf 87' lang='lat' dir='ltr'><strong>onerariis</strong></span> <span class='ocrx_word' id='word_1_55' title='bbox 800 1151 938 1217; x_wconf 80' lang='lat' dir='ltr'><strong>navibus</strong></span> <span class='ocrx_word' id='word_1_56' title='bbox 968 1163 1061 1217; x_wconf 90' lang='lat' dir='ltr'><strong>erant</strong></span> 
     </span>
     <span class='ocr_line' id='line_1_10' title="bbox 78 1255 1061 1342; baseline -0.001 -22"><span class='ocrx_word' id='word_1_57' title='bbox 78 1257 225 1342; x_wconf 83' lang='lat' dir='ltr'><strong>producti</strong></span> <span class='ocrx_word' id='word_1_58' title='bbox 249 1279 354 1341; x_wconf 91' lang='lat' dir='ltr'><strong>neque</strong></span> <span class='ocrx_word' id='word_1_59' title='bbox 377 1257 456 1320; x_wconf 93' lang='lat' dir='ltr'><strong>dum</strong></span> <span class='ocrx_word' id='word_1_60' title='bbox 476 1259 574 1320; x_wconf 90' lang='lat' dir='ltr'><strong>etiam</strong></span> <span class='ocrx_word' id='word_1_61' title='bbox 597 1255 763 1321; x_wconf 83' lang='lat' dir='ltr'><strong>vocabulis</strong></span> <span class='ocrx_word' id='word_1_62' title='bbox 786 1266 1061 1321; x_wconf 84' lang='lat' dir='ltr'><strong>armamentorum</strong></span> 
     </span>
     <span class='ocr_line' id='line_1_11' title="bbox 79 1359 1061 1444; baseline 0 -22"><span class='ocrx_word' id='word_1_63' title='bbox 79 1363 229 1443; x_wconf 79' lang='lat' dir='ltr'><strong>cognitis,</strong></span> <span class='ocrx_word' id='word_1_64' title='bbox 264 1369 333 1423; x_wconf 91' lang='lat' dir='ltr'><strong>tum</strong></span> <span class='ocrx_word' id='word_1_65' title='bbox 361 1362 459 1423; x_wconf 88' lang='lat' dir='ltr'><strong>etiam</strong></span> <span class='ocrx_word' id='word_1_66' title='bbox 489 1359 642 1424; x_wconf 89' lang='lat' dir='ltr'><strong>tarditate</strong></span> <span class='ocrx_word' id='word_1_67' title='bbox 678 1370 711 1424; x_wconf 91' lang='lat' dir='ltr'><strong>et</strong></span> <span class='ocrx_word' id='word_1_68' title='bbox 739 1362 899 1444; x_wconf 87' lang='lat' dir='ltr'><strong>gravitate</strong></span> <span class='ocrx_word' id='word_1_69' title='bbox 929 1362 1061 1423; x_wconf 88' lang='lat' dir='ltr'><strong>navium</strong></span> 
     </span>
     <span class='ocr_line' id='line_1_12' title="bbox 79 1463 1061 1548; baseline -0.001 -22"><span class='ocrx_word' id='word_1_70' title='bbox 79 1463 353 1548; x_wconf 81' lang='lat' dir='ltr'><strong>impediebantur3</strong></span> <span class='ocrx_word' id='word_1_71' title='bbox 382 1464 487 1528; x_wconf 86' lang='lat' dir='ltr'><strong>factae</strong></span> <span class='ocrx_word' id='word_1_72' title='bbox 516 1467 601 1528; x_wconf 91' lang='lat' dir='ltr'><strong>enim</strong></span> <span class='ocrx_word' id='word_1_73' title='bbox 631 1464 735 1529; x_wconf 87' lang='lat' dir='ltr'><strong>subito</strong></span> <span class='ocrx_word' id='word_1_74' title='bbox 766 1487 808 1528; x_wconf 85' lang='lat' dir='ltr'><strong>ex</strong></span> <span class='ocrx_word' id='word_1_75' title='bbox 837 1463 970 1528; x_wconf 88' lang='lat' dir='ltr'><strong>humida</strong></span> <span class='ocrx_word' id='word_1_76' title='bbox 996 1485 1061 1526; x_wconf 86' lang='lat' dir='ltr'><strong>ma·</strong></span> 
     </span>
     <span class='ocr_line' id='line_1_13' title="bbox 78 1567 1084 1661; baseline -0.003 -32"><span class='ocrx_word' id='word_1_77' title='bbox 78 1569 159 1630; x_wconf 88' lang='lat' dir='ltr'><strong>teria</strong></span> <span class='ocrx_word' id='word_1_78' title='bbox 182 1590 246 1631; x_wconf 93' lang='lat' dir='ltr'><strong>non</strong></span> <span class='ocrx_word' id='word_1_79' title='bbox 269 1567 408 1631; x_wconf 90' lang='lat' dir='ltr'><strong>eundem</strong></span> <span class='ocrx_word' id='word_1_80' title='bbox 425 1590 520 1632; x_wconf 90' lang='lat' dir='ltr'><strong>usum</strong></span> <span class='ocrx_word' id='word_1_81' title='bbox 543 1568 714 1633; x_wconf 84' lang='lat' dir='ltr'><strong>celeritatis</strong></span> <span class='ocrx_word' id='word_1_82' title='bbox 730 1567 905 1632; x_wconf 87' lang='lat' dir='ltr'><strong>habebant.</strong></span> <span class='ocrx_word' id='word_1_83' title='bbox 933 1568 1084 1661; x_wconf 54' lang='lat' dir='ltr'><strong>Itaque74</strong></span> 
     </span>
     <span class='ocr_line' id='line_1_14' title="bbox 79 1670 1062 1758; baseline 0 -25"><span class='ocrx_word' id='word_1_84' title='bbox 79 1670 157 1733; x_wconf 91' lang='lat' dir='ltr'><strong>dum</strong></span> <span class='ocrx_word' id='word_1_85' title='bbox 179 1670 267 1735; x_wconf 92' lang='lat' dir='ltr'><strong>locus</strong></span> <span class='ocrx_word' id='word_1_86' title='bbox 283 1673 460 1736; x_wconf 89' lang='lat' dir='ltr'><strong>comminus</strong></span> <span class='ocrx_word' id='word_1_87' title='bbox 476 1673 643 1758; x_wconf 90' lang='lat' dir='ltr'><strong>pugnandi</strong></span> <span class='ocrx_word' id='word_1_88' title='bbox 660 1672 804 1754; x_wconf 85' lang='lat' dir='ltr'><strong>daretur,</strong></span> <span class='ocrx_word' id='word_1_89' title='bbox 828 1693 932 1755; x_wconf 88' lang='lat' dir='ltr'><strong>aequo</strong></span> <span class='ocrx_word' id='word_1_90' title='bbox 956 1672 1062 1734; x_wconf 88' lang='lat' dir='ltr'><strong>animo</strong></span> 
     </span>
     <span class='ocr_line' id='line_1_15' title="bbox 79 1775 1064 1861; baseline 0 -24"><span class='ocrx_word' id='word_1_91' title='bbox 79 1776 221 1861; x_wconf 88' lang='lat' dir='ltr'><strong>singulas</strong></span> <span class='ocrx_word' id='word_1_92' title='bbox 243 1776 327 1841; x_wconf 90' lang='lat' dir='ltr'><strong>binis</strong></span> <span class='ocrx_word' id='word_1_93' title='bbox 343 1775 480 1840; x_wconf 90' lang='lat' dir='ltr'><strong>navibus</strong></span> <span class='ocrx_word' id='word_1_94' title='bbox 504 1775 687 1840; x_wconf 89' lang='lat' dir='ltr'><strong>obiciebant</strong></span> <span class='ocrx_word' id='word_1_95' title='bbox 703 1785 800 1860; x_wconf 90' lang='lat' dir='ltr'><strong>atque</strong></span> <span class='ocrx_word' id='word_1_96' title='bbox 823 1776 940 1839; x_wconf 88' lang='lat' dir='ltr'><strong>iniecta</strong></span> <span class='ocrx_word' id='word_1_97' title='bbox 964 1796 1064 1839; x_wconf 90' lang='lat' dir='ltr'><strong>manu</strong></span> 
     </span>
     <span class='ocr_line' id='line_1_16' title="bbox 77 1877 1061 1964; baseline 0.002 -23"><span class='ocrx_word' id='word_1_98' title='bbox 77 1879 183 1943; x_wconf 90' lang='lat' dir='ltr'><strong>ferrea</strong></span> <span class='ocrx_word' id='word_1_99' title='bbox 216 1888 248 1944; x_wconf 93' lang='lat' dir='ltr'><strong>et</strong></span> <span class='ocrx_word' id='word_1_100' title='bbox 280 1890 408 1945; x_wconf 88' lang='lat' dir='ltr'><strong>retenta</strong></span> <span class='ocrx_word' id='word_1_101' title='bbox 437 1894 575 1964; x_wconf 88' lang='lat' dir='ltr'><strong>utraque</strong></span> <span class='ocrx_word' id='word_1_102' title='bbox 606 1902 690 1945; x_wconf 86' lang='lat' dir='ltr'><strong>nave</strong></span> <span class='ocrx_word' id='word_1_103' title='bbox 719 1879 837 1944; x_wconf 88' lang='lat' dir='ltr'><strong>diversi</strong></span> <span class='ocrx_word' id='word_1_104' title='bbox 869 1877 1061 1964; x_wconf 85' lang='lat' dir='ltr'><strong>pugnabant</strong></span> 
     </span>
     <span class='ocr_line' id='line_1_17' title="bbox 79 1982 1060 2067; baseline -0.002 -21"><span class='ocrx_word' id='word_1_105' title='bbox 79 1992 176 2067; x_wconf 90' lang='lat' dir='ltr'><strong>atque</strong></span> <span class='ocrx_word' id='word_1_106' title='bbox 209 1986 242 2048; x_wconf 88' lang='lat' dir='ltr'><strong>in</strong></span> <span class='ocrx_word' id='word_1_107' title='bbox 276 1984 416 2049; x_wconf 90' lang='lat' dir='ltr'><strong>hostium</strong></span> <span class='ocrx_word' id='word_1_108' title='bbox 444 2006 545 2048; x_wconf 87' lang='lat' dir='ltr'><strong>naves</strong></span> <span class='ocrx_word' id='word_1_109' title='bbox 573 1982 848 2049; x_wconf 89' lang='lat' dir='ltr'><strong>transcendebant</strong></span> <span class='ocrx_word' id='word_1_110' title='bbox 877 1993 910 2047; x_wconf 92' lang='lat' dir='ltr'><strong>et</strong></span> <span class='ocrx_word' id='word_1_111' title='bbox 942 2004 1060 2066; x_wconf 88' lang='lat' dir='ltr'><strong>magno</strong></span> 
     </span>
     <span class='ocr_line' id='line_1_18' title="bbox 78 2087 1064 2174; baseline -0.003 -24"><span class='ocrx_word' id='word_1_112' title='bbox 78 2110 212 2151; x_wconf 87' lang='lat' dir='ltr'><strong>numero</strong></span> <span class='ocrx_word' id='word_1_113' title='bbox 243 2087 432 2153; x_wconf 80' lang='lat' dir='ltr'><strong>Albicorum</strong></span> <span class='ocrx_word' id='word_1_114' title='bbox 472 2097 505 2153; x_wconf 88' lang='lat' dir='ltr'><strong>et</strong></span> <span class='ocrx_word' id='word_1_115' title='bbox 536 2097 703 2174; x_wconf 89' lang='lat' dir='ltr'><strong>pastorum</strong></span> <span class='ocrx_word' id='word_1_116' title='bbox 735 2088 904 2152; x_wconf 88' lang='lat' dir='ltr'><strong>interfecto</strong></span> <span class='ocrx_word' id='word_1_117' title='bbox 938 2095 1064 2170; x_wconf 89' lang='lat' dir='ltr'><strong>partem</strong></span> 
     </span>
     <span class='ocr_line' id='line_1_19' title="bbox 78 2190 1063 2278; baseline -0.002 -25"><span class='ocrx_word' id='word_1_118' title='bbox 78 2193 210 2255; x_wconf 88' lang='lat' dir='ltr'><strong>navium</strong></span> <span class='ocrx_word' id='word_1_119' title='bbox 226 2191 420 2278; x_wconf 86' lang='lat' dir='ltr'><strong>deprimunt,</strong></span> <span class='ocrx_word' id='word_1_120' title='bbox 452 2190 620 2256; x_wconf 88' lang='lat' dir='ltr'><strong>nonnullas</strong></span> <span class='ocrx_word' id='word_1_121' title='bbox 636 2214 711 2255; x_wconf 88' lang='lat' dir='ltr'><strong>oum</strong></span> <span class='ocrx_word' id='word_1_122' title='bbox 725 2190 907 2255; x_wconf 86' lang='lat' dir='ltr'><strong>hominibus</strong></span> <span class='ocrx_word' id='word_1_123' title='bbox 923 2190 1063 2273; x_wconf 83' lang='lat' dir='ltr'><strong>capiunt,</strong></span> 
     </span>
     <span class='ocr_line' id='line_1_20' title="bbox 79 2292 1066 2381; baseline -0.002 -25"><span class='ocrx_word' id='word_1_124' title='bbox 79 2293 219 2379; x_wconf 89' lang='lat' dir='ltr'><strong>reliquas</strong></span> <span class='ocrx_word' id='word_1_125' title='bbox 242 2297 276 2359; x_wconf 89' lang='lat' dir='ltr'><strong>in</strong></span> <span class='ocrx_word' id='word_1_126' title='bbox 298 2304 428 2381; x_wconf 89' lang='lat' dir='ltr'><strong>portum</strong></span> <span class='ocrx_word' id='word_1_127' title='bbox 444 2294 646 2381; x_wconf 88' lang='lat' dir='ltr'><strong>compellunt.</strong></span> <span class='ocrx_word' id='word_1_128' title='bbox 686 2296 734 2360; x_wconf 84' lang='lat' dir='ltr'><strong>Eo</strong></span> <span class='ocrx_word' id='word_1_129' title='bbox 758 2294 810 2358; x_wconf 72' lang='lat' dir='ltr'><strong>&lt;lie</strong></span> <span class='ocrx_word' id='word_1_130' title='bbox 833 2315 934 2358; x_wconf 85' lang='lat' dir='ltr'><strong>naves</strong></span> <span class='ocrx_word' id='word_1_131' title='bbox 950 2292 1066 2356; x_wconf 90' lang='lat' dir='ltr'><strong>Massi-</strong></span> 
     </span>
     <span class='ocr_line' id='line_1_21' title="bbox 80 2396 1064 2485; baseline 0.003 -26"><span class='ocrx_word' id='word_1_132' title='bbox 80 2396 226 2463; x_wconf 88' lang='lat' dir='ltr'><strong>liensium</strong></span> <span class='ocrx_word' id='word_1_133' title='bbox 250 2421 324 2463; x_wconf 89' lang='lat' dir='ltr'><strong>cum</strong></span> <span class='ocrx_word' id='word_1_134' title='bbox 347 2402 399 2482; x_wconf 87' lang='lat' dir='ltr'><strong>iis,</strong></span> <span class='ocrx_word' id='word_1_135' title='bbox 430 2421 514 2484; x_wconf 91' lang='lat' dir='ltr'><strong>quae</strong></span> <span class='ocrx_word' id='word_1_136' title='bbox 537 2408 612 2464; x_wconf 91' lang='lat' dir='ltr'><strong>sunt</strong></span> <span class='ocrx_word' id='word_1_137' title='bbox 635 2409 766 2485; x_wconf 87' lang='lat' dir='ltr'><strong>captae,</strong></span> <span class='ocrx_word' id='word_1_138' title='bbox 790 2400 952 2463; x_wconf 90' lang='lat' dir='ltr'><strong>intereunt</strong></span> <span class='ocrx_word' id='word_1_139' title='bbox 975 2412 1064 2462; x_wconf 84' lang='lat' dir='ltr'>V1111.</span> 
     </span>
    </p>

    <p class='ocr_par' dir='ltr' id='par_1_3' title="bbox 80 2500 1087 3624">
     <span class='ocr_line' id='line_1_22' title="bbox 165 2500 1062 2589; baseline -0.004 -24"><span class='ocrx_word' id='word_1_140' title='bbox 165 2502 215 2567; x_wconf 77' lang='lat'><strong>59.</strong></span> <span class='ocrx_word' id='word_1_141' title='bbox 240 2504 312 2568; x_wconf 93' lang='lat' dir='ltr'><strong>Hoc</strong></span> <span class='ocrx_word' id='word_1_142' title='bbox 335 2505 475 2589; x_wconf 90' lang='lat' dir='ltr'><strong>primum</strong></span> <span class='ocrx_word' id='word_1_143' title='bbox 491 2502 623 2568; x_wconf 79' lang='lat' dir='ltr'><strong>Caesari</strong></span> <span class='ocrx_word' id='word_1_144' title='bbox 646 2503 689 2567; x_wconf 91' lang='lat' dir='ltr'><strong>ad</strong></span> <span class='ocrx_word' id='word_1_145' title='bbox 711 2501 853 2566; x_wconf 88' lang='lat' dir='ltr'><strong>Ilerdam</strong></span> <span class='ocrx_word' id='word_1_146' title='bbox 880 2500 1062 2580; x_wconf 77' lang='lat' dir='ltr'><strong>nuntiatur3</strong></span> 
     </span>
     <span class='ocr_line' id='line_1_23' title="bbox 81 2600 1087 2692; baseline -0.008 -22"><span class='ocrx_word' id='word_1_147' title='bbox 81 2606 173 2670; x_wconf 89' lang='lat' dir='ltr'><strong>simul</strong></span> <span class='ocrx_word' id='word_1_148' title='bbox 197 2607 340 2692; x_wconf 87' lang='lat' dir='ltr'><strong>perfeeto</strong></span> <span class='ocrx_word' id='word_1_149' title='bbox 362 2616 458 2692; x_wconf 91' lang='lat' dir='ltr'><strong>ponte</strong></span> <span class='ocrx_word' id='word_1_150' title='bbox 489 2605 636 2671; x_wconf 86' lang='lat' dir='ltr'><strong>celeriter</strong></span> <span class='ocrx_word' id='word_1_151' title='bbox 664 2606 794 2670; x_wconf 85' lang='lat' dir='ltr'><strong>fortuna</strong></span> <span class='ocrx_word' id='word_1_152' title='bbox 817 2612 971 2668; x_wconf 88' lang='lat' dir='ltr'><strong>mutatur.</strong></span> <span class='ocrx_word' id='word_1_153' title='bbox 1016 2600 1087 2665; x_wconf 74' lang='lat' dir='ltr'><strong>Illia</strong></span> 
     </span>
     <span class='ocr_line' id='line_1_24' title="bbox 81 2705 1066 2795; baseline -0.002 -24"><span class='ocrx_word' id='word_1_154' title='bbox 81 2711 241 2795; x_wconf 77' lang='lat' dir='ltr'><strong>perterriti</strong></span> <span class='ocrx_word' id='word_1_155' title='bbox 257 2711 376 2774; x_wconf 86' lang='lat' dir='ltr'><strong>virtute</strong></span> <span class='ocrx_word' id='word_1_156' title='bbox 389 2712 533 2794; x_wconf 88' lang='lat' dir='ltr'><strong>equitum</strong></span> <span class='ocrx_word' id='word_1_157' title='bbox 545 2711 651 2773; x_wconf 88' lang='lat' dir='ltr'><strong>minus</strong></span> <span class='ocrx_word' id='word_1_158' title='bbox 665 2708 776 2792; x_wconf 83' lang='lat' dir='ltr'><strong>libere,</strong></span> <span class='ocrx_word' id='word_1_159' title='bbox 792 2709 898 2772; x_wconf 89' lang='lat' dir='ltr'><strong>minus</strong></span> <span class='ocrx_word' id='word_1_160' title='bbox 911 2705 1066 2770; x_wconf 89' lang='lat' dir='ltr'><strong>audacter</strong></span> 
     </span>
     <span class='ocr_line' id='line_1_25' title="bbox 80 2812 1087 2899; baseline -0.003 -23"><span class='ocrx_word' id='word_1_161' title='bbox 80 2812 296 2897; x_wconf 76' lang='lat' dir='ltr'><strong>vagabantur,</strong></span> <span class='ocrx_word' id='word_1_162' title='bbox 320 2813 398 2878; x_wconf 89' lang='lat' dir='ltr'><strong>alias</strong></span> <span class='ocrx_word' id='word_1_163' title='bbox 420 2836 484 2878; x_wconf 90' lang='lat' dir='ltr'><strong>non</strong></span> <span class='ocrx_word' id='word_1_164' title='bbox 508 2813 602 2899; x_wconf 88' lang='lat' dir='ltr'><strong>longo</strong></span> <span class='ocrx_word' id='word_1_165' title='bbox 626 2837 645 2877; x_wconf 91' lang='lat' dir='ltr'><strong>a</strong></span> <span class='ocrx_word' id='word_1_166' title='bbox 669 2815 781 2878; x_wconf 89' lang='lat' dir='ltr'><strong>castris</strong></span> <span class='ocrx_word' id='word_1_167' title='bbox 809 2813 971 2899; x_wconf 86' lang='lat' dir='ltr'><strong>progressi</strong></span> <span class='ocrx_word' id='word_1_168' title='bbox 996 2829 1087 2895; x_wconf 76' lang='lat' dir='ltr'><strong>spa-s</strong></span> 
     </span>
     <span class='ocr_line' id='line_1_26' title="bbox 81 2913 1065 3003; baseline -0.002 -23"><span class='ocrx_word' id='word_1_169' title='bbox 81 2919 140 2998; x_wconf 86' lang='lat' dir='ltr'><strong>tio,</strong></span> <span class='ocrx_word' id='word_1_170' title='bbox 170 2925 206 2980; x_wconf 91' lang='lat' dir='ltr'><strong>ut</strong></span> <span class='ocrx_word' id='word_1_171' title='bbox 229 2915 365 2981; x_wconf 88' lang='lat' dir='ltr'><strong>celerem</strong></span> <span class='ocrx_word' id='word_1_172' title='bbox 387 2927 555 3003; x_wconf 90' lang='lat' dir='ltr'><strong>receptum</strong></span> <span class='ocrx_word' id='word_1_173' title='bbox 577 2916 745 2999; x_wconf 83' lang='lat' dir='ltr'><strong>haberent,</strong></span> <span class='ocrx_word' id='word_1_174' title='bbox 774 2918 942 3002; x_wconf 88' lang='lat' dir='ltr'><strong>angustius</strong></span> <span class='ocrx_word' id='word_1_175' title='bbox 967 2913 1065 3001; x_wconf 86' lang='lat' dir='ltr'><strong>pabu-</strong></span> 
     </span>
     <span class='ocr_line' id='line_1_27' title="bbox 81 3019 1065 3104; baseline -0.002 -21"><span class='ocrx_word' id='word_1_176' title='bbox 81 3020 249 3102; x_wconf 78' lang='lat' dir='ltr'><strong>labantm,</strong></span> <span class='ocrx_word' id='word_1_177' title='bbox 280 3019 358 3085; x_wconf 88' lang='lat' dir='ltr'><strong>alias</strong></span> <span class='ocrx_word' id='word_1_178' title='bbox 380 3019 523 3104; x_wconf 86' lang='lat' dir='ltr'><strong>longiore</strong></span> <span class='ocrx_word' id='word_1_179' title='bbox 553 3022 690 3085; x_wconf 88' lang='lat' dir='ltr'><strong>circuitu</strong></span> <span class='ocrx_word' id='word_1_180' title='bbox 712 3019 877 3084; x_wconf 83' lang='lat' dir='ltr'><strong>custodias</strong></span> <span class='ocrx_word' id='word_1_181' title='bbox 900 3020 1065 3084; x_wconf 87' lang='lat' dir='ltr'><strong>stationes-</strong></span> 
     </span>
     <span class='ocr_line' id='line_1_28' title="bbox 83 3122 1065 3211; baseline -0.004 -23"><span class='ocrx_word' id='word_1_182' title='bbox 83 3146 145 3209; x_wconf 89' lang='lat' dir='ltr'><strong>que</strong></span> <span class='ocrx_word' id='word_1_183' title='bbox 168 3126 313 3208; x_wconf 87' lang='lat' dir='ltr'><strong>equitum</strong></span> <span class='ocrx_word' id='word_1_184' title='bbox 335 3122 493 3207; x_wconf 84' lang='lat' dir='ltr'><strong>vitabant,</strong></span> <span class='ocrx_word' id='word_1_185' title='bbox 518 3132 573 3189; x_wconf 91' lang='lat' dir='ltr'><strong>aut</strong></span> <span class='ocrx_word' id='word_1_186' title='bbox 589 3123 696 3209; x_wconf 92' lang='lat' dir='ltr'><strong>aliquo</strong></span> <span class='ocrx_word' id='word_1_187' title='bbox 721 3134 855 3211; x_wconf 87' lang='lat' dir='ltr'><strong>accepto</strong></span> <span class='ocrx_word' id='word_1_188' title='bbox 873 3124 1065 3187; x_wconf 88' lang='lat' dir='ltr'><strong>detrimento</strong></span> 
     </span>
     <span class='ocr_line' id='line_1_29' title="bbox 82 3227 1065 3314; baseline -0.004 -23"><span class='ocrx_word' id='word_1_189' title='bbox 82 3238 138 3291; x_wconf 75' lang='lat' dir='ltr'><strong>aurt</strong></span> <span class='ocrx_word' id='word_1_190' title='bbox 166 3228 277 3313; x_wconf 89' lang='lat' dir='ltr'><strong>procul</strong></span> <span class='ocrx_word' id='word_1_191' title='bbox 307 3230 452 3314; x_wconf 86' lang='lat' dir='ltr'><strong>equitatu</strong></span> <span class='ocrx_word' id='word_1_192' title='bbox 479 3230 548 3292; x_wconf 87' lang='lat' dir='ltr'><strong>viso</strong></span> <span class='ocrx_word' id='word_1_193' title='bbox 578 3251 620 3292; x_wconf 85' lang='lat' dir='ltr'><strong>ex</strong></span> <span class='ocrx_word' id='word_1_194' title='bbox 642 3227 748 3293; x_wconf 88' lang='lat' dir='ltr'><strong>medio</strong></span> <span class='ocrx_word' id='word_1_195' title='bbox 779 3231 892 3292; x_wconf 88' lang='lat' dir='ltr'><strong>itincre</strong></span> <span class='ocrx_word' id='word_1_196' title='bbox 916 3228 1065 3311; x_wconf 83' lang='lat' dir='ltr'><strong>proiectis</strong></span> 
     </span>
     <span class='ocr_line' id='line_1_30' title="bbox 83 3329 1063 3415; baseline -0.004 -22"><span class='ocrx_word' id='word_1_197' title='bbox 83 3333 216 3395; x_wconf 85' lang='lat' dir='ltr'><strong>sarcinis</strong></span> <span class='ocrx_word' id='word_1_198' title='bbox 246 3329 423 3415; x_wconf 89' lang='lat' dir='ltr'><strong>fugiebant.</strong></span> <span class='ocrx_word' id='word_1_199' title='bbox 468 3331 635 3395; x_wconf 90' lang='lat' dir='ltr'><strong>Postremo</strong></span> <span class='ocrx_word' id='word_1_200' title='bbox 667 3340 699 3394; x_wconf 91' lang='lat' dir='ltr'><strong>et</strong></span> <span class='ocrx_word' id='word_1_201' title='bbox 721 3329 829 3415; x_wconf 91' lang='lat' dir='ltr'><strong>plures</strong></span> <span class='ocrx_word' id='word_1_202' title='bbox 852 3330 1063 3392; x_wconf 87' lang='lat' dir='ltr'><strong>intermittere</strong></span> 
     </span>
     <span class='ocr_line' id='line_1_31' title="bbox 83 3433 1065 3520; baseline -0.004 -22"><span class='ocrx_word' id='word_1_203' title='bbox 83 3435 151 3499; x_wconf 89' lang='lat' dir='ltr'><strong>dies</strong></span> <span class='ocrx_word' id='word_1_204' title='bbox 180 3444 212 3499; x_wconf 90' lang='lat' dir='ltr'><strong>et</strong></span> <span class='ocrx_word' id='word_1_205' title='bbox 240 3442 371 3520; x_wconf 86' lang='lat' dir='ltr'><strong>praeter</strong></span> <span class='ocrx_word' id='word_1_206' title='bbox 399 3433 664 3499; x_wconf 84' lang='lat' dir='ltr'><strong>consuetudinem</strong></span> <span class='ocrx_word' id='word_1_207' title='bbox 695 3435 837 3498; x_wconf 91' lang='lat' dir='ltr'><strong>omnium</strong></span> <span class='ocrx_word' id='word_1_208' title='bbox 865 3441 962 3498; x_wconf 88' lang='lat' dir='ltr'><strong>noctu</strong></span> <span class='ocrx_word' id='word_1_209' title='bbox 994 3454 1065 3495; x_wconf 88' lang='lat' dir='ltr'><strong>con·</strong></span> 
     </span>
     <span class='ocr_line' id='line_1_32' title="bbox 83 3535 433 3624; baseline 0 -23"><span class='ocrx_word' id='word_1_210' title='bbox 83 3540 254 3603; x_wconf 87' lang='lat' dir='ltr'><strong>stituerant</strong></span> <span class='ocrx_word' id='word_1_211' title='bbox 276 3535 433 3624; x_wconf 84' lang='lat' dir='ltr'><strong>pabulari.</strong></span> 
     </span>
    </p>
   </div>
   <div class='ocr_carea' id='block_1_3' title="bbox 0 0 1201 3924">
    <p class='ocr_par' dir='ltr' id='par_1_4' title="bbox 0 0 1201 3924">
     <span class='ocr_line' id='line_1_33' title="bbox 0 0 1201 3924; baseline 0 0"><span class='ocrx_word' id='word_1_212' title='bbox 0 0 1201 3924; x_wconf 95' lang='lat' dir='ltr'><strong> </strong></span> 
     </span>
    </p>
   </div>
  </div>
 </body>
</html>
