2376 3924
113 259 174 324 102
409 255 459 309 DE
479 258 598 310 BELLO
618 256 778 311 GALLICO

111 449 249 516 barbari
272 453 409 516 nuntios
426 452 461 515 in
485 472 597 516 omnes
620 459 734 537 partes
753 450 953 516 dimiserunt
975 451 1088 536 pauci·

112 563 282 640 tatemque
297 564 488 620 nostrorum
503 555 648 620 militum
662 556 730 620 suis
743 555 1028 640 praedicaverunt
1046 564 1089 636 et,

112 668 239 745 quanta
262 659 411 745 praedae
433 659 612 724 faciendae
635 668 736 745 atque
760 660 793 723 in
816 668 1014 744 perpetuum
1038 659 1089 722 sui

112 762 280 828 liberandi
299 762 443 829 facultas
458 761 606 844 daretur,
626 763 655 826 si
666 762 835 828 Romanos
848 764 973 826 castris
988 782 1088 846 expu-

111 865 241 949 lissent,
256 866 584 931 demonstraverunt.
607 865 670 930 His
684 864 785 931 rebus
797 865 954 931 celeriter
966 887 1089 949 magna

111 968 327 1035 multitudine
339 970 511 1056 peditatus
525 971 762 1055 equitatusque
778 977 899 1035 coacta
914 969 959 1034 ad
975 978 1089 1034 castra

113 1083 287 1138 venerunt.

198 1175 250 1240 35.
274 1174 412 1259 Caesar,
428 1178 492 1241 etsi
505 1176 605 1260 idem,
625 1176 715 1264 quod
727 1175 956 1263 superioribus
971 1176 1089 1242 diebus

113 1279 297 1363 acciderat,
320 1280 391 1344 fore
413 1280 565 1364 videbat,
587 1289 634 1364 ut,
665 1281 693 1345 si
718 1290 831 1346 essent
854 1280 968 1346 hostes
991 1280 1092 1366 pulsi,

113 1382 289 1448 eeleritate
301 1383 484 1468 periculum
498 1384 692 1468 effugerent,
705 1392 818 1449 tamen
831 1393 951 1449 nactus
961 1385 1091 1471 equites

114 1488 252 1552 circiter
275 1504 360 1570 XXX,
384 1509 466 1574 quos
482 1485 652 1552 Commius
675 1487 834 1569 Atrebas,
859 1487 900 1552 de
923 1509 987 1574 quo
1012 1498 1092 1553 ante

116 1592 319 1674 dictumest,
343 1613 455 1658 secum
470 1600 774 1678 transportaverat,
797 1591 948 1676 legiones
968 1594 1002 1656 in
1018 1594 1092 1658 acie

92 1716 173 1780 rpro
190 1697 313 1760 castris
329 1698 518 1762 constituit.
542 1694 729 1762 Commisso
746 1696 873 1781 proelio
892 1697 1017 1761 diutius
1034 1719 1090 1761 no·

115 1808 260 1863 strorum
272 1798 417 1864 militum
429 1801 590 1885 impetum
601 1797 716 1864 hostes
729 1799 817 1864 ferre
832 1820 900 1864 non
912 1807 1093 1885 potuerunt

93 1921 156 1966 eac
173 1909 270 1984 terga
286 1909 471 1967 verterunt.
503 1900 595 1981 Quos
613 1910 708 1966 tento
725 1903 835 1987 spatio
853 1904 972 1986 secuti,
989 1926 1092 1991 quan-

115 2014 185 2070 tum
208 2026 309 2070 cursu
333 2014 365 2070 et
381 2005 511 2071 viribus
535 2005 667 2071 efficere
689 2015 880 2091 potuerunt,
905 2006 1093 2093 complures

117 2132 160 2173 ex
194 2109 235 2173 iis
270 2109 482 2192 occiderunt,
512 2107 633 2174 deinde
657 2107 810 2175 omnibus
834 2108 935 2193 longe
957 2109 1093 2197 lateque

117 2211 282 2277 aedificiis
306 2213 455 2277 incensis
481 2233 516 2276 se
539 2213 574 2276 in
598 2221 712 2277 castra
737 2222 946 2298 receperunt.

202 2315 254 2380 36.
277 2315 406 2382 Eodem
418 2315 472 2381 die
491 2315 597 2400 legati
616 2314 659 2381 ab
678 2315 832 2382 hostibus
845 2318 939 2382 missi
952 2315 1094 2383 adan·

95 2439 227 2486 tsarem
246 2419 286 2484 de
302 2441 386 2506 paee
401 2429 576 2486 venerunt.
614 2420 678 2485 His
696 2418 824 2486 Caesar
839 2443 1013 2487 numerum
1037 2420 1093 2487 ob·

117 2523 237 2607 sidum,
254 2545 351 2610 quem
367 2534 447 2590 ante
464 2526 701 2611 imperaverat,
718 2523 905 2611 duplicavit
921 2547 1043 2610 eosque
1058 2526 1093 2590 in

116 2628 345 2693 continentem
357 2626 483 2692 adduci
494 2628 604 2712 iussit,
618 2628 707 2713 quod
717 2629 904 2715 propinqua
914 2628 968 2693 die
981 2630 1094 2714 aequi-

116 2731 221 2794 noctii
238 2730 378 2795 infirmis
391 2730 534 2796 navibus
547 2730 649 2796 hiemi
660 2732 915 2814 navigationem
928 2730 1094 2796 subicien-

95 2832 195 2897 ³dam
218 2855 285 2898 non
309 2832 538 2899 existimabat.
576 2835 654 2919 Ipse
677 2833 834 2900 idoneam
856 2842 1094 2920 tempestatem

116 2944 262 3000 nanctus
291 2935 392 3021 paulo
416 2947 491 3022 post
513 2936 660 3001 mediam
682 2946 816 3002 noctem
846 2960 951 3003 naves
976 2937 1095 3021 solvit3

117 3061 204 3125 quae
221 3060 334 3103 omnes
351 3037 535 3104 incolumes
548 3039 594 3104 ad
606 3042 836 3106 continentem
851 3051 1095 3126 pervenerunt,

94 3142 179 3207 4sed
196 3165 238 3207 ex
255 3143 295 3207 iis
314 3144 490 3208 onerariae
507 3142 593 3208 duae
607 3144 751 3226 eosdem,
767 3166 849 3231 quos
866 3143 996 3230 reliqui,
1020 3166 1094 3231 por-

118 3257 173 3312 tus
187 3267 308 3332 capere
321 3266 387 3310 non
399 3254 580 3331 potuerunt
597 3257 630 3313 et
641 3247 742 3333 paulo
756 3249 844 3313 infra
858 3247 993 3314 delatae
1006 3258 1095 3315 sunt.

115 3378 119 3383 ·
204 3349 256 3414 37.
281 3348 411 3429 Quibus
428 3371 471 3415 ex
486 3350 630 3416 navibus
647 3372 721 3416 cum
739 3360 850 3417 essent
868 3354 1013 3439 expositi
1036 3355 1095 3419 mi·

118 3453 196 3518 lites
214 3454 351 3517 circiter
366 3454 510 3519 trecenti
531 3462 632 3540 atque
656 3455 691 3519 in
713 3465 828 3522 castra
843 3455 1097 3542 contenderent,

118 3556 253 3640 Morini,
277 3578 359 3642 quos
375 3554 504 3622 Caesar
519 3558 554 3623 in
569 3557 782 3623 Britanniam
798 3559 1015 3645 proficiscens
1037 3581 1095 3646 ps·
