2376 3924
354 210 465 262 urana
481 210 545 273 1111,
565 210 643 261 car.
662 210 771 261 rs-rr.
1007 211 1045 275 91

71 403 219 481 Navium
241 422 400 486 magnam
417 403 550 488 copiam
572 402 618 469 ad
634 402 933 489 transportandum
956 424 1072 468 exer-s

74 508 178 571 citum
200 505 459 591 pollicebantur.

163 609 212 672 17.
236 607 365 676 Caesar
386 611 438 676 his
464 610 648 694 decausis,
676 634 759 697 quas
783 612 1050 692 commemoravi,

72 715 225 780 Rhenum
248 716 395 780 transire
418 715 632 797 decreverat,
657 714 716 779 sed
739 713 883 779 navibus
906 715 1051 779 transire

72 839 182 903 neque
212 820 296 883 satis
325 826 433 883 tutum
466 840 539 883 esse
561 817 810 899 arbitrabatur,
839 838 947 902 neque
971 839 1052 882 suae

73 943 182 1007 neque
198 921 311 1008 populi
327 922 469 986 Romani
487 920 665 1005 dignitatis
684 944 757 986 esse
773 920 956 987 statuebat.
983 922 1073 984 Ita-r

74 1046 148 1110 que,
174 1027 239 1089 etsi
255 1047 384 1091 summa
401 1025 584 1091 difficultas
599 1025 747 1090 faciendi
763 1026 874 1112 pontis
891 1046 1051 1110 propone·

76 1129 176 1195 batur
192 1138 329 1215 propter
345 1129 570 1212 latitudinem,
591 1130 809 1214 rapiditatem
825 1129 1052 1194 altitudinem-

76 1254 140 1317 que
155 1232 311 1314 fluminis,
329 1243 442 1298 tamen
458 1232 494 1297 id
510 1233 575 1298 sibi
592 1232 862 1300 contendendum
878 1242 937 1298 aut
954 1232 1054 1297 aliter

75 1359 141 1401 non
159 1336 404 1402 traducendum
421 1338 607 1403 exercitum
623 1336 851 1402 existimabat.
875 1339 1076 1403 Rationems

74 1441 187 1526 pontis
221 1438 310 1505 hanc
344 1440 503 1505 instituit.
548 1440 659 1525 Tigna
684 1440 766 1505 bina
795 1441 1054 1527 sesquipedalia,

74 1543 212 1629 paulum
235 1542 279 1609 ab
302 1544 367 1609 imo
392 1554 587 1631 praeacuta,
611 1543 763 1608 dimensa
780 1545 824 1610 ad
841 1544 1054 1609 altitudinem

76 1648 222 1713 fluminis
240 1646 421 1713 intervallo
436 1647 559 1733 pedum
573 1647 713 1713 duorum
730 1649 866 1712 interae
883 1647 1054 1732 iungebat.

76 1752 171 1816 Haec
187 1773 265 1817 cum
279 1749 588 1817 machinationibus
608 1752 757 1816 immissa
773 1752 806 1815 in
831 1752 952 1817 flumen
976 1751 1078 1818 defi-4

76 1864 175 1920 xerat
198 1855 395 1943 fistucisque
419 1855 593 1940 adegerat,
619 1877 686 1920 non
711 1855 862 1920 sublicae
884 1856 983 1921 modo
1008 1856 1056 1921 di·

75 1967 168 2025 recte
186 1959 231 2024 ad
252 1960 536 2046 perpendiculum,
560 1961 620 2025 sed
641 1982 745 2045 prone
767 1983 807 2025 ac
830 1961 1003 2044 fastigata,
1019 1972 1056 2026 ut

77 2062 262 2128 secundum
278 2073 435 2130 naturam
449 2063 595 2129 fluminis
611 2063 887 2150 procumberent,
908 2064 959 2127 his
977 2066 1080 2130 items

77 2169 254 2233 contraria
270 2166 335 2233 duo
359 2167 405 2233 ad
420 2167 564 2233 eundem
585 2167 721 2232 modum
743 2168 858 2232 iuncta
876 2167 1057 2233 intervallo

77 2270 199 2357 pedum
216 2270 471 2357 quadragenum
488 2269 532 2336 ab
548 2271 707 2336 inferiore
729 2280 826 2357 parte
849 2282 968 2337 contra
991 2273 1058 2337 vim

79 2383 181 2461 atque
204 2376 364 2461 impetum
385 2376 533 2441 fluminis
556 2397 720 2441 conversa
748 2375 931 2440 statuebat.
962 2376 1080 2440 Haecs

78 2480 368 2566 utraqueinsuper
379 2477 595 2565 bipedalibus
604 2478 757 2544 trabibus
773 2481 941 2561 immissis,
954 2503 1057 2566 quan-

78 2591 150 2647 tum
167 2604 281 2647 eorum
296 2583 465 2666 tignorum
483 2583 640 2648 iunctura
657 2581 820 2666 distabat,
838 2583 927 2648 binis
943 2584 1057 2648 utrim-

78 2708 142 2772 que
162 2684 279 2751 fibulis
299 2683 343 2751 ab
367 2694 519 2751 extrema
534 2695 630 2771 parte
651 2685 916 2769 distinebantur,
939 2687 1080 2773 quibusr

82 2789 241 2856 disclusis
254 2799 358 2877 atque
371 2792 406 2855 in
423 2792 629 2857 contrariam
642 2799 772 2875 partem
789 2792 951 2855 revinctis
964 2801 1060 2856 tanta

78 2902 152 2958 erat
181 2896 291 2980 operis
320 2894 490 2960 firmitudo
520 2902 622 2980 atque
645 2916 684 2959 ea
708 2916 818 2959 rerum
841 2903 979 2978 natura,
1009 2905 1056 2975 ut,

78 3023 143 3087 quo
159 3000 268 3065 maior
283 3000 336 3065 vis
352 3020 461 3085 aquae
478 3021 514 3063 se
533 2998 745 3063 incitavisset
755 3047 763 3079 ,
785 2997 847 3061 hoc
870 2999 978 3063 artius
996 3000 1061 3065 illi·

79 3114 163 3189 gata
181 3112 386 3170 tenerentur.
410 3102 506 3169 Haec
532 3102 662 3168 directa
678 3103 821 3168 materia
838 3104 964 3169 iniecta
984 3125 1084 3171 con-s

79 3206 1062 3293 texebanturaclonguriiscratibusqueconsternebantur3

80 3335 120 3379 ac
144 3311 387 3379 nihilosecius
411 3308 563 3376 sublicae
586 3318 619 3375 et
643 3309 687 3375 ad
718 3309 907 3374 inferiorem
930 3319 1084 3395 partems

79 3415 226 3481 fluminis
250 3414 385 3502 oblique
413 3413 620 3499 agebantur,
650 3436 736 3499 quae
763 3436 823 3499 pro
856 3415 962 3478 ariete
986 3413 1062 3478 sub-

79 3520 189 3585 iectae
212 3528 247 3585 et
269 3540 345 3584 cum
368 3518 457 3585 omni
480 3539 580 3604 opere
604 3519 806 3583 coniunctae
823 3518 891 3582 vim
915 3516 1060 3582 fluminis
