2376 3924
398 244 508 294 talasa
527 245 547 306 l,
567 244 643 295 GAP.
662 246 772 295 34-38.
1033 245 1073 308 Ξῖ

96 458 158 520 que
195 436 238 500 ad
276 436 474 500 obsidionem
511 435 617 518 urbis,
656 438 681 500 si
716 435 857 517 accidat,
896 444 1072 500 reservant.

96 540 222 623 Quibus
250 542 372 605 iniuriis
402 550 565 627 permotus
588 540 708 605 Caesar
735 541 875 623 legiones
902 550 967 604 tres
991 540 1096 604 Mas-r

95 644 197 709 siliam
220 644 367 727 adducit3
397 655 502 708 turres
533 647 708 729 vineasque
737 643 779 707 ad
803 646 1074 728 oppugnationem

95 748 184 812 urbis
213 770 325 833 agere,
360 771 460 813 naves
488 748 599 832 longas
629 746 760 812 Arelate
791 769 923 811 numero
953 765 1001 810 xn
1031 747 1074 810 lb-

96 874 168 915 cere
191 855 335 918 instituit.
361 853 488 935 Quibus
511 855 632 918 effectis
648 856 844 937 armatisque
860 851 974 915 dicbus
991 869 1098 933 xnus

96 979 202 1041 aqua
231 957 283 1021 die
311 960 447 1022 materia
469 980 563 1021 caesa
587 967 644 1040 est,
669 957 881 1042 adductisque
898 956 1074 1020 Massiliam

95 1061 145 1124 his
167 1062 210 1125 D.
235 1061 373 1126 Brutum
396 1063 557 1147 praeficit,
582 1061 616 1126 (l.
641 1061 839 1127 Trebonium
867 1060 1009 1144 legatum
1033 1058 1075 1123 ad

96 1168 368 1250 oppugnationem
391 1166 553 1230 Massiliae
575 1166 736 1251 relinquit.

181 1268 231 1332 37.
254 1269 345 1333 Dum
372 1269 453 1332 haec
476 1278 569 1354 parat
598 1279 695 1354 atque
719 1269 931 1349 administrat,
955 1266 991 1332 O.
1015 1268 1075 1332 Fa-

95 1370 185 1435 bium
219 1370 361 1455 legatum
395 1395 468 1435 cum
502 1372 680 1456 legionibus
714 1390 770 1455 111,
809 1394 890 1457 quas
922 1370 1075 1435 Narbone
1133 1357 1138 1364 ⁴

97 1477 281 1559 circumque
309 1499 348 1540 ea
375 1474 445 1540 loca
471 1477 634 1541 hiemandi
667 1499 765 1540 causa
795 1476 1013 1561 disposuerat,
1043 1477 1074 1538 in

97 1579 288 1662 Hispaniam
316 1582 492 1666 praemittit
521 1579 731 1665 celeriterque
762 1579 861 1644 saltus
890 1581 1075 1664 Pyrenaeos

97 1683 247 1766 occupari
283 1681 386 1765 iubet,
432 1685 487 1768 qui
524 1706 561 1748 eo
601 1693 744 1770 tempore
782 1683 823 1748 ab
862 1684 900 1746 L.
939 1682 1075 1747 Afranio

96 1784 201 1868 legato
216 1785 384 1871 praesidiis
412 1785 614 1851 tenebantur.
638 1787 791 1871 Reliquas
814 1787 964 1870 legiones,
992 1806 1097 1870 quaer

96 1888 220 1973 longius
243 1888 444 1973 hiemabant,
473 1889 626 1975 subsequi
649 1890 747 1956 iubet.
792 1889 924 1973 Fabius,
948 1898 984 1954 ut
1006 1898 1096 1954 crata

95 1995 305 2078 imperatum,
335 1993 481 2058 adhibita
510 1994 671 2059 celeritate
701 1995 896 2081 praesidium
925 2016 966 2058 ex
993 1993 1076 2058 saltu

95 2096 211 2162 deiecit
243 2099 433 2183 magnisque
467 2097 635 2162 itineribus
669 2099 711 2163 ad
740 2102 919 2163 exercitum
948 2097 1076 2161 Afranii
1163 2097 1165 2100 ’

96 2199 270 2265 contendit.

182 2303 232 2368 38.
256 2303 413 2370 Adventu
433 2305 472 2371 L.
495 2305 627 2371 Vibullii
650 2306 736 2389 Rufi,
761 2327 858 2391 quem
881 2328 900 2368 a
923 2305 1075 2389 Pompeio

96 2410 229 2472 missum
256 2410 291 2473 in
312 2408 505 2495 Hispaniam
540 2408 795 2473 demonstratum
828 2417 891 2491 est,
921 2407 1076 2471 Afranius

96 2522 128 2576 et
151 2511 297 2588 Petreius
324 2521 358 2577 et
379 2514 485 2578 Varro
492 2562 501 2596 ,
531 2512 628 2597 legati
650 2513 798 2598 Pompei,
828 2533 964 2596 quorum
993 2532 1076 2575 unus

95 2616 287 2702 Hispaniam
315 2618 496 2681 citeriorem
524 2614 627 2679 tribas
661 2613 851 2697 lepionibus,
886 2613 968 2677 ulter
996 2613 1075 2677 altc-

94 2718 208 2782 rr'orem
237 2743 257 2784 a
279 2719 363 2785 saltu
386 2718 608 2785 Castulonensi
631 2719 674 2783 ad
697 2719 806 2783 Anam
832 2718 960 2783 duabus
983 2718 1076 2802 legio-

95 2821 200 2907 nibuS,
224 2825 337 2888 tertius
360 2821 403 2887 ab
426 2821 501 2887 Ana
524 2823 701 2887 Vettonum
723 2843 839 2906 agrum
862 2822 1075 2885 Lusitaniam-

96 2949 158 3010 que
187 2929 258 3013 pari
285 2947 420 2991 numero
454 2925 615 3011 legionum
645 2924 827 3008 obtinebat,
858 2926 963 2990 officia
993 2928 1076 2991 inter

95 3054 129 3095 se
145 3034 338 3116 partiuntur,
361 3033 408 3096 uti
423 3032 570 3096 Petreius
593 3053 635 3094 ex
650 3031 821 3095 Lusitania
844 3051 901 3115 per
920 3031 1097 3095 Vettonesa

95 3157 169 3200 cum
185 3134 332 3200 omnibus
348 3137 446 3220 copiis
469 3135 512 3199 ad
532 3133 706 3199 Afranium
722 3134 953 3219 proficiscatur,
970 3135 1076 3198 Varro

95 3261 169 3302 cum
191 3241 239 3322 iis,
263 3260 344 3324 quas
366 3237 518 3322 habebat,
541 3237 720 3322 legionibus
743 3259 871 3301 omnem
893 3236 1077 3300 ulteriorem

95 3342 287 3429 Hispaniam
319 3351 458 3407 tueatur.
502 3343 564 3408 His
601 3342 698 3406 rebus
736 3343 915 3406 constitutis
953 3341 1097 3423 equitesa

95 3445 280 3533 auxiliaque
316 3447 375 3510 toti
411 3445 599 3511 Lusitaniae
636 3470 656 3511 a
692 3447 835 3527 Petreio,
874 3441 1075 3525 Celtiberiae,

95 3547 269 3615 Cantabris
301 3545 515 3635 meatque
548 3548 712 3632 omnibus,
751 3549 806 3633 qui
839 3546 882 3611 ad
909 3547 1077 3613 Oceanum
