2376 3924
365 899 402 966 C.
430 901 544 967 IULII
570 899 789 966 CAESARIS

151 1080 267 1188 DE
334 1078 640 1188 BELLO
692 1076 1008 1187 CIVILI

364 1281 507 1332 LIBER
533 1280 791 1332 SECUNDUS.

503 1473 653 1482 .----

434 1659 725 1717 ARGUMENTUM.

91 1765 133 1832 [A.
148 1765 180 1817 U.
194 1765 222 1816 O.
238 1766 307 1834 lob]
327 1767 478 1818 Trebonius
492 1767 679 1817 Massilienses
691 1781 848 1832 oppugnare
862 1767 952 1834 pergit
969 1783 993 1820 c.
1008 1767 1033 1817 1.
1046 1770 1071 1830 2,

127 1853 224 1917 quibus
244 1855 364 1920 animum
383 1853 458 1904 addit
476 1856 506 1905 L.
524 1853 653 1904 Nasidius
672 1869 731 1903 cnm
758 1853 846 1903 classe
870 1854 898 1903 in
917 1852 1072 1905 subsidium

126 1941 222 1989 missus
242 1956 264 1992 c.
283 1942 307 1990 3.
325 1940 350 1988 4.
386 1940 485 1990 Navali
503 1939 606 2006 proelio
626 1940 746 2005 superati
764 1955 786 1990 c.
806 1939 873 1990 5-7
891 1943 918 1990 et
936 1945 1025 1991 turres
1044 1945 1073 1992 et

126 2026 265 2078 machinas
291 2042 307 2076 a
328 2026 464 2076 Trebonio
488 2026 517 2074 in
544 2041 635 2075 muros
660 2029 808 2076 exstructas
838 2025 939 2076 frustra
961 2025 1071 2078 diruere

126 2113 216 2162 conati
235 2130 258 2166 c.
277 2114 372 2174 8-11,
393 2112 579 2162 Massilienses
599 2111 718 2163 indutias
740 2116 835 2178 petunt
857 2128 880 2162 c.
900 2113 939 2162 12.
959 2113 1001 2175 1³,
1020 2114 1071 2164 im-

126 2204 244 2266 petratas
269 2201 410 2266 eruptione
431 2201 505 2250 facta
525 2200 645 2264 violant,
675 2199 806 2251 Trebonii
832 2215 914 2266 opera
940 2199 1072 2251 disieiunt

127 2303 149 2339 c.
164 2289 204 2340 14.
222 2288 397 2354 stuporibus
416 2302 519 2336 summo
538 2285 652 2336 militum
672 2287 762 2337 studio
781 2286 889 2337 refectis
908 2303 931 2340 c.
944 2285 976 2336 16
994 2287 1071 2338 inco·

126 2375 170 2424 lae
189 2375 275 2424 territi
294 2373 329 2424 ad
348 2373 457 2424 easdem
476 2372 621 2423 deditionis
640 2373 813 2424 condiciones
832 2377 974 2424 recurrunt
991 2389 1014 2426 c.
1030 2375 1071 2424 le.

125 2461 234 2511 Interea
252 2461 288 2509 M.
307 2460 391 2510 Varro
406 2459 530 2510 ulteriori
547 2460 699 2526 Hispaniae
723 2475 740 2511 a
757 2460 888 2526 Pompeio
905 2458 1070 2526 praefectus,

127 2549 242 2613 cognitis
256 2563 324 2612 quae
337 2548 365 2596 in
378 2546 459 2597 ltalia
471 2550 564 2612 gestae
584 2551 674 2596 essent
692 2546 781 2610 rebus,
800 2546 829 2596 in
841 2545 988 2597 amicitiam
1002 2545 1070 2598 Cae-

127 2635 194 2683 saris
213 2633 340 2695 inclinat,
363 2632 461 2683 deinde
482 2633 529 2682 ubi
551 2648 611 2683 eum
634 2632 669 2682 ad
686 2632 835 2682 Massiliam
860 2631 976 2683 detineri
999 2647 1072 2683 eorn-

126 2721 209 2784 perit,
237 2719 371 2770 delectum
401 2723 459 2770 tota
488 2719 629 2784 provincia
655 2717 752 2783 habet,
785 2718 968 2769 defensionem
992 2723 1074 2784 peret

128 2821 150 2854 c.
171 2805 210 2854 17.
231 2805 274 2868 18;
300 2809 405 2854 etcum
425 2804 505 2871 longe
525 2804 657 2870 plurimae
680 2805 804 2855 civitates
823 2820 840 2855 a
858 2804 987 2870 Pompeio
1006 2803 1071 2856 deb-

128 2895 227 2951 uerent,
248 2889 358 2939 Caesari
377 2890 498 2955 legiones
516 2891 600 2940 tradit
612 2907 636 2940 c.
648 2891 690 2940 49.
703 2891 744 2943 20.
764 2891 941 2942 Contionibns
953 2891 1072 2956 primum

128 2976 279 3039 Cordubae,
299 2976 396 3026 deinde
415 2977 569 3027 Tarracone
591 2976 691 3027 habitis
711 2976 812 3028 Caesar
832 2982 917 3028 totam
936 2977 992 3028 iere
1009 2993 1071 3044 pro·

126 3063 244 3113 vinciam
272 3064 328 3112 suis
355 3064 477 3129 partibus
505 3063 642 3129 adiungit3
670 3064 733 3115 inde
756 3063 907 3115 Massiliam
933 3063 1072 3130 proiectus

128 3151 230 3200 Romae
255 3165 283 3198 se
309 3148 466 3200 dictatorem
493 3166 552 3200 esse
576 3150 676 3200 dictum
702 3151 833 3216 comperit
856 3167 879 3200 c.
898 3150 939 3199 21.
974 3149 1072 3218 ltaque

126 3235 345 3287 Massiliensibus
372 3236 400 3285 in
428 3235 593 3286 deditionem
622 3236 741 3301 acceptis
762 3235 876 3286 Romam
898 3234 969 3286 redit
986 3252 1010 3287 c.
1028 3238 1073 3289 22.

128 3321 223 3373 Sicilia
250 3327 360 3387 recepta
382 3322 463 3373 Curio
486 3324 514 3372 in
534 3323 651 3372 Africam
676 3322 823 3372 exercitum
846 3321 1005 3388 traieceret3
1032 3322 1073 3374 ibi

127 3409 241 3474 primum
266 3407 382 3458 feliciter
406 3407 441 3458 ad
464 3407 572 3458 Uticam
597 3410 693 3457 contra
715 3406 817 3457 Varum
841 3406 975 3472 pugnavit
996 3424 1019 3461 c.
1037 3410 1073 3460 28

126 3496 202 3558 -37,
220 3501 315 3559 postea
332 3495 436 3560 proelio
456 3493 490 3544 ad
508 3491 661 3558 Bagradam
681 3496 781 3543 temere
802 3493 944 3543 commisso
963 3507 980 3542 a
998 3493 1072 3546 Varo
