2376 3924
364 178 475 231 LIBER
492 180 526 241 V,
545 178 622 231 OAP.
643 181 751 231 11-14.
983 183 1044 248 113

63 369 243 434 maritimis
267 367 401 450 ferrum,
425 367 485 434 sed
508 368 579 433 eius
604 370 728 453 exigua
752 379 802 435 est
826 373 939 457 eopia,
968 396 1045 438 aero

63 481 204 540 utuntur
227 472 418 558 importato.
441 471 587 538 Materia
609 474 770 560 cuiusque
794 477 926 558 generis
950 486 988 542 ut
1011 479 1044 542 in

65 575 180 643 Gallia
205 585 257 640 ost
279 583 414 660 praeter
436 575 551 660 fagum
575 584 676 662 atque
700 576 856 643 abietem.
880 578 1070 666 Leporem6

65 690 99 747 et
113 678 279 765 gallinam
295 686 328 742 et
345 699 497 744 anserem
509 687 648 763 gustare
661 680 712 746 fas
728 703 796 746 non
807 692 946 767 putant3
962 685 1044 750 haeo

65 794 178 851 tamen
194 782 290 849 alunt
314 782 417 846 animi
439 782 690 869 voluptatisque
713 807 827 851 eausa.
851 786 944 853 Looa
969 802 1046 856 sunt

66 888 305 975 temperatiora
314 908 413 972 quam
422 887 455 951 in
464 884 1045 976 Gallia,remissioribustrigoribus.

153 989 204 1054 13.
227 988 344 1055 insula
367 998 489 1055 natura
513 991 689 1077 triquetra,
712 993 806 1057 ouius
832 1016 932 1059 unum
955 994 1045 1060 latus

69 1104 119 1160 est
135 1103 254 1160 eontra
271 1091 429 1159 Galliam.
453 1093 562 1159 Huius
578 1093 695 1159 lateris
712 1093 800 1160 altor
816 1096 971 1181 angulus,
989 1100 1046 1184 qui

70 1209 121 1266 est
144 1197 189 1263 ad
211 1196 385 1279 Cantium,
419 1218 483 1284 quo
506 1197 577 1262 fere
600 1220 713 1264 omnes
738 1220 781 1264 ex
805 1197 918 1266 Gallia
942 1225 1047 1268 naves

69 1301 299 1390 appelluntur,
333 1301 563 1368 adorientem
586 1300 700 1386 solem,
724 1303 862 1369 inferior
884 1305 929 1370 ad
951 1308 1047 1371 meri-

70 1404 323 1491 diem'speotat.
346 1404 420 1468 Hoo
442 1404 588 1489 pertinet
612 1405 749 1470 circiter
771 1405 866 1470 milia
888 1429 1047 1493 passuum

69 1510 264 1594 quingenta.
281 1506 434 1573 Alterum
448 1508 559 1592 vergit
571 1508 614 1573 ad
627 1507 831 1593 Hispaniam
843 1520 944 1596 atque
961 1516 1069 1578 oeci-2

70 1612 205 1677 dentem
228 1609 348 1695 solem3
371 1633 436 1698 qua
460 1620 620 1696 exparte
644 1621 695 1677 est
710 1611 885 1698 Hibernia,
910 1615 1047 1681 dimidio

68 1717 187 1800 minor,
219 1722 256 1780 ut
280 1714 503 1798 existimatur,
537 1735 637 1798 quam
659 1713 855 1798 Britannia,
893 1717 952 1782 sed
974 1720 1049 1805 pari

70 1822 180 1907 spatio
194 1819 411 1886 transmissus
424 1826 526 1905 atque
539 1841 582 1883 ex
591 1816 706 1884 Gallia
718 1829 769 1884 est
783 1819 1047 1887 inBritanniam.

69 1927 109 1991 In
121 1924 184 1990 hoo
197 1922 306 1990 medio
318 1945 419 1989 eursu
436 1931 488 1988 est
500 1922 621 2005 insula,
634 1944 719 2008 quae
732 1923 921 2009 appellatur
929 1926 1030 1991 Mona
1041 1945 1071 2009 3³

71 2027 259 2117 complures
267 2028 595 2115 praetereaminores
603 2024 777 2093 subiectae
790 2028 921 2093 insulae
933 2032 1049 2095 existi-

71 2142 224 2216 mantur3
247 2130 424 2217 dequibus
440 2127 560 2195 insulis
576 2127 728 2193 nonnulli
751 2131 955 2215 scripserunt
980 2132 1051 2198 dies

71 2237 249 2302 continuos
261 2234 403 2319 triginta
421 2231 482 2298 sub
498 2231 616 2298 bruma
632 2254 706 2297 esse
721 2242 863 2298 noctem.
880 2235 948 2300 Nos
968 2236 1074 2301 nihili

73 2339 114 2405 de
138 2361 177 2404 eo
192 2337 506 2425 percontationibus
521 2335 780 2424 reperiebamus,
797 2339 863 2403 nisi
882 2341 984 2404 oertis
1009 2363 1051 2405 ex

72 2466 161 2531 aqua
184 2443 349 2508 mensuris
372 2440 543 2507 breviores
575 2463 771 2528 essequam
801 2443 835 2507 in
864 2445 1051 2508 continenti

71 2556 189 2613 noctes
212 2544 421 2612 videbamus.
444 2545 554 2611 Huius
578 2554 628 2610 est
653 2544 828 2630 longitudo
852 2545 986 2631 lateris,
1015 2556 1074 2612 uta

73 2652 138 2718 fert
154 2650 286 2717 illorum
302 2650 425 2737 opinio,
438 2649 728 2736 septingentorum
742 2650 879 2714 milium.
904 2649 1074 2715 Tertiuma

73 2765 125 2821 eat
149 2764 268 2820 contra
285 2754 548 2841 septentriones,
563 2753 618 2819 oui
633 2754 723 2839 parti
740 2752 832 2818 nulla
849 2762 900 2818 est
918 2752 1052 2819 obiecta

73 2871 176 2943 terra,
201 2858 262 2924 sed
283 2860 354 2925 eius
378 2856 522 2942 angulus
545 2856 664 2921 lateris
687 2857 833 2921 maxime
857 2857 900 2922 ad
915 2855 1053 2925 Germa-

73 2965 165 3030 niam
182 2970 324 3049 speotat.
347 2960 421 3025 Hoo
434 2958 527 3025 milia
542 2981 701 3045 passuum
718 2960 915 3042 octingenta
931 2962 965 3025 in
982 2959 1053 3026 lon-

74 3065 262 3153 gitudinem
285 3085 360 3130 esse
375 3064 599 3129 existimatur.
622 3062 676 3126 Ita
694 3063 799 3127 omnis
823 3062 934 3128 insula
952 3073 1002 3129 est
1019 3066 1076 3130 inr

74 3171 220 3237 oirouitu
241 3168 347 3235 vioies
369 3176 503 3233 eentum
526 3165 655 3232 milium
676 3188 846 3252 passuum.

163 3272 213 3341 14.
234 3272 291 3338 Ex
317 3270 370 3337 his
401 3269 554 3336 omnibus
578 3269 678 3355 longe
708 3276 786 3334 sunt
812 3271 1055 3355 humanissimi,

75 3379 132 3465 qui
139 3376 298 3445 Cantium
309 3373 471 3458 incolunt,
483 3396 569 3459 quae
581 3376 675 3459 regio
690 3382 740 3438 est
753 3373 922 3437 maritima
936 3374 1054 3457 omnis,

74 3502 182 3569 neque
197 3478 337 3548 multum
358 3500 380 3543 a
396 3475 531 3549 Gallica
548 3478 704 3544 differunt
723 3476 976 3542 consuetudine.
1000 3477 1076 3540 Ιη-2

127 3595 320 3643 cnm-‚aa
887 3580 903 3628 s
