2376 3924
440 240 517 292 cnr.
536 242 646 293 oa-oa.
967 242 1030 307 289

54 434 186 517 navigia
208 431 442 517 deprimuntur,
465 431 574 517 ibique
591 432 698 518 Scipio
714 454 788 496 cum
804 432 921 517 quibus
936 433 1031 521 paulo

55 545 131 601 ante
154 537 317 600 nominavi
339 537 467 599 interiit.

142 638 193 702 97.
218 637 339 702 Cacsar
361 640 489 703 interim
512 639 633 703 Zamae
656 640 805 702 auctione
832 640 923 725 regia
944 639 1032 704 facta

54 743 213 826 bonisque
236 764 348 805 eorum
370 741 520 823 venditis,
555 743 610 826 qui
638 742 726 805 cives
754 743 891 806 Romani
919 751 1032 807 contra

55 845 209 934 populum
232 847 414 910 Romanum
436 868 528 909 arma
555 844 706 926 tulerant,
734 847 949 931 praemiisque
973 849 1031 912 Za-

56 950 233 1033 mensibus,
272 951 327 1034 qui
351 949 391 1013 de
414 970 491 1034 rege
515 948 717 1013 excludendo
747 949 914 1014 consilium
941 972 1032 1035 cepe·

55 1063 140 1136 rant,
179 1052 308 1117 tributis
332 1051 607 1138 vectigalibnsque
637 1055 735 1138 regiis
758 1057 898 1138 erogatis
920 1077 963 1118 ex
985 1076 1032 1118 re-

56 1180 185 1244 guoque
201 1159 367 1243 provincia
383 1157 469 1222 facta
490 1166 588 1242 atque
604 1155 648 1221 ibi
665 1156 813 1223 Sallustio
829 1180 887 1243 pro
904 1157 1033 1222 consule

57 1285 132 1327 cum
154 1263 288 1348 imperio
310 1260 421 1326 relicto
450 1263 519 1345 ipse
543 1261 645 1325 Zama
673 1281 822 1345 egressus
844 1261 976 1325 Uticam
999 1284 1033 1325 se

56 1367 188 1451 recepit.
223 1364 274 1430 Ibi
307 1363 400 1429 bonis
432 1363 572 1428 venditis
606 1385 728 1446 corum,
767 1366 823 1448 qui
856 1363 916 1429 sub
950 1363 1054 1429 Iuba2

57 1471 250 1554 Petreioque
285 1467 413 1533 ordines
448 1467 621 1550 duxerant,
653 1467 860 1553 Thapsitanis
893 1468 950 1534 HS
973 1486 1033 1550 xx,

58 1573 232 1638 conventui
270 1593 381 1636 eorum
417 1570 475 1636 HS
509 1588 593 1651 xxx,
630 1572 772 1654 itemque
809 1569 1034 1636 Adrumetinis

57 1676 116 1741 Hs
138 1692 223 1757 xxx,
246 1675 419 1737 conventui
442 1695 554 1736 eorum
576 1673 633 1739 Hs
650 1690 670 1734 Ι,
693 1673 812 1736 multae
835 1676 963 1738 nomine
979 1676 1034 1738 im-

58 1780 165 1865 ponit;
211 1779 356 1842 civitates
393 1776 544 1861 bonaque
578 1798 690 1841 eorum
723 1774 765 1840 ab
800 1779 887 1841 omni
918 1779 1035 1842 iniuria

57 1885 245 1968 rapinisque
261 1881 414 1946 defendit.
438 1881 639 1966 Leptitanos,
663 1903 800 1966 quorum
816 1880 1056 1967 superioribusr

59 1988 153 2051 annis
180 1985 268 2051 bona
289 1984 373 2050 Iuba
395 1985 584 2071 diripuerat,
619 1995 652 2050 et
679 1985 722 2050 ad
750 1995 899 2050 senatum
933 1988 1037 2071 questi

59 2113 118 2177 per
139 2090 261 2174 legatos
291 2097 389 2174 atque
418 2088 547 2153 arbitris
571 2113 590 2154 a
612 2097 727 2154 senatu
755 2088 838 2153 datis
867 2112 926 2154 sua
952 2111 1037 2154 rece-

60 2203 185 2281 perant,
214 2210 288 2255 xxx
318 2192 461 2256 centenis
489 2191 618 2256 milibus
648 2191 754 2276 pondo
784 2192 844 2256 olei
874 2194 907 2256 in
937 2214 1038 2256 annos

60 2297 202 2383 singulos
230 2295 355 2379 multat,
385 2294 457 2360 ideo
487 2294 574 2379 quod
601 2297 690 2359 initio
719 2318 777 2380 per
806 2295 1038 2360 dissensionem

60 2401 243 2488 principum
265 2401 451 2463 societatem
475 2419 549 2462 cum
570 2396 654 2461 Iuba
676 2399 815 2461 inierant
838 2419 976 2483 eumque
990 2422 1037 2462 ar·

60 2506 131 2586 mis,
153 2502 316 2584 militibus,
333 2504 470 2587 pecunia
485 2503 643 2565 iuverant.
667 2499 891 2565 Thisdritanos
907 2510 1039 2587 propter
1049 2517 1060 2554 4

61 2607 274 2673 humilitatem
297 2607 435 2670 civitatis
458 2614 546 2670 certo
570 2626 703 2669 numero
732 2604 885 2669 frumenti
913 2604 1037 2669 multat.

148 2710 199 2775 98.
222 2711 284 2774 His
305 2708 404 2774 rebus
426 2711 525 2794 gestis
547 2707 661 2773 Idibus
676 2709 748 2773 Iun.
771 2709 888 2774 Uticae
903 2709 1039 2775 classem

64 2815 251 2881 conscendit
279 2823 412 2901 etpost
445 2814 531 2878 diem
564 2815 696 2877 tertium
718 2812 842 2878 Caralis
875 2816 909 2878 in
932 2813 1039 2880 Sardi-

62 2922 150 2984 niam
165 2921 322 3006 pervenit.
346 2918 397 2983 lbi
413 2917 603 2999 Sulcitanos,
619 2916 706 3001 quod
721 2917 891 2981 Nasidium
907 2919 1039 3001 eiusque

63 3025 198 3090 classem
220 3030 412 3109 receperant
434 3023 597 3107 copiisque
619 3022 779 3103 iuverant,
802 3022 860 3088 Hs
884 3038 903 3084 c
925 3019 1041 3084 multat

63 3139 95 3193 ct
117 3150 175 3214 pro
200 3127 344 3192 decumis
368 3135 499 3191 octavas
522 3124 664 3211 pendere
686 3125 777 3190 iubet
798 3125 948 3210 bonaque
964 3146 1040 3208 pau-

64 3255 176 3298 corum
197 3232 312 3296 vendit
334 3241 366 3296 et
388 3239 463 3295 ante
487 3230 573 3293 diem
595 3247 660 3293 1111.
683 3229 757 3294 Kal.
781 3227 916 3312 Quintil.
939 3241 1062 3291 naves2

64 3335 251 3402 conscendit
284 3344 317 3400 et
350 3359 370 3399 a
399 3332 569 3399 Caralibus
604 3333 783 3398 secundum
816 3341 937 3397 terram
971 3353 1041 3416 pro-

63 3449 176 3506 vectus
199 3439 467 3504 duodetricesimo
490 3437 552 3520 die,
586 3435 658 3501 ideo
682 3436 767 3522 quod
797 3433 1042 3520 tempestatibus

63 3548 96 3609 in
123 3543 270 3630 portibus
304 3540 526 3623 cohibebatur,
561 3539 604 3603 ad
632 3539 748 3605 urbem
776 3540 913 3603 Romam
941 3538 1040 3601 venit.

116 3654 198 3694 Caesar.
214 3653 242 3694 11.
672 3663 685 3670 -
903 3641 940 3686 bb
