2376 3924
108 217 151 279 42
417 215 467 265 nn
486 214 607 265 surano
627 213 785 266 saumae

110 406 234 490 partim
258 406 325 490 qui,
348 412 383 470 ut
401 401 587 469 Germanos
612 403 737 468 diutius
761 402 795 466 in
819 398 934 467 Gallia
956 405 1091 470 versari

110 508 305 591 noluerant,
340 507 389 572 ita
417 505 531 592 populi
553 505 695 570 Romani
725 505 911 570 exercitum
939 505 1091 572 hiemare

111 623 212 698 atque
228 613 478 677 inveterascere
493 611 527 673 in
541 607 655 673 Gallia
671 607 812 674 moleste
828 607 993 693 ferebant,
1011 631 1090 695 par·

110 718 171 779 tim
194 716 250 801 qui
273 713 464 780 mobilitate
488 722 520 777 et
543 712 683 780 levitate
707 714 810 777 animi
826 714 924 778 novis
939 714 1090 799 imperiis

89 818 310 902 rstudebant3
345 818 389 884 ab
418 816 588 883 nonnullis
619 819 735 900 etiam,
759 815 848 902 quod
870 817 906 882 in
930 815 1045 883 Gallia
1068 841 1091 884 a

111 922 357 1010 potentioribus
387 931 489 1007 atque
518 922 576 1004 iis,
611 923 667 1007 qui
696 920 741 987 ad
769 919 1003 987 conducendos
1032 921 1090 987 ho·

111 1031 217 1093 mines
245 1025 428 1092 facultates
456 1023 645 1108 habebant,
679 1023 782 1109 vulgo
811 1044 917 1109 regna
947 1046 1090 1111 occupa·

110 1131 245 1214 bantur,
276 1132 332 1216 qui
354 1130 464 1195 minus
488 1127 590 1194 facile
614 1150 688 1193 eam
717 1150 787 1192 rem
811 1128 949 1214 imperio
971 1138 1090 1195 nostro

111 1237 270 1320 consequi
293 1241 461 1320 poterant.

196 1338 225 1403 2.
241 1338 306 1402 His
317 1337 445 1410 nuntiis
458 1336 647 1421 litterisque
658 1344 843 1402 commotus
856 1333 986 1401 Caesar
1002 1335 1088 1402 duas

111 1442 262 1525 legiones
292 1442 326 1505 in
356 1441 514 1506 citeriore
545 1437 659 1504 Gallia
692 1460 798 1504 novas
827 1440 1030 1524 conscripsit
1058 1448 1091 1504 et

113 1548 197 1610 inita
221 1552 362 1625 aestate,
386 1543 419 1607 in
444 1542 637 1608 interiorem
654 1541 803 1609 Galliam
819 1543 875 1628 qui
899 1541 1093 1628 deduceret,

93 1648 278 1728 aquintum
292 1646 434 1711 Pedium
449 1645 599 1730 legatum
613 1648 716 1712 misit.
740 1647 827 1732 Ipse,
851 1668 928 1712 oum
949 1648 1093 1733 primum

93 1751 229 1836 spabuli
245 1752 342 1836 copia
359 1772 433 1814 esse
449 1751 622 1836 inciperet,
639 1751 681 1816 ad
700 1752 886 1816 exercitum
901 1752 1004 1816 venit.
1020 1750 1092 1817 Dat

114 1856 286 1937 negotium
304 1852 491 1919 Senonibus
510 1853 715 1940 reliquisque
733 1852 854 1939 Gallis,
879 1854 934 1940 qui
957 1854 1093 1920 finitimi
1141 1903 1144 1909 -

112 1955 229 2040 Belgis
253 1966 360 2040 erant,
384 1958 433 2022 uti
458 1979 508 2040 ea,
532 1978 618 2042 quae
642 1957 731 2043 apud
754 1979 810 2023 eos
834 1966 1007 2041 gerantur,
1036 1979 1093 2023 co·

92 2070 282 2145 agnoscant
306 2083 407 2147 seque
430 2062 472 2126 de
494 2060 547 2126 his
570 2060 670 2126 rebus
687 2063 866 2126 certiorem
883 2060 1023 2126 saciant.
1046 2061 1094 2128 Hi

114 2174 310 2253 constanter
334 2186 448 2229 omnes
471 2165 714 2229 nuntiaverunt
737 2185 857 2228 manus
880 2165 967 2247 cogi,
998 2186 1094 2230 exer·

93 2271 219 2334 teitum
235 2269 269 2333 in
293 2290 395 2333 unum
418 2267 528 2333 locum
551 2266 704 2333 conduci.
728 2267 814 2332 Tum
829 2289 909 2332 vero
934 2265 1094 2334 dubitan-

116 2373 194 2437 dum
216 2394 283 2436 non
303 2372 528 2454 existimavit,
557 2371 638 2458 quin
665 2370 709 2436 ad
733 2392 789 2435 eos
813 2371 1094 2456 proficisceretur.

94 2477 162 2540 ene
185 2475 406 2541 frumentaria
429 2485 626 2560 comparata
650 2483 765 2540 castra
780 2484 893 2540 movet
909 2473 1095 2561 diebusque

115 2580 250 2645 circiter
275 2579 465 2664 quindecim
487 2578 532 2643 ad
554 2578 637 2643 fines
654 2576 836 2662 Belgarum
861 2579 1025 2664 pervenit.

202 2681 231 2746 3.
254 2681 304 2747 Eo
328 2703 403 2747 cum
426 2681 469 2746 de
491 2681 674 2767 improviso
690 2680 901 2767 celeriusque
918 2682 1007 2747 omni
1024 2683 1094 2767 opi·

116 2786 216 2850 nione
231 2787 391 2868 venisset,
407 2785 513 2869 Remi,
535 2787 591 2871 qui
606 2785 750 2870 proximi
768 2783 904 2850 Galliae
920 2807 963 2849 ex
977 2783 1095 2869 Belgis

117 2899 211 2971 sunt,
245 2889 290 2953 ad
319 2912 394 2953 eum
422 2887 554 2972 legatos
576 2889 704 2953 Iccium
728 2898 760 2954 et
776 2887 1095 2974 Andecumborium,

96 2994 241 3078 aprinos
265 2993 427 3074 civitatis,
449 2992 623 3074 miserunt,
650 2992 706 3078 qui
731 2992 882 3058 dicerent
906 3014 942 3056 se
967 3013 1096 3077 suaque

118 3097 230 3161 omnia
254 3096 288 3158 in
311 3094 411 3159 fidem
434 3103 535 3180 atque
552 3094 586 3158 in
601 3104 806 3180 potestatem
821 3094 936 3181 populi
951 3095 1095 3161 Romani

118 3199 321 3286 permittere,
338 3218 444 3282 neque
461 3219 497 3260 se
513 3217 589 3262 cunr
600 3197 716 3283 Belgis
732 3198 870 3284 reliquis
883 3198 1097 3265 consensisse

97 3321 225 3389 tneque
249 3309 369 3368 contra
392 3299 549 3386 populum
564 3301 750 3369 Romanum
766 3304 974 3387 coniurasse,
996 3325 1096 3388 para·

119 3417 236 3492 tosque
260 3427 333 3470 esse
358 3414 391 3470 et
415 3402 551 3468 obsides
576 3404 657 3471 dare
681 3417 714 3473 et
737 3408 902 3494 imperata
926 3407 1039 3473 facere
1063 3417 1097 3473 et

120 3510 251 3595 oppidis
264 3510 412 3594 recipere
427 3507 634 3576 etfrumento
648 3513 837 3597 ceterisque
848 3512 949 3579 rebus
962 3514 1097 3598 iuvare3
