2376 3924
130 237 193 303 298
423 235 533 285 snam
552 217 805 286 mariamnem

131 444 169 488 111
193 424 371 509 legionibus
394 434 443 489 est
465 425 637 510 profectus,
671 434 707 490 ut
729 423 950 490 laborantibus
979 445 1112 489 succur-

110 537 218 592 treret
239 531 371 611 nostris3
407 536 535 593 etcum
558 528 600 593 ad
623 550 677 593 eos
700 529 1000 615 appropinquasset,
1029 527 1113 614 fuga

130 633 292 716 perterriti
322 631 411 695 multi
441 640 515 695 sunt
543 631 713 715 interfecti,
748 631 927 718 complures
956 633 1053 716 capti,
1078 634 1112 696 in

131 732 249 818 quibus
272 734 337 798 duo
354 785 360 797 .
376 785 382 796 .
397 784 425 797 ..
449 733 540 798 multi
573 742 742 820 praeterea
775 736 873 799 armis
902 735 992 798 exuti
1021 733 1112 819 fuge-

131 846 216 919 runt,
241 859 378 922 quorum
401 845 492 902 scuta
514 846 589 902 sunt
610 837 713 902 relata
734 855 839 902 Lxxx.

222 943 267 1006 10.
301 944 487 1026 Insequenti
518 943 588 1007 lucc
621 943 798 1028 Arguetius
832 967 875 1008 ex
908 942 1002 1009 Italia
1036 965 1114 1008 cum

133 1048 279 1131 equitatu
300 1047 398 1109 venit.
429 1047 462 1109 Is
484 1048 577 1129 signa
600 1047 852 1130 Saguntinorum
874 1046 997 1112 rettulit
1020 1051 1112 1132 quin-

113 1162 206 1234 2que,
240 1170 324 1233 qnae
347 1147 388 1212 ab
412 1148 580 1234 oppidanis
603 1151 696 1235 cepit.
721 1151 786 1216 Suo
808 1149 876 1215 loco
899 1152 1113 1236 praeteritum

134 1261 191 1335 est,
215 1252 302 1337 quod
326 1255 449 1337 equites
472 1275 514 1317 ex
538 1253 632 1317 ltalia
655 1276 729 1318 cum
751 1253 935 1339 Asprenate
966 1252 1009 1317 ad
1032 1251 1113 1318 an-

113 1367 241 1421 3sarem
264 1358 435 1420 venissent.
471 1357 520 1419 Ea
543 1365 636 1421 nocte
659 1357 832 1445 Pompeius
855 1365 962 1421 castra
984 1378 1044 1421 sua
1066 1359 1113 1422 in·

135 1459 243 1523 cendit
265 1468 298 1522 et
328 1459 370 1522 ad
393 1457 580 1522 Cordubam
612 1480 727 1524 versus
760 1461 821 1523 iter
854 1459 961 1524 lacere
995 1463 1112 1546 coepit.

113 1564 206 1627 4Rex
229 1565 358 1627 nomine
380 1562 472 1645 Indo,
497 1565 552 1647 qui
575 1585 648 1626 cum
671 1565 816 1648 equitatu
839 1584 913 1627 suas
932 1564 1040 1648 copias
1056 1563 1113 1629 ad-

134 1665 283 1748 duxerat,
321 1665 400 1731 dum
433 1666 579 1751 cupidius
617 1688 732 1751 agmen
771 1667 1033 1731 adversariorum
1066 1668 1113 1732 in·

134 1773 287 1855 seqnitur,
326 1769 550 1835 avernaculis
587 1770 770 1854 legionariis
807 1779 963 1856 exceptus
997 1779 1046 1834 est
1080 1780 1114 1836 et

133 1872 328 1936 interfectus.

221 1973 269 2037 11.
294 1974 426 2038 Postero
450 1974 502 2038 die
524 1977 647 2059 equites
669 1978 770 2040 nostri
792 1976 917 2061 longius
933 1975 975 2041 ad
990 1973 1113 2041 Cordu-

134 2076 211 2140 bam
233 2098 347 2140 versus
381 2080 542 2162 prosecuti
570 2087 645 2143 sunt
675 2101 739 2161 eos,
771 2082 825 2164 qui
849 2088 1046 2144 commeatus
1068 2080 1113 2144 ad

135 2191 242 2244 castra
264 2181 397 2266 Pompei
420 2203 463 2244 ex
486 2181 603 2267 oppido
626 2183 808 2270 portabant.
832 2184 887 2248 Ex
909 2184 958 2248 his
982 2186 1068 2269 capti
1091 2203 1113 2247 L

135 2306 209 2347 cum
230 2286 381 2349 iumentis
404 2284 447 2349 ad
469 2295 580 2351 nostra
602 2287 735 2352 adducti
758 2295 832 2352 sunt
847 2296 963 2352 castra.
986 2286 1114 2352 Eodem

113 2387 187 2452 2die
211 2389 251 2470 Q.
275 2389 428 2472 Marcius,
462 2389 611 2455 tribunus
642 2392 778 2456 militum
800 2393 855 2476 qui
883 2391 997 2455 fuisset
1018 2389 1112 2455 Pom·

135 2494 195 2577 pei,
221 2492 263 2556 ad
285 2514 343 2557 nos
366 2492 556 2578 transfugit3
581 2503 614 2558 et
636 2498 737 2560 noctis
760 2497 856 2560 tertia
871 2494 980 2579 vigilia
1002 2495 1037 2558 in
1059 2515 1113 2580 op-

134 2595 210 2680 pido
248 2596 403 2660 acerrime
441 2605 621 2680 pugnatum
657 2605 714 2678 est,
760 2600 932 2682 ignemque
975 2596 1114 2662 multum

134 2701 292 2763 miserunt
315 2697 368 2784 [sc.
393 2721 487 2763 omne
510 2721 612 2783 genus
636 2699 768 2762 telorum
797 2702 914 2787 quibus
943 2703 1026 2788 ignis
1054 2724 1114 2789 per

115 2804 238 2865 ³iactus
272 2800 381 2865 solitus
415 2810 463 2866 est
499 2799 602 2888 mittil.
647 2804 720 2867 Hoc
757 2807 929 2889 praeterito
966 2814 1114 2890 tempore

136 2903 238 2968 Gaius
253 2904 453 2987 Fundanius,
478 2927 576 2990 eques
598 2907 773 2990 Romanus,
797 2930 839 2971 ex
862 2911 975 2973 castris
998 2908 1114 2974 adver-

136 3009 294 3071 sariorum
317 3007 359 3070 ad
381 3030 440 3072 nos
463 3008 615 3093 confugit.

224 3110 272 3174 12.
297 3112 430 3176 Postero
465 3111 517 3174 die
553 3133 594 3174 ex
628 3111 752 3196 legione
785 3115 961 3179 vernacula
996 3115 1113 3180 milites

136 3223 211 3278 sunt
241 3216 326 3300 capti
355 3214 397 3278 ab
426 3214 586 3298 equitibus
617 3218 734 3279 nostris
757 3234 793 3299 11,
818 3220 872 3302 qui
901 3217 1056 3284 dixerunt
1078 3241 1113 3284 se

116 3329 247 3383 ²servos
271 3339 349 3382 esse.
385 3316 467 3382 Oum
489 3319 645 3401 venirent,
669 3320 788 3402 cogniti
810 3329 885 3384 sunt
907 3344 926 3384 a
948 3322 1112 3406 militibus,

137 3423 192 3504 qui
215 3431 311 3486 antea
334 3445 407 3487 cum
429 3420 533 3487 Fabio
561 3431 594 3486 et
615 3420 716 3486 Pedio
745 3422 874 3487 fuerant
896 3432 929 3487 et
950 3424 1112 3490 Trebonio

126 3520 410 3615 [transfirgerantl.
456 3528 512 3592 Eis
535 3525 578 3590 ad
600 3525 833 3613 ignoscendum
860 3527 948 3592 nulla
975 3527 1113 3594 facultas
