2376 3924
126 223 188 289 154
428 223 478 274 DE
496 222 617 273 BELLO
637 220 796 273 eunuco

126 415 386 496 constituerunt,
410 434 462 495 ea,
494 433 580 498 quae
602 409 693 477 bello
716 414 876 498 ceperint,
909 411 1106 501 plerumque

133 518 316 583 devovent:
340 517 395 603 qui
420 516 664 602 superaverint,
681 513 841 580 animalia
863 525 965 602 capta
988 519 1105 584 immo-

104 621 199 687 tlant
212 620 424 706 reliquasque
437 641 491 683 res
504 620 538 683 in
549 640 651 683 unum
663 616 773 683 locum
785 620 971 684 conferunt.
987 621 1105 688 Multis

127 727 160 790 in
177 722 374 790 civitatibus
390 722 508 788 harum
524 744 635 787 rerum
652 731 843 787 exstructos
858 722 1004 790 tumulos
1021 725 1105 791 locis

105 829 336 894 sconseeratis
353 827 544 912 conspicari
558 823 655 908 licet3
678 846 787 911 neque
803 848 903 912 saepe
914 828 1051 912 accidit,
1068 841 1106 894 ut

128 930 285 1015 neglecta
310 931 476 1016 quispiam
499 926 664 1012 religione
687 939 747 994 aut
769 938 869 1015 capta
893 930 984 1016 apud
1000 955 1036 997 se
1052 955 1106 996 oc·

128 1034 258 1100 cultare
282 1041 341 1098 aut
363 1034 475 1119 posita
491 1030 610 1097 tollere
630 1032 780 1117 auderet,
804 1030 1107 1122 gravissimumque

130 1140 160 1202 ei
183 1139 233 1202 rei
257 1135 458 1223 supplicium
481 1158 557 1201 oum
579 1138 733 1201 cruciatu
756 1138 978 1202 constitutum
1002 1148 1063 1203 est.

235 1238 283 1304 18.
308 1238 400 1305 Galli
427 1261 462 1303 se
487 1262 600 1304 omnes
625 1238 668 1304 ab
692 1239 773 1305 Dite
796 1247 893 1325 patre
920 1250 1106 1326 prognatos

107 1344 326 1431 apraedioant
342 1343 444 1429 idque
461 1342 504 1407 ab
522 1342 698 1408 druidibus
715 1341 885 1428 proditum
901 1332 1107 1411 dicunt.'0b

130 1470 204 1513 eam
232 1469 371 1513 causam
401 1447 513 1532 spatia
545 1448 651 1512 omnis
680 1447 840 1532 temporis
868 1468 936 1511 non
969 1470 1107 1514 numero

131 1553 268 1635 dierum,
293 1551 353 1617 sed
376 1553 524 1616 noctium
548 1551 686 1635 finiunt,
710 1549 781 1614 dies
805 1549 938 1615 natales
963 1561 996 1617 et
1018 1575 1108 1618 men-

132 1658 217 1721 sium
241 1665 273 1721 et
297 1676 462 1720 annorum
485 1654 583 1720 initia
608 1654 658 1719 sic
684 1653 876 1735 observant,
910 1663 947 1720 ut
976 1666 1109 1723 noctem

109 1759 203 1824 adies
228 1758 463 1846 subsequatur.
508 1759 548 1823 In
571 1757 710 1845 reliquis
734 1759 827 1823 vitae
858 1760 1023 1825 institutis
1046 1761 1109 1826 hoc

130 1863 200 1927 fere
224 1863 267 1929 ab
290 1861 428 1949 reliquis
454 1862 622 1947 differunt,
659 1861 748 1947 quod
771 1884 849 1927 suos
872 1861 1007 1947 liberos,
1041 1866 1108 1928 nisi

130 1989 205 2032 oum
229 1965 461 2049 adoleverunt,
484 1975 521 2031 ut
543 1988 663 2032 munus
688 1964 830 2031 militiae
854 1968 1020 2032 sustinere
1034 1989 1111 2052 pos·

131 2073 208 2154 sint,
237 2069 350 2156 palam
379 2069 424 2135 ad
448 2093 484 2134 se
513 2069 610 2134 adire
640 2090 708 2133 non
737 2069 913 2153 patiuntur
940 2069 1110 2156 filiumque

131 2172 251 2260 puerili
276 2183 389 2239 aetate
412 2176 447 2239 in
470 2173 605 2260 publico
631 2176 665 2238 in
689 2183 874 2260 conspectu
896 2175 1003 2261 patris
1026 2178 1110 2240 assi-

133 2286 220 2342 stere
243 2286 340 2364 turpe
365 2278 501 2343 ducunt.

236 2381 285 2447 19.
309 2384 393 2465 Viri,
417 2392 563 2469 quantas
587 2383 751 2468 pecunias
775 2382 819 2448 ab
842 2382 1004 2449 uxoribus
1022 2382 1111 2449 dotis

132 2488 265 2552 nomine
288 2495 501 2572 acceperunt,
524 2495 645 2551 tantas
671 2509 713 2550 ex
738 2487 808 2551 suis
831 2486 930 2552 bonis
954 2488 1111 2552 aestima·

112 2591 224 2654 2tione
243 2589 336 2656 facta
352 2612 428 2656 cum
445 2589 581 2655 dotibus
595 2591 856 2654 communicant.
879 2591 987 2656 Huius
1005 2593 1111 2656 omnis

131 2695 296 2779 pecuniae
319 2695 524 2761 coniunctim
548 2695 636 2759 ratio
659 2692 804 2758 habetur
826 2693 1021 2780 fructusque
1046 2717 1113 2759 ser·

133 2806 273 2879 vantur,
310 2807 386 2863 uter
409 2820 522 2862 eorum
545 2799 617 2863 vita
642 2799 820 2883 superarit,
855 2797 902 2863 ad
931 2820 1005 2864 eum
1033 2820 1113 2885 pars

133 2900 307 2986 utriusque
331 2922 407 2966 eum
430 2900 596 2966 fructibus
614 2902 824 2987 superiorum
838 2910 1026 2987 temporum
1039 2923 1113 2986 per-

113 3005 237 3068 ³venit
260 3004 335 3069 Viri
352 3005 386 3069 in
403 3025 538 3085 uxores,
563 3004 664 3068 sicuti
681 3005 714 3068 in
731 3002 867 3087 liberos,
891 3005 983 3070 vitae
1005 3007 1114 3069 necis·

135 3129 198 3193 que
221 3106 348 3172 habent
369 3116 589 3193 potestatem3
614 3117 646 3172 et
671 3131 746 3173 cum
761 3118 860 3194 pater
875 3107 1024 3175 familiae
1040 3106 1114 3172 illu-

136 3212 257 3276 striore
269 3209 343 3275 loco
356 3219 456 3277 natus
470 3209 627 3293 decessit,
641 3211 711 3275 eius
724 3213 903 3297 propinqui
910 3213 1115 3277 conveniunt

137 3324 180 3392 ct,
205 3313 245 3379 de
268 3324 374 3380 morte
399 3315 428 3379 si
451 3335 505 3379 res
529 3315 565 3378 in
588 3315 814 3400 suspicionem
840 3316 943 3399 venit,
969 3314 1009 3380 de
1032 3337 1115 3380 uxo·

137 3416 230 3482 ribus
255 3419 288 3482 in
313 3416 469 3483 servilem
484 3416 619 3483 modum
635 3419 867 3504 quaestionem
883 3416 1009 3485 habent
1026 3427 1070 3503 et,
1087 3421 1117 3484 si

138 3529 343 3605 compertum
367 3530 429 3613 est,
451 3521 524 3605 igni
547 3529 649 3607 atqua
672 3520 825 3586 omnibus
855 3522 1032 3587 tormentis
1056 3543 1114 3588 ex·
