<?xml version="1.0" encoding="UTF-8"?>
<!DOCTYPE html PUBLIC "-//W3C//DTD XHTML 1.0 Transitional//EN"
    "http://www.w3.org/TR/xhtml1/DTD/xhtml1-transitional.dtd">
<html xmlns="http://www.w3.org/1999/xhtml" xml:lang="en" lang="en">
 <head>
  <title>
</title>
<meta http-equiv="Content-Type" content="text/html;charset=utf-8" />
  <meta name='ocr-system' content='tesseract 3.04.00' />
  <meta name='ocr-capabilities' content='ocr_page ocr_carea ocr_par ocr_line ocrx_word'/>
</head>
<body>
  <div class='ocr_page' id='page_1' title='image "./ciuliicaesarisc00hoffgoog/ciuliicaesarisc00hoffgoog_0367.png"; bbox 0 0 2376 3924; ppageno 0'>
   <div class='ocr_carea' id='block_1_1' title="bbox 136 217 812 269">
    <p class='ocr_par' dir='ltr' id='par_1_1' title="bbox 136 217 812 269">
     <span class='ocr_line' id='line_1_1' title="bbox 136 217 812 269; baseline 0.004 -3"><span class='ocrx_word' id='word_1_1' title='bbox 136 217 252 267; x_wconf 88' lang='lat' dir='ltr'>XLVIII</span> <span class='ocrx_word' id='word_1_2' title='bbox 436 217 646 269; x_wconf 83' lang='lat' dir='ltr'>ADNO&#39;IATIO</span> <span class='ocrx_word' id='word_1_3' title='bbox 666 218 812 269; x_wconf 68' lang='lat' dir='ltr'>celrici</span> 
     </span>
    </p>
   </div>
   <div class='ocr_carea' id='block_1_2' title="bbox 135 403 1115 1143">
    <p class='ocr_par' dir='ltr' id='par_1_2' title="bbox 135 403 1115 1143">
     <span class='ocr_line' id='line_1_2' title="bbox 137 403 1115 472; baseline 0.005 -18"><span class='ocrx_word' id='word_1_4' title='bbox 137 404 217 455; x_wconf 89' lang='lat' dir='ltr'><strong>batur</strong></span> <span class='ocrx_word' id='word_1_5' title='bbox 235 403 461 471; x_wconf 54' lang='lat' dir='ltr'>praemutatio</span> <span class='ocrx_word' id='word_1_6' title='bbox 478 403 536 458; x_wconf 79' lang='lat' dir='ltr'>hoc.</span> <span class='ocrx_word' id='word_1_7' title='bbox 567 420 647 470; x_wconf 86' lang='lat' dir='ltr'><strong>quam</strong></span> <span class='ocrx_word' id='word_1_8' title='bbox 671 405 730 471; x_wconf 90' lang='lat' dir='ltr'>ipse</span> <span class='ocrx_word' id='word_1_9' title='bbox 749 411 830 456; x_wconf 86' lang='lat' dir='ltr'><strong>antea</strong></span> <span class='ocrx_word' id='word_1_10' title='bbox 847 422 1041 472; x_wconf 80' lang='lat' dir='ltr'><strong>proposueram</strong></span> <span class='ocrx_word' id='word_1_11' title='bbox 1060 408 1115 459; x_wconf 87' lang='lat' dir='ltr'>lec·</span> 
     </span>
     <span class='ocr_line' id='line_1_3' title="bbox 136 489 1115 562; baseline 0.008 -24"><span class='ocrx_word' id='word_1_12' title='bbox 136 491 236 539; x_wconf 86' lang='lat' dir='ltr'>tionem</span> <span class='ocrx_word' id='word_1_13' title='bbox 260 489 438 556; x_wconf 75' lang='lat' dir='ltr'>praemuniit</span> <span class='ocrx_word' id='word_1_14' title='bbox 452 528 458 541; x_wconf 93' lang='lat'>.</span> <span class='ocrx_word' id='word_1_15' title='bbox 471 505 521 544; x_wconf 75' lang='lat' dir='ltr'>uec</span> <span class='ocrx_word' id='word_1_16' title='bbox 549 495 692 544; x_wconf 82' lang='lat' dir='ltr'>tract-ue</span> <span class='ocrx_word' id='word_1_17' title='bbox 721 490 822 558; x_wconf 79' lang='lat' dir='ltr'>oppidi</span> <span class='ocrx_word' id='word_1_18' title='bbox 845 506 918 559; x_wconf 81' lang='lat' dir='ltr'>pare</span> <span class='ocrx_word' id='word_1_19' title='bbox 945 497 1007 545; x_wconf 83' lang='lat' dir='ltr'>eret</span> <span class='ocrx_word' id='word_1_20' title='bbox 1033 493 1115 562; x_wconf 69' lang='lat' dir='ltr'>repta</span> 
     </span>
     <span class='ocr_line' id='line_1_4' title="bbox 136 574 1114 643; baseline 0.006 -17"><span class='ocrx_word' id='word_1_21' title='bbox 136 574 240 643; x_wconf 66' lang='lat' dir='ltr'>eatque</span> <span class='ocrx_word' id='word_1_22' title='bbox 257 576 370 626; x_wconf 80' lang='lat' dir='ltr'>Diibner</span> <span class='ocrx_word' id='word_1_23' title='bbox 387 578 498 642; x_wconf 84' lang='lat' dir='ltr'>recepit</span> <span class='ocrx_word' id='word_1_24' title='bbox 517 605 550 614; x_wconf 88' lang='lat'>-—</span> <span class='ocrx_word' id='word_1_25' title='bbox 568 578 597 626; x_wconf 90' lang='lat' dir='ltr'>in</span> <span class='ocrx_word' id='word_1_26' title='bbox 616 578 792 642; x_wconf 82' lang='lat' dir='ltr'>sequentibus</span> <span class='ocrx_word' id='word_1_27' title='bbox 809 578 902 628; x_wconf 82' lang='lat' dir='ltr'>verbis</span> <span class='ocrx_word' id='word_1_28' title='bbox 926 582 953 630; x_wconf 85' lang='lat' dir='ltr'>et</span> <span class='ocrx_word' id='word_1_29' title='bbox 973 578 1114 632; x_wconf 77' lang='lat' dir='ltr'><strong><em>theatrum</em></strong></span> 
     </span>
     <span class='ocr_line' id='line_1_5' title="bbox 136 662 1114 732; baseline 0.003 -17"><span class='ocrx_word' id='word_1_30' title='bbox 136 663 316 716; x_wconf 72' lang='lat' dir='ltr'>corrictuctum</span> <span class='ocrx_word' id='word_1_31' title='bbox 339 663 435 716; x_wconf 74' lang='lat' dir='ltr'>denteri</span> <span class='ocrx_word' id='word_1_32' title='bbox 460 662 555 732; x_wconf 73' lang='lat' dir='ltr'><strong>[quod]</strong></span> <span class='ocrx_word' id='word_1_33' title='bbox 581 663 657 716; x_wconf 76' lang='lat' dir='ltr'>arcis</span> <span class='ocrx_word' id='word_1_34' title='bbox 683 663 793 716; x_wconf 73' lang='lat' dir='ltr'>tenebat</span> <span class='ocrx_word' id='word_1_35' title='bbox 817 663 906 717; x_wconf 81' lang='lat' dir='ltr'>locum</span> <span class='ocrx_word' id='word_1_36' title='bbox 923 681 1017 715; x_wconf 89' lang='lat' dir='ltr'>vocem</span> <span class='ocrx_word' id='word_1_37' title='bbox 1040 665 1114 732; x_wconf 79' lang='lat' dir='ltr'>quod</span> 
     </span>
     <span class='ocr_line' id='line_1_6' title="bbox 135 749 1113 816; baseline 0.004 -18"><span class='ocrx_word' id='word_1_38' title='bbox 135 754 166 799; x_wconf 92' lang='lat' dir='ltr'><strong>ut</strong></span> <span class='ocrx_word' id='word_1_39' title='bbox 183 755 265 800; x_wconf 87' lang='lat' dir='ltr'>antee</span> <span class='ocrx_word' id='word_1_40' title='bbox 281 750 396 813; x_wconf 80' lang='lat' dir='ltr'>inclusi3</span> <span class='ocrx_word' id='word_1_41' title='bbox 420 749 534 799; x_wconf 84' lang='lat' dir='ltr'>relativo</span> <span class='ocrx_word' id='word_1_42' title='bbox 554 751 626 799; x_wconf 91' lang='lat' dir='ltr'>enim</span> <span class='ocrx_word' id='word_1_43' title='bbox 645 757 751 800; x_wconf 87' lang='lat' dir='ltr'>servato</span> <span class='ocrx_word' id='word_1_44' title='bbox 769 759 907 816; x_wconf 81' lang='lat' dir='ltr'><strong>tamquam</strong></span> <span class='ocrx_word' id='word_1_45' title='bbox 926 767 970 801; x_wconf 89' lang='lat' dir='ltr'>res</span> <span class='ocrx_word' id='word_1_46' title='bbox 989 753 1113 802; x_wconf 81' lang='lat' dir='ltr'>curiosae</span> 
     </span>
     <span class='ocr_line' id='line_1_7' title="bbox 136 835 1114 904; baseline 0.005 -20"><span class='ocrx_word' id='word_1_47' title='bbox 136 836 288 886; x_wconf 84' lang='lat' dir='ltr'>enumerari</span> <span class='ocrx_word' id='word_1_48' title='bbox 301 836 439 895; x_wconf 84' lang='lat' dir='ltr'>videntur;</span> <span class='ocrx_word' id='word_1_49' title='bbox 457 836 575 885; x_wconf 79' lang='lat' dir='ltr'>assensit</span> <span class='ocrx_word' id='word_1_50' title='bbox 586 835 706 886; x_wconf 86' lang='lat' dir='ltr'>Diibner.</span> <span class='ocrx_word' id='word_1_51' title='bbox 723 863 759 874; x_wconf 94' lang='grc'><strong>-</strong></span> <span class='ocrx_word' id='word_1_52' title='bbox 771 838 795 898; x_wconf 71' lang='lat'>5.</span> <span class='ocrx_word' id='word_1_53' title='bbox 811 838 855 885; x_wconf 91' lang='lat'>11:</span> <span class='ocrx_word' id='word_1_54' title='bbox 874 835 1018 888; x_wconf 76' lang='lat' dir='ltr'>ottttrict&#39;ue</span> <span class='ocrx_word' id='word_1_55' title='bbox 1027 836 1114 904; x_wconf 76' lang='lat' dir='ltr'>pueri</span> 
     </span>
     <span class='ocr_line' id='line_1_8' title="bbox 135 919 1115 990; baseline 0 -18"><span class='ocrx_word' id='word_1_56' title='bbox 135 924 162 972; x_wconf 84' lang='lat' dir='ltr'>et</span> <span class='ocrx_word' id='word_1_57' title='bbox 177 925 349 988; x_wconf 75' lang='lat' dir='ltr'>procurator</span> <span class='ocrx_word' id='word_1_58' title='bbox 368 919 455 989; x_wconf 74' lang='lat' dir='ltr'>reptet,</span> <span class='ocrx_word' id='word_1_59' title='bbox 476 919 618 988; x_wconf 71' lang='lat' dir='ltr'>[inperce</span> <span class='ocrx_word' id='word_1_60' title='bbox 637 919 804 990; x_wconf 70' lang='lat' dir='ltr'>Caesariessl</span> <span class='ocrx_word' id='word_1_61' title='bbox 822 922 928 972; x_wconf 85' lang='lat' dir='ltr'>Kraner</span> <span class='ocrx_word' id='word_1_62' title='bbox 939 922 1009 972; x_wconf 81' lang='lat' dir='ltr'>haec</span> <span class='ocrx_word' id='word_1_63' title='bbox 1022 925 1115 972; x_wconf 84' lang='lat' dir='ltr'><strong>omnia</strong></span> 
     </span>
     <span class='ocr_line' id='line_1_9' title="bbox 135 1007 1114 1075; baseline 0.003 -19"><span class='ocrx_word' id='word_1_64' title='bbox 135 1013 165 1056; x_wconf 87' lang='lat' dir='ltr'><strong>ut</strong></span> <span class='ocrx_word' id='word_1_65' title='bbox 183 1008 305 1056; x_wconf 83' lang='lat' dir='ltr'>insiticia</span> <span class='ocrx_word' id='word_1_66' title='bbox 327 1007 450 1066; x_wconf 87' lang='lat' dir='ltr'>inclusit;</span> <span class='ocrx_word' id='word_1_67' title='bbox 476 1008 536 1071; x_wconf 91' lang='lat' dir='ltr'>ipse</span> <span class='ocrx_word' id='word_1_68' title='bbox 557 1008 705 1058; x_wconf 88' lang='lat' dir='ltr'>novissime</span> <span class='ocrx_word' id='word_1_69' title='bbox 727 1013 833 1058; x_wconf 87' lang='lat' dir='ltr'><strong>tantum</strong></span> <span class='ocrx_word' id='word_1_70' title='bbox 851 1008 936 1058; x_wconf 90' lang='lat' dir='ltr'>verba</span> <span class='ocrx_word' id='word_1_71' title='bbox 953 1013 1047 1075; x_wconf 80' lang='lat' dir='ltr'><strong>utpote</strong></span> <span class='ocrx_word' id='word_1_72' title='bbox 1065 1025 1114 1074; x_wconf 89' lang='lat' dir='ltr'>per</span> 
     </span>
     <span class='ocr_line' id='line_1_10' title="bbox 135 1091 538 1143; baseline 0.007 -4"><span class='ocrx_word' id='word_1_73' title='bbox 135 1107 164 1142; x_wconf 83' lang='lat' dir='ltr'>se</span> <span class='ocrx_word' id='word_1_74' title='bbox 183 1093 251 1142; x_wconf 85' lang='lat' dir='ltr'>mira</span> <span class='ocrx_word' id='word_1_75' title='bbox 269 1093 346 1142; x_wconf 88' lang='lat' dir='ltr'>uncis</span> <span class='ocrx_word' id='word_1_76' title='bbox 365 1091 538 1143; x_wconf 88' lang='lat' dir='ltr'>circumdedi.</span> 
     </span>
    </p>
   </div>
   <div class='ocr_carea' id='block_1_3' title="bbox 131 1262 1113 3488">
    <p class='ocr_par' dir='ltr' id='par_1_3' title="bbox 131 1262 1113 2622">
     <span class='ocr_line' id='line_1_11' title="bbox 236 1262 1113 1335; baseline 0.006 -23"><span class='ocrx_word' id='word_1_77' title='bbox 236 1262 341 1315; x_wconf 75' lang='lat' dir='ltr'>BELL.</span> <span class='ocrx_word' id='word_1_78' title='bbox 359 1263 463 1315; x_wconf 74' lang='lat' dir='ltr'>ALEX</span> <span class='ocrx_word' id='word_1_79' title='bbox 483 1281 505 1315; x_wconf 89' lang='lat' dir='ltr'>c.</span> <span class='ocrx_word' id='word_1_80' title='bbox 526 1267 548 1328; x_wconf 86' lang='lat'>1,</span> <span class='ocrx_word' id='word_1_81' title='bbox 567 1268 598 1315; x_wconf 81' lang='lat'>2:</span> <span class='ocrx_word' id='word_1_82' title='bbox 626 1264 820 1335; x_wconf 73' lang='lat' dir='ltr'>appetuntur]</span> <span class='ocrx_word' id='word_1_83' title='bbox 845 1267 956 1316; x_wconf 82' lang='lat' dir='ltr'>eiciam</span> <span class='ocrx_word' id='word_1_84' title='bbox 974 1267 1003 1315; x_wconf 90' lang='lat' dir='ltr'>in</span> <span class='ocrx_word' id='word_1_85' title='bbox 1021 1268 1113 1332; x_wconf 87' lang='lat' dir='ltr'>priore</span> 
     </span>
     <span class='ocr_line' id='line_1_12' title="bbox 135 1348 1112 1418; baseline 0.003 -20"><span class='ocrx_word' id='word_1_86' title='bbox 135 1348 253 1399; x_wconf 84' lang='lat' dir='ltr'>editione</span> <span class='ocrx_word' id='word_1_87' title='bbox 272 1349 369 1415; x_wconf 82' lang='lat' dir='ltr'>scripsi</span> <span class='ocrx_word' id='word_1_88' title='bbox 387 1365 435 1415; x_wconf 91' lang='lat' dir='ltr'>pro</span> <span class='ocrx_word' id='word_1_89' title='bbox 453 1349 545 1415; x_wconf 89' lang='lat' dir='ltr'>inepto</span> <span class='ocrx_word' id='word_1_90' title='bbox 564 1353 714 1418; x_wconf 75' lang='lat' dir='ltr'><strong>aptantur,</strong></span> <span class='ocrx_word' id='word_1_91' title='bbox 733 1352 807 1416; x_wconf 84' lang='lat' dir='ltr'><strong>quod</strong></span> <span class='ocrx_word' id='word_1_92' title='bbox 823 1352 889 1402; x_wconf 85' lang='lat' dir='ltr'>libri</span> <span class='ocrx_word' id='word_1_93' title='bbox 905 1352 1015 1402; x_wconf 83' lang='lat' dir='ltr'>habent.</span> <span class='ocrx_word' id='word_1_94' title='bbox 1046 1353 1112 1418; x_wconf 82' lang='lat' dir='ltr'>Nip-</span> 
     </span>
     <span class='ocr_line' id='line_1_13' title="bbox 134 1436 1112 1501; baseline 0.007 -17"><span class='ocrx_word' id='word_1_95' title='bbox 134 1436 235 1500; x_wconf 85' lang='lat' dir='ltr'>perdey</span> <span class='ocrx_word' id='word_1_96' title='bbox 259 1451 375 1500; x_wconf 90' lang='lat' dir='ltr'>eumque</span> <span class='ocrx_word' id='word_1_97' title='bbox 398 1437 484 1486; x_wconf 88' lang='lat' dir='ltr'>secuti</span> <span class='ocrx_word' id='word_1_98' title='bbox 508 1436 618 1499; x_wconf 86' lang='lat' dir='ltr'>Oehler,</span> <span class='ocrx_word' id='word_1_99' title='bbox 643 1437 757 1501; x_wconf 88' lang='lat' dir='ltr'>Krener,</span> <span class='ocrx_word' id='word_1_100' title='bbox 780 1438 902 1498; x_wconf 83' lang='lat' dir='ltr'>Diibner,</span> <span class='ocrx_word' id='word_1_101' title='bbox 924 1438 1022 1489; x_wconf 86' lang='lat' dir='ltr'>Dinter</span> <span class='ocrx_word' id='word_1_102' title='bbox 1046 1442 1112 1491; x_wconf 82' lang='lat' dir='ltr'><strong>tem·</strong></span> 
     </span>
     <span class='ocr_line' id='line_1_14' title="bbox 131 1522 1113 1589; baseline 0.004 -17"><span class='ocrx_word' id='word_1_103' title='bbox 131 1525 256 1588; x_wconf 75' lang='lat' dir='ltr'>piaretur</span> <span class='ocrx_word' id='word_1_104' title='bbox 280 1522 429 1574; x_wconf 86' lang='lat' dir='ltr'>ediderunt.</span> <span class='ocrx_word' id='word_1_105' title='bbox 457 1551 490 1560; x_wconf 91' lang='lat'><em>-</em></span> <span class='ocrx_word' id='word_1_106' title='bbox 518 1526 542 1586; x_wconf 71' lang='lat'>5.</span> <span class='ocrx_word' id='word_1_107' title='bbox 561 1523 590 1572; x_wconf 73' lang='grc' dir='ltr'>δε</span> <span class='ocrx_word' id='word_1_108' title='bbox 617 1527 663 1589; x_wconf 80' lang='lat' dir='ltr'><strong>ut,</strong></span> <span class='ocrx_word' id='word_1_109' title='bbox 686 1539 749 1577; x_wconf 78' lang='lat' dir='ltr'>cum</span> <span class='ocrx_word' id='word_1_110' title='bbox 771 1522 803 1575; x_wconf 75' lang='lat' dir='ltr'>ire</span> <span class='ocrx_word' id='word_1_111' title='bbox 827 1522 902 1576; x_wconf 80' lang='lat' dir='ltr'>duae</span> <span class='ocrx_word' id='word_1_112' title='bbox 921 1527 1022 1589; x_wconf 79' lang='lat' dir='ltr'>partes</span> <span class='ocrx_word' id='word_1_113' title='bbox 1040 1528 1113 1577; x_wconf 72' lang='lat' dir='ltr'>esset</span> 
     </span>
     <span class='ocr_line' id='line_1_15' title="bbox 134 1607 1112 1677; baseline 0.002 -18"><span class='ocrx_word' id='word_1_114' title='bbox 134 1607 234 1660; x_wconf 78' lang='lat' dir='ltr'>urbis</span> <span class='ocrx_word' id='word_1_115' title='bbox 254 1607 347 1661; x_wconf 80' lang='lat' dir='ltr'>diuisa</span> <span class='ocrx_word' id='word_1_116' title='bbox 366 1608 453 1671; x_wconf 75' lang='lat' dir='ltr'>aeica,</span> <span class='ocrx_word' id='word_1_117' title='bbox 476 1623 532 1661; x_wconf 79' lang='lat' dir='ltr'>uuo</span> <span class='ocrx_word' id='word_1_118' title='bbox 551 1609 668 1662; x_wconf 77' lang='lat' dir='ltr'>consilio</span> <span class='ocrx_word' id='word_1_119' title='bbox 686 1615 770 1677; x_wconf 78' lang='lat' dir='ltr'><strong>atque</strong></span> <span class='ocrx_word' id='word_1_120' title='bbox 788 1609 905 1677; x_wconf 77' lang='lat' dir='ltr'>irrepert&#39;o</span> <span class='ocrx_word' id='word_1_121' title='bbox 924 1609 1112 1662; x_wconf 70' lang='lat' dir='ltr'>centimetro-</span> 
     </span>
     <span class='ocr_line' id='line_1_16' title="bbox 132 1693 1112 1763; baseline 0.002 -18"><span class='ocrx_word' id='word_1_122' title='bbox 132 1693 231 1763; x_wconf 70' lang='lat' dir='ltr'>retur]</span> <span class='ocrx_word' id='word_1_123' title='bbox 255 1694 349 1761; x_wconf 75' lang='lat' dir='ltr'>urbis,</span> <span class='ocrx_word' id='word_1_124' title='bbox 373 1695 445 1759; x_wconf 88' lang='lat' dir='ltr'><strong>quod</strong></span> <span class='ocrx_word' id='word_1_125' title='bbox 462 1695 491 1744; x_wconf 89' lang='lat' dir='ltr'>in</span> <span class='ocrx_word' id='word_1_126' title='bbox 510 1696 599 1760; x_wconf 90' lang='lat' dir='ltr'>priore</span> <span class='ocrx_word' id='word_1_127' title='bbox 618 1696 738 1747; x_wconf 88' lang='lat' dir='ltr'>editione</span> <span class='ocrx_word' id='word_1_128' title='bbox 756 1712 790 1746; x_wconf 81' lang='lat' dir='ltr'>ex</span> <span class='ocrx_word' id='word_1_129' title='bbox 808 1697 866 1747; x_wconf 88' lang='lat' dir='ltr'>cod.</span> <span class='ocrx_word' id='word_1_130' title='bbox 885 1695 914 1762; x_wconf 72' lang='lat' dir='ltr'>f,</span> <span class='ocrx_word' id='word_1_131' title='bbox 938 1712 1054 1760; x_wconf 91' lang='lat' dir='ltr'><strong>quocum</strong></span> <span class='ocrx_word' id='word_1_132' title='bbox 1072 1698 1112 1748; x_wconf 80' lang='lat' dir='ltr'>ia·</span> 
     </span>
     <span class='ocr_line' id='line_1_17' title="bbox 134 1779 1112 1847; baseline 0.005 -19"><span class='ocrx_word' id='word_1_133' title='bbox 134 1781 209 1829; x_wconf 89' lang='lat' dir='ltr'>ciunt</span> <span class='ocrx_word' id='word_1_134' title='bbox 225 1781 327 1830; x_wconf 80' lang='lat' dir='ltr'><strong>Louan.</strong></span> <span class='ocrx_word' id='word_1_135' title='bbox 345 1781 433 1830; x_wconf 83' lang='lat' dir='ltr'>Pelet.</span> <span class='ocrx_word' id='word_1_136' title='bbox 453 1787 480 1830; x_wconf 90' lang='lat' dir='ltr'>et</span> <span class='ocrx_word' id='word_1_137' title='bbox 496 1779 516 1834; x_wconf 87' lang='lat' dir='ltr'>b</span> <span class='ocrx_word' id='word_1_138' title='bbox 535 1798 569 1830; x_wconf 88' lang='lat' dir='ltr'>m.</span> <span class='ocrx_word' id='word_1_139' title='bbox 588 1783 612 1844; x_wconf 79' lang='lat'>2,</span> <span class='ocrx_word' id='word_1_140' title='bbox 632 1797 796 1847; x_wconf 80' lang='lat' dir='ltr'>receperam,</span> <span class='ocrx_word' id='word_1_141' title='bbox 814 1782 927 1843; x_wconf 89' lang='lat' dir='ltr'>retinui,</span> <span class='ocrx_word' id='word_1_142' title='bbox 947 1797 1112 1847; x_wconf 85' lang='lat' dir='ltr'><strong>quemquam</strong></span> 
     </span>
     <span class='ocr_line' id='line_1_18' title="bbox 134 1863 1112 1933; baseline 0.001 -17"><span class='ocrx_word' id='word_1_143' title='bbox 134 1863 281 1916; x_wconf 87' lang='lat' dir='ltr'>Vielhaber</span> <span class='ocrx_word' id='word_1_144' title='bbox 299 1866 404 1931; x_wconf 85' lang='lat' dir='ltr'>ephem.</span> <span class='ocrx_word' id='word_1_145' title='bbox 422 1882 513 1932; x_wconf 79' lang='lat' dir='ltr'><strong>gymn.</strong></span> <span class='ocrx_word' id='word_1_146' title='bbox 525 1873 609 1917; x_wconf 87' lang='lat' dir='ltr'><strong>austr.</strong></span> <span class='ocrx_word' id='word_1_147' title='bbox 622 1867 679 1930; x_wconf 82' lang='lat' dir='ltr'>XX,</span> <span class='ocrx_word' id='word_1_148' title='bbox 698 1885 723 1932; x_wconf 91' lang='lat' dir='ltr'>p.</span> <span class='ocrx_word' id='word_1_149' title='bbox 737 1867 788 1916; x_wconf 77' lang='lat'>550</span> <span class='ocrx_word' id='word_1_150' title='bbox 806 1868 947 1933; x_wconf 82' lang='lat' dir='ltr'><strong>vulgatam</strong></span> <span class='ocrx_word' id='word_1_151' title='bbox 964 1867 1112 1919; x_wconf 89' lang='lat' dir='ltr'>lectionem</span> 
     </span>
     <span class='ocr_line' id='line_1_19' title="bbox 133 1950 1112 2019; baseline 0.002 -17"><span class='ocrx_word' id='word_1_152' title='bbox 133 1950 201 2003; x_wconf 74' lang='lat' dir='ltr'>urbs</span> <span class='ocrx_word' id='word_1_153' title='bbox 224 1955 307 2002; x_wconf 82' lang='lat' dir='ltr'>tutari</span> <span class='ocrx_word' id='word_1_154' title='bbox 331 1953 441 2003; x_wconf 82' lang='lat' dir='ltr'>studuit.</span> <span class='ocrx_word' id='word_1_155' title='bbox 471 1953 536 2004; x_wconf 88' lang='lat' dir='ltr'>licet</span> <span class='ocrx_word' id='word_1_156' title='bbox 562 1955 635 2004; x_wconf 88' lang='lat' dir='ltr'>enim</span> <span class='ocrx_word' id='word_1_157' title='bbox 658 1955 723 2005; x_wconf 89' lang='lat' dir='ltr'>urbs</span> <span class='ocrx_word' id='word_1_158' title='bbox 750 1956 779 2003; x_wconf 90' lang='lat' dir='ltr'>in</span> <span class='ocrx_word' id='word_1_159' title='bbox 805 1954 873 2004; x_wconf 82' lang='lat' dir='ltr'>dues</span> <span class='ocrx_word' id='word_1_160' title='bbox 903 1960 995 2019; x_wconf 84' lang='lat' dir='ltr'>partes</span> <span class='ocrx_word' id='word_1_161' title='bbox 1022 1953 1112 2004; x_wconf 80' lang='lat' dir='ltr'>divise</span> 
     </span>
     <span class='ocr_line' id='line_1_20' title="bbox 132 2035 1111 2105; baseline 0.004 -19"><span class='ocrx_word' id='word_1_162' title='bbox 132 2035 226 2100; x_wconf 87' lang='lat' dir='ltr'>fuerit,</span> <span class='ocrx_word' id='word_1_163' title='bbox 254 2037 281 2086; x_wconf 83' lang='lat' dir='ltr'>id</span> <span class='ocrx_word' id='word_1_164' title='bbox 304 2042 395 2087; x_wconf 85' lang='lat' dir='ltr'><strong>tamen</strong></span> <span class='ocrx_word' id='word_1_165' title='bbox 419 2054 473 2088; x_wconf 92' lang='lat' dir='ltr'>non</span> <span class='ocrx_word' id='word_1_166' title='bbox 491 2039 655 2101; x_wconf 87' lang='lat' dir='ltr'>obstitisset,</span> <span class='ocrx_word' id='word_1_167' title='bbox 684 2040 827 2105; x_wconf 87' lang='lat' dir='ltr'>quominus</span> <span class='ocrx_word' id='word_1_168' title='bbox 850 2038 924 2088; x_wconf 83' lang='lat' dir='ltr'>acies</span> <span class='ocrx_word' id='word_1_169' title='bbox 943 2036 1111 2090; x_wconf 80' lang='lat' dir='ltr'>Caesariana</span> 
     </span>
     <span class='ocr_line' id='line_1_21' title="bbox 132 2114 1110 2191; baseline 0.004 -19"><span class='ocrx_word' id='word_1_170' title='bbox 132 2114 195 2172; x_wconf 83' lang='lat' dir='ltr'><strong>‘uuo</strong></span> <span class='ocrx_word' id='word_1_171' title='bbox 214 2122 328 2173; x_wconf 90' lang='lat' dir='ltr'>consilio</span> <span class='ocrx_word' id='word_1_172' title='bbox 347 2129 428 2188; x_wconf 84' lang='lat' dir='ltr'><strong>utque</strong></span> <span class='ocrx_word' id='word_1_173' title='bbox 446 2125 560 2191; x_wconf 89' lang='lat' dir='ltr'>imperio</span> <span class='ocrx_word' id='word_1_174' title='bbox 578 2124 813 2176; x_wconf 78' lang='lat' dir='ltr'>administraretur</span> <span class='ocrx_word' id='word_1_175' title='bbox 822 2123 836 2187; x_wconf 91' lang='lat'>’,</span> <span class='ocrx_word' id='word_1_176' title='bbox 864 2126 917 2175; x_wconf 88' lang='lat' dir='ltr'>nisi</span> <span class='ocrx_word' id='word_1_177' title='bbox 934 2126 995 2190; x_wconf 82' lang='lat' dir='ltr'>ipse</span> <span class='ocrx_word' id='word_1_178' title='bbox 1012 2127 1042 2175; x_wconf 88' lang='lat' dir='ltr'>in</span> <span class='ocrx_word' id='word_1_179' title='bbox 1060 2126 1110 2176; x_wconf 82' lang='lat' dir='ltr'>hes</span> 
     </span>
     <span class='ocr_line' id='line_1_22' title="bbox 132 2208 1111 2278; baseline 0.006 -20"><span class='ocrx_word' id='word_1_180' title='bbox 132 2214 222 2273; x_wconf 87' lang='lat' dir='ltr'>partes</span> <span class='ocrx_word' id='word_1_181' title='bbox 240 2208 329 2260; x_wconf 83' lang='lat' dir='ltr'>divisa</span> <span class='ocrx_word' id='word_1_182' title='bbox 347 2209 451 2260; x_wconf 82' lang='lat' dir='ltr'>fuisset.</span> <span class='ocrx_word' id='word_1_183' title='bbox 481 2211 564 2276; x_wconf 86' lang='lat' dir='ltr'>idque</span> <span class='ocrx_word' id='word_1_184' title='bbox 585 2213 667 2262; x_wconf 88' lang='lat' dir='ltr'>etiem</span> <span class='ocrx_word' id='word_1_185' title='bbox 680 2212 855 2277; x_wconf 87' lang='lat' dir='ltr'>sequentibus</span> <span class='ocrx_word' id='word_1_186' title='bbox 867 2212 958 2262; x_wconf 84' lang='lat' dir='ltr'>verbis</span> <span class='ocrx_word' id='word_1_187' title='bbox 971 2213 1111 2278; x_wconf 82' lang='lat' dir='ltr'>probetur,</span> 
     </span>
     <span class='ocr_line' id='line_1_23' title="bbox 133 2294 1110 2363; baseline 0.006 -18"><span class='ocrx_word' id='word_1_188' title='bbox 133 2296 230 2360; x_wconf 89' lang='lat' dir='ltr'><strong>quibus</strong></span> <span class='ocrx_word' id='word_1_189' title='bbox 250 2294 394 2347; x_wconf 83' lang='lat' dir='ltr'>Caesarem</span> <span class='ocrx_word' id='word_1_190' title='bbox 413 2296 441 2345; x_wconf 88' lang='lat' dir='ltr'>id</span> <span class='ocrx_word' id='word_1_191' title='bbox 461 2303 597 2363; x_wconf 79' lang='lat' dir='ltr'>spectasse</span> <span class='ocrx_word' id='word_1_192' title='bbox 616 2304 756 2359; x_wconf 84' lang='lat' dir='ltr'><strong>narratur,</strong></span> <span class='ocrx_word' id='word_1_193' title='bbox 780 2301 813 2350; x_wconf 79' lang='lat' dir='ltr'><strong>ut</strong></span> <span class='ocrx_word' id='word_1_194' title='bbox 831 2295 1028 2350; x_wconf 75' lang='lat' dir='ltr'>laborantibus</span> <span class='ocrx_word' id='word_1_195' title='bbox 1046 2312 1110 2351; x_wconf 79' lang='lat' dir='ltr'>eue-</span> 
     </span>
     <span class='ocr_line' id='line_1_24' title="bbox 132 2380 1110 2452; baseline 0.003 -19"><span class='ocrx_word' id='word_1_196' title='bbox 132 2380 213 2433; x_wconf 78' lang='lat' dir='ltr'>cerri</span> <span class='ocrx_word' id='word_1_197' title='bbox 230 2385 314 2448; x_wconf 73' lang='lat' dir='ltr'><strong>utque</strong></span> <span class='ocrx_word' id='word_1_198' title='bbox 331 2397 371 2436; x_wconf 78' lang='lat' dir='ltr'>ex</span> <span class='ocrx_word' id='word_1_199' title='bbox 389 2382 507 2435; x_wconf 79' lang='lat' dir='ltr'>ultera</span> <span class='ocrx_word' id='word_1_200' title='bbox 524 2382 651 2450; x_wconf 78' lang='lat' dir='ltr'>oppidi</span> <span class='ocrx_word' id='word_1_201' title='bbox 665 2389 771 2452; x_wconf 85' lang='lat' dir='ltr'>parte</span> <span class='ocrx_word' id='word_1_202' title='bbox 792 2382 935 2437; x_wconf 74' lang='lat' dir='ltr'>auxilium</span> <span class='ocrx_word' id='word_1_203' title='bbox 952 2382 1027 2449; x_wconf 77' lang='lat' dir='ltr'>ferri</span> <span class='ocrx_word' id='word_1_204' title='bbox 1041 2398 1110 2452; x_wconf 81' lang='lat' dir='ltr'>poe-</span> 
     </span>
     <span class='ocr_line' id='line_1_25' title="bbox 132 2468 1111 2536; baseline 0.003 -17"><span class='ocrx_word' id='word_1_205' title='bbox 132 2472 181 2520; x_wconf 79' lang='lat' dir='ltr'>set.</span> <span class='ocrx_word' id='word_1_206' title='bbox 211 2468 291 2522; x_wconf 75' lang='lat' dir='ltr'>urbis</span> <span class='ocrx_word' id='word_1_207' title='bbox 317 2484 360 2519; x_wconf 89' lang='lat' dir='ltr'>me</span> <span class='ocrx_word' id='word_1_208' title='bbox 384 2471 471 2520; x_wconf 89' lang='lat' dir='ltr'>secuti</span> <span class='ocrx_word' id='word_1_209' title='bbox 492 2469 599 2520; x_wconf 87' lang='lat' dir='ltr'>Krener</span> <span class='ocrx_word' id='word_1_210' title='bbox 623 2477 649 2520; x_wconf 88' lang='lat' dir='ltr'>et</span> <span class='ocrx_word' id='word_1_211' title='bbox 671 2470 784 2521; x_wconf 77' lang='lat' dir='ltr'>Diibner</span> <span class='ocrx_word' id='word_1_212' title='bbox 808 2476 986 2536; x_wconf 88' lang='lat' dir='ltr'>receperunt;</span> <span class='ocrx_word' id='word_1_213' title='bbox 1013 2471 1111 2522; x_wconf 86' lang='lat' dir='ltr'>Diuter</span> 
     </span>
     <span class='ocr_line' id='line_1_26' title="bbox 131 2554 473 2622; baseline 0.009 -19"><span class='ocrx_word' id='word_1_214' title='bbox 131 2554 272 2620; x_wconf 81' lang='lat' dir='ltr'><strong>vulgatum</strong></span> <span class='ocrx_word' id='word_1_215' title='bbox 290 2555 358 2609; x_wconf 78' lang='lat' dir='ltr'>erbe</span> <span class='ocrx_word' id='word_1_216' title='bbox 375 2557 473 2622; x_wconf 84' lang='lat' dir='ltr'><strong>posuit.</strong></span> 
     </span>
    </p>

    <p class='ocr_par' dir='ltr' id='par_1_4' title="bbox 132 2641 1109 2796">
     <span class='ocr_line' id='line_1_27' title="bbox 235 2641 1109 2712; baseline 0.006 -21"><span class='ocrx_word' id='word_1_217' title='bbox 235 2658 258 2692; x_wconf 89' lang='lat' dir='ltr'>c.</span> <span class='ocrx_word' id='word_1_218' title='bbox 277 2643 301 2705; x_wconf 77' lang='lat'>5,</span> <span class='ocrx_word' id='word_1_219' title='bbox 322 2645 350 2692; x_wconf 82' lang='lat'>1:</span> <span class='ocrx_word' id='word_1_220' title='bbox 377 2657 528 2710; x_wconf 73' lang='lat' dir='ltr'>specusque</span> <span class='ocrx_word' id='word_1_221' title='bbox 549 2642 631 2695; x_wconf 79' lang='lat' dir='ltr'>habet</span> <span class='ocrx_word' id='word_1_222' title='bbox 652 2658 671 2694; x_wconf 87' lang='lat' dir='ltr'><strong>u</strong></span> <span class='ocrx_word' id='word_1_223' title='bbox 689 2641 772 2695; x_wconf 82' lang='lat' dir='ltr'>Nilo</span> <span class='ocrx_word' id='word_1_224' title='bbox 786 2641 979 2712; x_wconf 74' lang='lat' dir='ltr'>pertirwrttee]</span> <span class='ocrx_word' id='word_1_225' title='bbox 1003 2657 1022 2694; x_wconf 88' lang='lat' dir='ltr'><strong>a</strong></span> <span class='ocrx_word' id='word_1_226' title='bbox 1040 2641 1109 2696; x_wconf 76' lang='lat' dir='ltr'>Nilo</span> 
     </span>
     <span class='ocr_line' id='line_1_28' title="bbox 132 2727 1038 2796; baseline 0.006 -18"><span class='ocrx_word' id='word_1_227' title='bbox 132 2731 227 2795; x_wconf 88' lang='lat' dir='ltr'>scripsi</span> <span class='ocrx_word' id='word_1_228' title='bbox 246 2747 307 2780; x_wconf 87' lang='lat' dir='ltr'>cum</span> <span class='ocrx_word' id='word_1_229' title='bbox 325 2730 489 2796; x_wconf 82' lang='lat' dir='ltr'>Nipperdeio</span> <span class='ocrx_word' id='word_1_230' title='bbox 508 2730 657 2781; x_wconf 80' lang='lat' dir='ltr'>secundum</span> <span class='ocrx_word' id='word_1_231' title='bbox 676 2728 753 2793; x_wconf 82' lang='lat' dir='ltr'><strong>abf3</strong></span> <span class='ocrx_word' id='word_1_232' title='bbox 770 2729 853 2795; x_wconf 79' lang='lat' dir='ltr'><strong>vulgo</strong></span> <span class='ocrx_word' id='word_1_233' title='bbox 872 2727 912 2780; x_wconf 81' lang='lat' dir='ltr'>ad</span> <span class='ocrx_word' id='word_1_234' title='bbox 930 2727 1038 2783; x_wconf 80' lang='lat' dir='ltr'>Nilum.</span> 
     </span>
    </p>

    <p class='ocr_par' dir='ltr' id='par_1_5' title="bbox 131 2813 1108 3224">
     <span class='ocr_line' id='line_1_29' title="bbox 235 2813 1108 2885; baseline 0.003 -20"><span class='ocrx_word' id='word_1_235' title='bbox 235 2832 257 2865; x_wconf 87' lang='lat' dir='ltr'>c.</span> <span class='ocrx_word' id='word_1_236' title='bbox 282 2818 310 2879; x_wconf 79' lang='lat'>7,</span> <span class='ocrx_word' id='word_1_237' title='bbox 336 2820 363 2876; x_wconf 93' lang='lat'>1;</span> <span class='ocrx_word' id='word_1_238' title='bbox 390 2815 443 2868; x_wconf 80' lang='lat' dir='ltr'>alii</span> <span class='ocrx_word' id='word_1_239' title='bbox 468 2815 556 2869; x_wconf 80' lang='lat' dir='ltr'><strong>multo</strong></span> <span class='ocrx_word' id='word_1_240' title='bbox 582 2814 699 2884; x_wconf 75' lang='lat' dir='ltr'>precius</span> <span class='ocrx_word' id='word_1_241' title='bbox 725 2814 935 2868; x_wconf 79' lang='lat' dir='ltr'>eutimeecereut</span> <span class='ocrx_word' id='word_1_242' title='bbox 963 2813 1108 2885; x_wconf 70' lang='lat' dir='ltr'>[casumss</span> 
     </span>
     <span class='ocr_line' id='line_1_30' title="bbox 131 2901 1108 2968; baseline 0 -16"><span class='ocrx_word' id='word_1_243' title='bbox 131 2913 229 2952; x_wconf 76' lang='lat' dir='ltr'>casum</span> <span class='ocrx_word' id='word_1_244' title='bbox 246 2902 281 2950; x_wconf 91' lang='lat' dir='ltr'>M.</span> <span class='ocrx_word' id='word_1_245' title='bbox 300 2902 420 2967; x_wconf 87' lang='lat' dir='ltr'>Hauptio</span> <span class='ocrx_word' id='word_1_246' title='bbox 439 2909 549 2953; x_wconf 82' lang='lat' dir='ltr'>auctore</span> <span class='ocrx_word' id='word_1_247' title='bbox 567 2902 722 2968; x_wconf 83' lang='lat' dir='ltr'>Nipperdey</span> <span class='ocrx_word' id='word_1_248' title='bbox 741 2901 866 2968; x_wconf 80' lang='lat' dir='ltr'>inclusit3</span> <span class='ocrx_word' id='word_1_249' title='bbox 884 2901 1033 2953; x_wconf 84' lang='lat' dir='ltr'>Vielheber</span> <span class='ocrx_word' id='word_1_250' title='bbox 1050 2903 1069 2952; x_wconf 89' lang='lat' dir='ltr'>l.</span> <span class='ocrx_word' id='word_1_251' title='bbox 1088 2902 1108 2953; x_wconf 88' lang='lat' dir='ltr'>l.</span> 
     </span>
     <span class='ocr_line' id='line_1_31' title="bbox 131 2985 1108 3056; baseline 0.007 -22"><span class='ocrx_word' id='word_1_252' title='bbox 131 3004 157 3051; x_wconf 84' lang='lat' dir='ltr'>p.</span> <span class='ocrx_word' id='word_1_253' title='bbox 176 2987 226 3035; x_wconf 76' lang='lat'>554</span> <span class='ocrx_word' id='word_1_254' title='bbox 251 3001 385 3040; x_wconf 79' lang='lat' dir='ltr'>casurum</span> <span class='ocrx_word' id='word_1_255' title='bbox 408 2989 520 3039; x_wconf 89' lang='lat' dir='ltr'>subesse</span> <span class='ocrx_word' id='word_1_256' title='bbox 542 2990 696 3054; x_wconf 86' lang='lat' dir='ltr'>suspicatus</span> <span class='ocrx_word' id='word_1_257' title='bbox 720 2994 768 3040; x_wconf 88' lang='lat' dir='ltr'>est.</span> <span class='ocrx_word' id='word_1_258' title='bbox 795 3015 832 3028; x_wconf 91' lang='lat'><em>-</em></span> <span class='ocrx_word' id='word_1_259' title='bbox 856 2990 881 3052; x_wconf 69' lang='grc' dir='ltr'>ξ.</span> <span class='ocrx_word' id='word_1_260' title='bbox 899 2990 929 3039; x_wconf 76' lang='lat'>2:</span> <span class='ocrx_word' id='word_1_261' title='bbox 956 2988 1041 3040; x_wconf 80' lang='lat' dir='ltr'>verbe</span> <span class='ocrx_word' id='word_1_262' title='bbox 1063 2985 1108 3056; x_wconf 77' lang='lat' dir='ltr'><strong>[ut</strong></span> 
     </span>
     <span class='ocr_line' id='line_1_32' title="bbox 131 3070 1107 3143; baseline 0.001 -19"><span class='ocrx_word' id='word_1_263' title='bbox 131 3070 200 3125; x_wconf 75' lang='lat' dir='ltr'><strong>mitt</strong></span> <span class='ocrx_word' id='word_1_264' title='bbox 222 3071 393 3138; x_wconf 71' lang='lat' dir='ltr'>defoedendi</span> <span class='ocrx_word' id='word_1_265' title='bbox 416 3079 507 3126; x_wconf 73' lang='lat' dir='ltr'>esseest</span> <span class='ocrx_word' id='word_1_266' title='bbox 530 3090 551 3126; x_wconf 87' lang='lat' dir='ltr'>e.</span> <span class='ocrx_word' id='word_1_267' title='bbox 570 3091 593 3142; x_wconf 81' lang='lat' dir='ltr'>q.</span> <span class='ocrx_word' id='word_1_268' title='bbox 612 3075 644 3143; x_wconf 74' lang='lat' dir='ltr'>a]</span> <span class='ocrx_word' id='word_1_269' title='bbox 671 3077 706 3126; x_wconf 83' lang='lat' dir='ltr'>ab</span> <span class='ocrx_word' id='word_1_270' title='bbox 733 3074 840 3126; x_wconf 84' lang='lat' dir='ltr'>rhetore</span> <span class='ocrx_word' id='word_1_271' title='bbox 867 3075 960 3141; x_wconf 77' lang='lat' dir='ltr'>aliquo</span> <span class='ocrx_word' id='word_1_272' title='bbox 987 3075 1107 3140; x_wconf 74' lang='lat' dir='ltr'>meripte</span> 
     </span>
     <span class='ocr_line' id='line_1_33' title="bbox 131 3158 886 3224; baseline 0.001 -15"><span class='ocrx_word' id='word_1_273' title='bbox 131 3175 199 3220; x_wconf 87' lang='lat' dir='ltr'>esse,</span> <span class='ocrx_word' id='word_1_274' title='bbox 219 3175 279 3210; x_wconf 89' lang='lat' dir='ltr'>cum</span> <span class='ocrx_word' id='word_1_275' title='bbox 299 3158 422 3224; x_wconf 84' lang='lat' dir='ltr'>Grutero,</span> <span class='ocrx_word' id='word_1_276' title='bbox 441 3161 570 3224; x_wconf 87' lang='lat' dir='ltr'>Kranero‚</span> <span class='ocrx_word' id='word_1_277' title='bbox 588 3162 719 3212; x_wconf 83' lang='lat' dir='ltr'>Diibnero</span> <span class='ocrx_word' id='word_1_278' title='bbox 739 3161 886 3212; x_wconf 89' lang='lat' dir='ltr'>consentio.</span> 
     </span>
    </p>

    <p class='ocr_par' dir='ltr' id='par_1_6' title="bbox 131 3244 1107 3488">
     <span class='ocr_line' id='line_1_34' title="bbox 235 3244 1107 3315; baseline 0.002 -18"><span class='ocrx_word' id='word_1_279' title='bbox 235 3263 257 3297; x_wconf 89' lang='lat' dir='ltr'>c.</span> <span class='ocrx_word' id='word_1_280' title='bbox 275 3249 300 3310; x_wconf 87' lang='lat'>8,</span> <span class='ocrx_word' id='word_1_281' title='bbox 320 3249 348 3296; x_wconf 90' lang='lat'>1:</span> <span class='ocrx_word' id='word_1_282' title='bbox 377 3246 472 3299; x_wconf 75' lang='lat' dir='ltr'>omerio</span> <span class='ocrx_word' id='word_1_283' title='bbox 495 3248 585 3300; x_wconf 75' lang='lat' dir='ltr'>euim</span> <span class='ocrx_word' id='word_1_284' title='bbox 607 3248 694 3300; x_wconf 81' lang='lat' dir='ltr'>litora</span> <span class='ocrx_word' id='word_1_285' title='bbox 711 3247 886 3301; x_wconf 68' lang='lat' dir='ltr'>reaturuIIter</span> <span class='ocrx_word' id='word_1_286' title='bbox 904 3261 995 3315; x_wconf 76' lang='lat' dir='ltr'>oquae</span> <span class='ocrx_word' id='word_1_287' title='bbox 1013 3244 1107 3299; x_wconf 78' lang='lat' dir='ltr'>dulcis</span> 
     </span>
     <span class='ocr_line' id='line_1_35' title="bbox 131 3319 1107 3404; baseline -0.001 -19"><span class='ocrx_word' id='word_1_288' title='bbox 131 3349 215 3387; x_wconf 78' lang='lat' dir='ltr'>vercae</span> <span class='ocrx_word' id='word_1_289' title='bbox 239 3333 364 3404; x_wconf 69' lang='lat' dir='ltr'>leuberefl</span> <span class='ocrx_word' id='word_1_290' title='bbox 395 3333 468 3386; x_wconf 72' lang='lat' dir='ltr'>euim</span> <span class='ocrx_word' id='word_1_291' title='bbox 490 3350 507 3385; x_wconf 81' lang='lat' dir='ltr'><strong>a</strong></span> <span class='ocrx_word' id='word_1_292' title='bbox 529 3335 694 3400; x_wconf 87' lang='lat' dir='ltr'>Nipperdeio</span> <span class='ocrx_word' id='word_1_293' title='bbox 718 3335 853 3399; x_wconf 85' lang='lat' dir='ltr'>deletum,</span> <span class='ocrx_word' id='word_1_294' title='bbox 881 3334 953 3402; x_wconf 87' lang='lat' dir='ltr'><strong>quod</strong></span> <span class='ocrx_word' id='word_1_295' title='bbox 977 3319 1054 3386; x_wconf 82' lang='lat' dir='ltr'>deest</span> <span class='ocrx_word' id='word_1_296' title='bbox 1076 3335 1107 3384; x_wconf 86' lang='lat' dir='ltr'>in</span> 
     </span>
     <span class='ocr_line' id='line_1_36' title="bbox 132 3421 1107 3488; baseline -0.003 -13"><span class='ocrx_word' id='word_1_297' title='bbox 132 3421 175 3475; x_wconf 81' lang='lat' dir='ltr'>ab</span> <span class='ocrx_word' id='word_1_298' title='bbox 193 3424 291 3485; x_wconf 82' lang='lat' dir='ltr'>(exstet</span> <span class='ocrx_word' id='word_1_299' title='bbox 307 3423 336 3472; x_wconf 87' lang='lat' dir='ltr'>in</span> <span class='ocrx_word' id='word_1_300' title='bbox 354 3421 370 3474; x_wconf 83' lang='lat' dir='ltr'>f</span> <span class='ocrx_word' id='word_1_301' title='bbox 375 3421 412 3475; x_wconf 91' lang='lat' dir='ltr'>hl</span> <span class='ocrx_word' id='word_1_302' title='bbox 431 3428 459 3472; x_wconf 90' lang='lat' dir='ltr'>et</span> <span class='ocrx_word' id='word_1_303' title='bbox 476 3422 587 3486; x_wconf 90' lang='lat' dir='ltr'>reliquis</span> <span class='ocrx_word' id='word_1_304' title='bbox 605 3422 693 3487; x_wconf 90' lang='lat' dir='ltr'>libris)</span> <span class='ocrx_word' id='word_1_305' title='bbox 709 3423 763 3473; x_wconf 90' lang='lat' dir='ltr'>iam</span> <span class='ocrx_word' id='word_1_306' title='bbox 782 3424 812 3474; x_wconf 90' lang='lat' dir='ltr'>iu</span> <span class='ocrx_word' id='word_1_307' title='bbox 830 3423 968 3488; x_wconf 89' lang='lat' dir='ltr'>superiore</span> <span class='ocrx_word' id='word_1_308' title='bbox 985 3422 1107 3472; x_wconf 85' lang='lat' dir='ltr'>editione</span> 
     </span>
    </p>
   </div>
   <div class='ocr_carea' id='block_1_4' title="bbox 130 3506 1105 3575">
    <p class='ocr_par' dir='ltr' id='par_1_7' title="bbox 130 3506 1105 3575">
     <span class='ocr_line' id='line_1_37' title="bbox 130 3506 1105 3575; baseline 0.001 -19"><span class='ocrx_word' id='word_1_309' title='bbox 130 3507 245 3558; x_wconf 87' lang='lat' dir='ltr'>restitui.</span> <span class='ocrx_word' id='word_1_310' title='bbox 279 3523 359 3574; x_wconf 85' lang='lat' dir='ltr'>aegre</span> <span class='ocrx_word' id='word_1_311' title='bbox 378 3509 450 3560; x_wconf 89' lang='lat' dir='ltr'>enim</span> <span class='ocrx_word' id='word_1_312' title='bbox 469 3524 563 3560; x_wconf 82' lang='lat' dir='ltr'>careas</span> <span class='ocrx_word' id='word_1_313' title='bbox 582 3508 634 3560; x_wconf 85' lang='lat' dir='ltr'>hec</span> <span class='ocrx_word' id='word_1_314' title='bbox 660 3509 796 3575; x_wconf 77' lang='lat' dir='ltr'>particula</span> <span class='ocrx_word' id='word_1_315' title='bbox 813 3508 842 3558; x_wconf 84' lang='lat' dir='ltr'>in</span> <span class='ocrx_word' id='word_1_316' title='bbox 861 3506 1027 3575; x_wconf 75' lang='lat' dir='ltr'>explicetivs</span> <span class='ocrx_word' id='word_1_317' title='bbox 1044 3521 1105 3558; x_wconf 88' lang='lat' dir='ltr'>seu·</span> 
     </span>
    </p>
   </div>
   <div class='ocr_carea' id='block_1_5' title="bbox 0 0 1192 3924">
    <p class='ocr_par' dir='ltr' id='par_1_8' title="bbox 0 0 1192 3924">
     <span class='ocr_line' id='line_1_38' title="bbox 0 0 1192 3924; baseline 0 2"><span class='ocrx_word' id='word_1_318' title='bbox 0 0 1192 3924; x_wconf 95' lang='lat' dir='ltr'> </span> 
     </span>
    </p>
   </div>
  </div>
 </body>
</html>
