2376 3924
24 269 26 274 ’
123 256 184 322 134
444 255 633 306 uaesano
656 254 768 304 clvrm
803 295 806 305 .

120 446 268 512 cohortes
290 467 395 511 nonae
424 444 557 530 legionis
590 443 825 527 succubuerant,
847 442 1030 512 ‘accessere
1053 469 1108 514 su·

121 550 188 616 bito
211 553 315 637 prima
343 548 414 613 lucc
437 549 626 633 Pompeiani
659 543 833 633 [exercitus
861 547 1025 616 adventus
1048 573 1108 617 ox·

121 652 225 742 stitit];
242 654 336 720 simul
351 652 489 718 navibus
504 653 712 717 circumvecti
726 651 841 716 milites
856 655 890 717 in
905 656 1109 721 exteriorem

120 759 242 824 vallum
278 757 342 823 tela
386 754 557 838 iaciebant,
601 755 771 839 fossaeque
807 778 928 841 aggere
965 758 1109 845 comple·

121 864 251 945 bantur,
280 872 313 925 ct
336 860 502 946 legionarii
524 861 684 924 interioris
706 860 891 924 munitionis
913 859 1109 927 defensores

122 967 215 1032 scalis
244 965 382 1029 admotis
416 964 584 1027 tormentis
613 963 770 1047 cuiusque
803 960 931 1048 generis
963 963 1109 1050 telisque

122 1069 299 1150 terrebant,
344 1087 529 1151 magnaque
572 1063 743 1129 multitudo
781 1067 1024 1151 sagittariorum
1062 1067 1109 1134 ab

103 1182 261 1256 rutraque
284 1178 376 1256 parte
400 1167 727 1233 circumfundebatur.
765 1168 905 1233 Multum
927 1177 1040 1236 autem
1062 1170 1109 1237 ab

124 1279 191 1340 ictu
213 1273 366 1360 lapidum,
390 1271 477 1357 quod
493 1293 595 1335 unum
609 1273 726 1336 nostris
742 1280 814 1336 erat
828 1270 938 1355 telum,
960 1273 1111 1340 viminea

103 1381 301 1464 otcgimenta
323 1375 424 1460 galeis
447 1377 596 1461 imposita
617 1373 848 1440 defendebant.
887 1377 1005 1462 Itaque
1030 1399 1110 1445 cum

126 1482 273 1548 omnibus
295 1480 393 1545 rebus
416 1480 517 1543 nostri
539 1487 764 1564 premerentur
787 1487 884 1564 atque
907 1502 1007 1566 aegre
1029 1479 1111 1548 resi-

126 1596 257 1668 sterent,
292 1584 556 1650 animadversum
579 1592 628 1648 est
649 1585 765 1648 vitium
786 1587 982 1667 munitionis,
1017 1586 1111 1672 quod

127 1715 225 1779 supra
259 1691 515 1755 demonstratum
548 1696 606 1771 est,
640 1697 739 1774 atque
771 1690 856 1754 inter
883 1688 965 1755 duos
991 1688 1110 1773 vallos,

128 1818 192 1881 qua
215 1794 395 1880 perfectum
424 1813 503 1877 opus
536 1813 601 1855 non
635 1801 716 1875 erat,
750 1815 809 1880 per
841 1816 932 1860 mare
965 1794 1110 1861 navibus

129 1899 267 1983 expositi
289 1898 323 1960 in
345 1916 476 1960 aversos
499 1903 626 1960 nostros
647 1899 804 1984 impetum
831 1897 980 1963 fecarunt
1007 1905 1110 1984 atque

130 2025 173 2066 ex
205 2010 343 2086 utraque
380 2001 557 2065 munitione
591 2001 732 2067 deiectos
764 2009 859 2088 terga
879 2011 1012 2068 vertere
1035 2013 1109 2068 coe-

130 2113 256 2190 gerunt.

216 2207 267 2271 64.
291 2207 364 2272 Hoo
385 2207 525 2271 tumultu
553 2209 698 2272 nuntiato
721 2207 929 2274 Marcellinus
943 2207 945 2211 ’
957 2208 1110 2276 cohortes

131 2312 274 2377 subsidio
306 2313 424 2376 nostris
457 2311 680 2377 laborantibus
713 2311 873 2377 submittit
905 2334 949 2377 ex
976 2315 1108 2399 castris3

131 2440 215 2504 quae
237 2415 398 2502 fugientes
421 2419 624 2503 conspicatae
647 2438 752 2502 neque
781 2416 849 2482 illos
877 2437 935 2482 suo
964 2416 1112 2483 adventu

132 2522 324 2586 confirmare
352 2528 526 2607 potuerunt
553 2540 659 2605 neque
680 2523 769 2606 ipsae
791 2521 932 2586 hostium
952 2521 1112 2608 impetum

111 2624 282 2690 atulerunt.
306 2626 422 2711 Itaque
445 2622 671 2710 quodcumque
694 2623 877 2689 addebatur
898 2621 1054 2707 subsidio,
1076 2623 1112 2690 id

133 2740 321 2814 corruptum
343 2732 457 2793 timore
479 2728 672 2813 fugientium
694 2736 853 2792 terrorem
875 2736 909 2793 et
930 2726 1112 2814 periculum

134 2831 289 2915 augebat3
329 2831 494 2896 homiuum
523 2833 609 2895 enim
638 2829 843 2896 multitudine
875 2838 1028 2917 receptus
1054 2832 1112 2897 im-

112 2934 335 3021 apedicbatur.
379 2934 419 2998 In
441 2957 479 2998 eo
502 2935 622 3020 proelio
651 2957 725 2999 cum
754 2937 847 3020 gravi
868 2933 1004 3000 vulnere
1026 2943 1113 3001 essct

135 3039 269 3102 affectus
303 3037 451 3123 aquilifer
484 3047 517 3101 et
544 3061 564 3102 a
591 3037 715 3102 viribus
749 3038 954 3121 deficeretur,
988 3039 1112 3127 conspi-

135 3150 226 3206 catus
254 3144 379 3226 equites
407 3150 542 3223 nostros,
566 3137 667 3206 ‘hano
694 3141 775 3226 ogd,
804 3145 918 3229 inquit,
941 3140 990 3208 ‘et
1006 3140 1114 3209 ‘vivus

135 3245 251 3310 multos
274 3268 333 3330 per
355 3267 456 3309 annos
477 3268 597 3332 magna
619 3245 785 3331 diligentia
818 3247 949 3313 defendi
971 3256 1005 3314 ot
1025 3268 1115 3315 nuuc

112 3353 274 3417 cmoriens
297 3348 413 3415 eadem
434 3348 499 3414 fido
515 3348 647 3415 Caesari
669 3353 812 3416 restituo.
835 3350 951 3436 Nolite,
967 3348 1114 3437 obsecro,

137 3458 345 3538 committere,
384 3453 470 3540 quod
507 3462 583 3519 ante
616 3455 650 3518 in
683 3456 829 3520 exercitu
861 3453 1013 3521 Caesaris
1046 3474 1113 3521 rm

133 3558 261 3645 accidit,
296 3568 333 3624 ut
354 3562 402 3625 rei
424 3558 570 3624 militaris
593 3556 735 3623 dedecus
763 3558 963 3645 admittatur,
