2376 3924
145 241 257 290 XXXIV
454 241 663 292 ADNOTATIO
683 240 828 292 curules

147 432 216 480 haec
246 430 368 481 codicum
396 431 480 480 verba
510 446 527 480 a
552 430 585 484 F.
609 430 763 481 Hofmanno
792 436 819 480 et
845 431 974 481 Diibnero
1002 431 1127 495 defensa3

147 521 229 567 antea
247 515 305 582 qai
323 514 425 568 datii
444 518 614 582 scripseram,
634 523 664 565 ut
683 516 716 565 de
735 515 907 565 Caesarianis
927 516 1030 567 dictum
1049 525 1127 568 esset

147 630 182 641 -
199 605 223 664 ξ.
242 603 272 650 4:
300 601 357 678 ripe
375 600 415 653 att
438 602 505 667 Apsi
524 602 623 651 ostium
641 602 700 650 sive
719 599 754 651 ad
778 599 865 652 litora
883 600 1127 672 Apolloniatium]

146 689 228 754 vulgo
252 689 426 739 Hotomanno
454 687 608 738 auctorest
631 686 672 739 acl
690 686 729 738 ad
747 686 974 754 Apolloniatium
997 689 1129 739 edebatur

147 790 261 840 eamque
281 775 441 840 scripturam
460 775 488 822 in
507 775 597 838 priore
617 773 738 823 editione
762 774 939 832 retinueram
967 774 1017 823 sed
1035 776 1128 824 verisi-

146 860 239 911 milius
259 866 314 925 est,
338 859 410 925 quod
428 859 460 908 F.
479 859 617 909 Hofmann
637 858 767 921 coniecit,
792 859 906 908 alterum
925 857 983 911 site
1001 875 1064 909 eum
1083 876 1128 909 no·

147 949 219 996 mine
239 947 351 997 alterius
370 946 498 1010 regionis,
517 960 586 1009 quae
602 943 816 1009 Apolloniatium
836 943 960 994 litoribus
980 960 1128 1010 opponere·

145 1039 197 1093 tur,
217 1032 358 1082 excidisse.
388 1031 470 1096 plane
483 1045 548 1079 vero
568 1029 699 1079 dissentio
719 1031 752 1079 ab
773 1045 814 1091 eo,
833 1030 906 1094 quod
923 1030 995 1080 hanc
1013 1031 1128 1083 alteram

147 1120 287 1183 regionem
303 1117 464 1166 Labeatium
484 1116 567 1166 litora
584 1116 668 1165 fuisse
687 1117 793 1180 putavit
812 1121 892 1180 atque
911 1115 995 1166 edidit
1013 1117 1072 1169 stac
1090 1115 1128 1168 ad

147 1203 234 1255 litora
246 1202 473 1270 Apolloniatium
491 1201 564 1255 siae
586 1202 629 1254 ad
648 1200 856 1254 Labeatium
876 1217 991 1255 cartam
1006 1201 1128 1272 diripere

146 1294 230 1356 atque
248 1304 278 1340 co
297 1304 381 1341 aaocs
400 1288 486 1341 cicere
501 1292 627 1355 posteat.
658 1288 821 1338 Labeatium
845 1288 925 1338 litora
949 1289 994 1338 hic
1012 1305 1128 1340 comme-

146 1381 251 1425 morata
270 1392 324 1424 non
342 1375 439 1435 fuisse,
459 1376 513 1424 iam
531 1376 654 1439 proxima
671 1374 756 1424 verba
775 1373 886 1424 docent:
914 1373 980 1426 llaec
999 1389 1018 1424 a
1037 1379 1128 1426 casto·

147 1460 205 1513 diis
224 1460 358 1513 classiani
377 1459 438 1512 loca
455 1459 577 1512 taraciae
595 1457 745 1524 cacabant,
769 1475 831 1512 caia
849 1473 877 1511 se
895 1458 1007 1527 loapias
1026 1474 1045 1510 a
1060 1474 1128 1527 por-

147 1545 223 1598 tabas
242 1544 410 1598 comatittcrc
428 1559 485 1595 aoa
504 1543 650 1596 attolerent.
677 1544 746 1593 haec
765 1545 798 1593 de
811 1544 1024 1610 Apolloniatium
1042 1545 1128 1596 litori-

146 1632 198 1681 bus
217 1632 271 1680 dici
289 1637 426 1696 poterant,
452 1646 522 1695 quae
542 1631 650 1696 quidem
677 1625 818 1680 ‘custodiis
838 1631 967 1681 classium
985 1633 1128 1698 Pompeia·

147 1734 242 1768 narum
261 1719 377 1767 maxime
396 1715 555 1778 vacabant',
582 1734 614 1766 ex
633 1733 686 1781 quo
706 1709 859 1782 ‘praesidiis
879 1718 1017 1783 dispositis
1038 1719 1129 1768 omnia

146 1803 279 1852 litora-
297 1803 331 1852 ab
350 1804 423 1867 Apso
440 1803 551 1852 flumine
577 1819 662 1868 usque
687 1802 722 1852 ad
742 1803 904 1854 Buthrotum
922 1833 958 1842 —-
975 1820 991 1853 a
1011 1804 1128 1854 Caesare

146 1883 323 1939 tenebantur’
352 1891 386 1952 (c.
407 1890 447 1953 16,
466 1891 491 1938 2.
519 1891 561 1951 34,
582 1890 621 1954 1);
650 1889 812 1939 Labeatium
836 1906 900 1939 vero
925 1890 1005 1940 litora
1032 1890 1128 1940 classis

146 1982 219 2025 certe
237 1975 358 2037 Rhodia,
387 1990 457 2040 quae
476 1974 641 2040 Dyrrhachii
665 1978 693 2024 in
716 1975 832 2025 statione
851 1983 922 2039 erat,
951 1977 1128 2035 custodiebat,

147 2077 198 2111 nec
217 2062 359 2126 quominus
378 2060 414 2109 ad
432 2060 501 2111 haec
519 2060 601 2111 litora
620 2061 771 2123 accederet,
791 2061 938 2127 quidquam
953 2062 1127 2127 impediebat,

147 2163 208 2198 cum
236 2145 312 2196 nulla
338 2147 378 2196 ibi
402 2146 528 2198 Caesaris
557 2147 696 2212 praesidia
723 2153 827 2209 essent,
855 2149 936 2196 immo
961 2148 1072 2198 Lissum
1099 2149 1128 2198 in

147 2234 311 2284 Labeatium
329 2231 446 2283 confinio
467 2233 601 2283 Otacilius
619 2238 732 2283 teneret.
752 2249 816 2283 sane
835 2234 998 2284 necessitate
1017 2239 1128 2284 coactae

147 2337 231 2371 nares
249 2320 432 2380 Antonianae,
460 2335 522 2368 cum
550 2318 633 2368 classi
656 2319 764 2368 Rhodia
787 2334 804 2368 a
829 2320 981 2369 continenti
999 2320 1128 2371 interclu-

148 2407 284 2469 derentur,
303 2406 514 2470 septentrionem
532 2421 627 2456 versus
646 2405 832 2471 profugerunt,
853 2412 880 2456 et
891 2408 981 2456 ventis
1000 2406 1128 2457 secundis

147 2509 212 2542 usae
236 2498 345 2558 portum
368 2491 557 2556 Nymphaeum
580 2490 615 2540 ad
638 2491 800 2541 Labeatium
824 2491 905 2542 litora
932 2497 1028 2543 nactae
1056 2499 1128 2561 sunt,

147 2579 195 2629 sed
220 2595 315 2644 parum
343 2577 449 2643 providi
477 2577 554 2627 ducis
582 2577 691 2639 fuisset,
719 2578 743 2626 si
762 2576 864 2628 Caesar
883 2595 914 2628 eo
938 2594 1022 2628 naves
1047 2579 1129 2645 dirigi

146 2666 279 2715 iussisset.
307 2666 358 2715 etsi
377 2664 450 2714 enim
469 2663 637 2728 contigisset,
656 2668 686 2712 ut
697 2664 790 2712 vitatis
809 2663 928 2714 hostium
946 2664 1082 2715 classibus
1101 2671 1129 2716 et

147 2751 289 2814 praesidiis
312 2750 434 2814 legiones
458 2753 516 2799 tuto
538 2751 566 2798 in
585 2748 640 2798 illis
658 2749 783 2799 litoribus
802 2756 1014 2816 exponerentur,
1042 2755 1128 2802 metu·

147 2835 247 2884 endum
266 2841 357 2884 tamen
376 2841 442 2895 erat,
461 2851 496 2885 ne
515 2852 531 2886 a
549 2836 687 2901 Pompeio,
707 2838 784 2887 cuius
803 2845 893 2888 eastra
910 2838 1037 2903 propiora
1050 2843 1129 2889 erant

147 2925 175 2970 et
193 2921 238 2969 cui
255 2921 365 2969 brevius
385 2925 412 2970 et
430 2919 582 2985 expeditius
600 2924 653 2970 iter
670 2922 789 2986 patebat,
808 2924 883 2988 prius
902 2924 1128 2990 opprimerentur,

148 3021 229 3072 quam
253 3004 354 3054 Caesar
377 3006 411 3055 iis
436 3006 557 3056 subsidio
581 3009 674 3058 venire
701 3014 801 3073 posset.
831 3009 915 3076 idque
939 3025 1035 3061 revera
1056 3012 1128 3060 acci·

148 3093 240 3151 disset,
260 3092 314 3140 nisi
330 3090 438 3154 Caesar,
458 3093 510 3141 etsi
527 3093 627 3144 flumen
648 3095 673 3144 ei
691 3096 885 3146 transeundum
905 3101 931 3146 et
950 3096 1058 3162 longius
1076 3097 1129 3147 iter

148 3179 250 3227 maiore
270 3178 385 3226 circuitu
402 3177 556 3229 faciendum
577 3186 642 3243 erat,
661 3182 730 3230 mira
749 3182 888 3232 celeritate
907 3182 1031 3232 maximis
1049 3184 1129 3234 itine-

148 3264 223 3313 ribus
242 3262 448 3327 adproperasset
467 3269 569 3315 etcum
582 3265 701 3316 Antonio
720 3282 749 3317 se
768 3269 961 3326 coniunxisset,
981 3273 1128 3334 antequam

148 3350 293 3415 Pompeius
312 3351 370 3399 eius
389 3354 480 3399 castra
498 3351 702 3416 aggrederetur.
732 3354 825 3418 itaque
843 3367 928 3403 naves
947 3352 1128 3417 Antonianae,

60 3442 65 3449 ’
148 3452 210 3486 cum
232 3436 405 3502 Apolloniam
432 3437 705 3500 praeterveherentur
726 3437 819 3504 (aas,
839 3438 880 3504 1),
907 3453 1071 3505 quamquam
1095 3435 1134 3492 eo¹

148 3527 206 3572 tuto
225 3523 329 3588 appelli
346 3527 480 3587 poterant,
498 3538 552 3572 non
566 3522 730 3574 Labeatium
747 3525 836 3585 litora,
854 3523 903 3574 sed
920 3526 1009 3590 ipsum
1028 3528 1128 3578 ostium
