2376 3924
477 212 552 264 cnr.
572 213 664 262 1-11.
993 212 1056 275 <233

82 402 265 467 cohortibus
289 400 447 485 expeditis
471 417 543 462 xxx
567 400 798 463 frumentatum
821 409 870 464 est
884 399 1056 485 profectus.

81 509 135 571 Ex
158 530 195 571 eo
219 515 267 568 est
295 506 459 589 cognitum
482 501 629 567 Caesaris
659 502 834 586 consilium,
868 503 955 567 illum
984 526 1079 571 cumo

83 609 183 673 classe
206 607 344 672 navibus
367 608 531 689 onerariis,
562 628 644 691 quae
668 606 881 689 deerrassent,
916 606 1057 670 subsidio

82 716 129 776 ire
153 713 235 776 clam
257 709 401 775 hostibus
423 708 571 790 voluisse,
595 731 636 772 ne
652 731 729 774 casu
744 709 965 793 imprudentes
981 732 1058 772 suae

83 839 183 880 naves
212 819 244 879 in
272 815 406 879 classem
438 813 698 878 adversariorum
731 813 920 896 inciderent,
953 835 1059 897 nequo

84 944 155 983 eam
177 941 247 983 rem
270 941 323 983 cos
345 918 484 982 voluisse
508 919 599 999 scire,
635 919 689 1001 qui
712 919 744 980 in
768 917 935 1002 praesidiis
958 917 1058 980 relicti

83 1029 130 1089 sui
154 1025 268 1089 milites
291 1022 434 1104 fuissent,
458 1044 498 1085 ne
515 1022 547 1085 hi
563 1029 695 1106 propter
718 1044 848 1085 suorum
864 1024 1059 1106 paucitatem

84 1140 116 1193 ct
138 1130 277 1194 hostium
299 1126 536 1191 multitudinem
560 1135 647 1190 metu
671 1126 855 1191 delicerent.

171 1233 379 1297 1111111111
407 1252 481 1295 cum
509 1233 573 1294 iam
597 1228 718 1294 Caesar
752 1252 942 1316 progressus
975 1238 1060 1293 essct

85 1362 103 1400 a
126 1340 239 1401 castris
262 1337 389 1399 circiter
411 1333 496 1397 milia
520 1355 673 1419 passuum
695 1351 745 1415 111,
770 1356 827 1419 per
843 1333 1059 1419 speculatores

85 1450 118 1504 ot
140 1450 359 1503 antecessores
389 1440 512 1523 equites
542 1440 710 1502 nuntiatur
732 1441 761 1501 ei
785 1441 892 1523 copias
922 1439 1059 1502 hostium

84 1544 171 1608 haud
195 1544 288 1627 longe
312 1527 353 1606 111ι
377 1563 447 1607 sese
462 1545 557 1606 visas.
581 1543 625 1606 Et
646 1542 776 1606 hercule
800 1565 873 1606 cum
896 1565 933 1606 eo
949 1546 1060 1607 nuntio

86 1648 190 1733 pulvis
213 1649 326 1730 ingens
350 1649 488 1731 conspici
513 1655 645 1731 coeptus
669 1655 725 1710 est.
772 1648 845 1710 llac
873 1668 909 1710 re
932 1649 1082 1731 cognitas

87 1750 207 1815 (laesar
235 1749 381 1815 celeriter
409 1748 499 1813 iubet
527 1751 706 1834 equitatum
739 1752 936 1832 universum,
971 1752 1061 1814 cuius

87 1857 212 1939 copiam
234 1853 347 1918 habuit
369 1856 402 1917 in
424 1855 607 1940 praesentia
629 1875 692 1917 non
716 1876 878 1938 magnam,
913 1862 945 1917 ct
967 1856 1061 1938 sagit-

85 1961 194 2041 tarios,
218 1980 355 2043 quorum
379 1980 498 2043 parvus
521 1980 683 2040 numerus,
714 1981 756 2021 ex
779 1961 892 2023 castris
915 1960 1061 2022 arcessiri

87 2071 184 2147 atquc
208 2061 380 2126 ordinatim
403 2064 495 2147 signa
517 2084 552 2126 se
574 2062 689 2127 leniter
711 2065 879 2147 consequi;
917 2065 985 2147 ipse
1008 2084 1061 2125 an-

86 2164 236 2228 tecedere
259 2188 333 2229 cum
355 2170 467 2251 paucis
489 2169 630 2231 armatis.
676 2168 810 2252 Iamque
844 2190 918 2231 cum
951 2165 1082 2251 procula

87 2269 187 2332 hostis
210 2271 350 2353 conspici
373 2279 489 2354 posset,
513 2270 627 2335 milites
650 2272 683 2334 in
707 2292 820 2355 campo
836 2269 926 2333 iubet
940 2269 1062 2354 galeari

93 2380 124 2433 ct
140 2370 181 2433 ad
198 2392 270 2434 eam
285 2392 429 2456 pugnam
444 2376 566 2458 parari3
597 2395 735 2456 quorum
757 2374 886 2436 omnino
909 2394 1063 2436 numerus

88 2474 148 2537 fuit
184 2491 258 2541 XXX
304 2476 483 2541 cohortium
520 2499 594 2541 cum
638 2476 799 2561 equitibus
836 2493 930 2557 (mcc,
969 2478 1063 2559 sagit-

88 2580 178 2641 tariis
202 2594 253 2642 ct.

176 2682 224 2744 13.
249 2681 368 2747 Hostes
391 2686 528 2767 interim,
553 2706 690 2769 quorum
713 2685 782 2748 dux
805 2693 875 2749 erat
897 2683 1064 2749 Labienus

90 2793 122 2847 ct
145 2785 208 2849 duo
231 2786 364 2870 Pacidii,
398 2791 501 2852 aciem
530 2788 674 2873 dirigunt
704 2787 842 2852 mirabili
864 2788 1064 2874 longitudine

89 2910 153 2951 non
187 2889 341 2975 peditum,
376 2893 433 2957 sed
467 2896 610 2977 equitum
645 2892 822 2957 confertam
844 2902 877 2957 et
903 2895 988 2959 inter
1010 2915 1065 2959 eor

91 2991 168 3056 levis
191 3004 376 3060 armaturae
391 2996 549 3061 Numidas
572 3005 605 3060 et
627 2998 809 3081 sagittarios
831 2996 955 3083 pedites
970 3000 1065 3077 inter-

90 3108 265 3180 posuerant
287 3102 386 3163 etita
409 3100 697 3183 condensaverant,
731 3111 768 3167 ut
788 3101 900 3188 procul
922 3102 1066 3167 (lassari-

90 3203 142 3263 ani
167 3201 334 3285 pedestres
357 3205 465 3287 copias
487 3202 733 3288 arbitrarentur,
757 3204 910 3270 dextrum
932 3228 972 3270 ac
993 3207 1066 3270 sini-

91 3313 193 3368 strum
228 3329 328 3370 cornu
364 3310 490 3392 magnis
528 3310 673 3393 equitum
710 3310 809 3394 copiis
844 3308 1065 3375 firmaverant

90 3408 225 3473 Interim
248 3408 369 3474 Caesar
391 3413 493 3475 aciem
520 3409 631 3495 dirigit
657 3408 844 3497 simplicem,
877 3420 914 3475 ut
939 3420 1086 3500 poterat·

92 3524 223 3599 propter
256 3517 468 3600 paucitatem3
505 3517 689 3600 sagittarios
718 3524 794 3581 ante
816 3518 919 3581 aciem
952 3518 1067 3583 consti·
