2376 3924
394 247 504 296 maaa
521 247 570 312 111,
590 247 666 303 cnr.
685 250 796 300 ss-sa
1020 251 1080 316 137

106 438 281 519 castellum,
312 436 398 522 quod
421 446 491 502 erat
513 435 671 502 inclusum
693 437 868 503 maioribus
890 440 1014 522 castris,
1042 440 1081 504 ir·

104 551 262 626 ruperunt
295 550 337 622 et,
372 539 459 626 quod
491 563 530 604 eo
564 539 656 626 pulsa
688 540 771 626 legio
800 563 871 606 sese
903 552 1080 629 receperat,

106 644 273 709 nonnullos
296 643 341 708 ibi
363 652 583 728 repugnantes
605 643 846 709 interfecerunt.

192 749 242 813 68.
267 747 333 814 Sed
354 748 493 829 fortuna,
523 769 607 832 quae
630 746 803 832 plurimum
825 755 931 832 potest
952 769 1026 812 cum
1047 751 1081 812 in

106 851 238 937 reliquis
266 851 364 916 rebus
392 860 462 915 tum
490 853 664 936 praecipue
691 853 725 914 in
752 850 844 933 bello,
879 853 989 936 parvis
1017 874 1081 915 mo-

103 959 219 1021 mentis
242 977 377 1040 magnas
400 977 509 1019 rerum
532 956 799 1019 commutationes
822 955 936 1037 efficit3
960 963 996 1019 ut
1011 964 1080 1019 tum

104 1059 230 1124 accidit.
275 1061 497 1141 Munitionem,
532 1081 630 1144 quam
664 1062 826 1145 pertinere
854 1083 873 1124 a
902 1060 1015 1124 castris
1038 1058 1101 1123 ads

102 1165 224 1229 flumen
247 1188 346 1250 supra
374 1164 677 1245 demonstravimus,
711 1164 820 1229 dextri
842 1163 991 1228 Caesaris
1013 1185 1079 1228 cor-

102 1290 162 1332 nus
186 1270 333 1335 cohortes
355 1271 537 1352 ignorantia
560 1267 620 1333 loci
642 1278 717 1332 sunt
739 1277 878 1351 secutae,
913 1290 987 1332 cum
1010 1290 1079 1353 por-

102 1382 169 1434 tam
193 1380 387 1456 quaererent
410 1381 654 1456 castrorumque
677 1394 749 1436 eam
777 1375 986 1436 munitionem
1009 1393 1079 1436 esse

103 1475 347 1539 arbitrarentur.
395 1475 492 1557 Quod
514 1497 588 1540 cum
611 1485 696 1540 esset
723 1476 985 1541 animadversum
1008 1491 1101 1540 con-³

103 1582 245 1642 iunctam
274 1600 344 1641 esse
372 1578 507 1659 flumini,
542 1579 682 1663 prorutis
711 1578 943 1643 munitionibus
972 1578 1079 1643 desen·

102 1681 199 1746 dente
227 1681 313 1746 nullo
342 1681 622 1763 transcenderunt,
658 1684 824 1767 omnisque
854 1691 964 1747 noster
992 1685 1079 1768 equi·

102 1796 188 1850 tatus
211 1808 266 1849 eas
290 1786 437 1851 cohortes
460 1794 510 1849 est
531 1793 669 1850 secutus.

189 1891 240 1955 69.
263 1890 399 1955 Interim
413 1890 585 1975 Pompeius
608 1888 670 1953 hac
693 1891 770 1954 satis
792 1888 888 1974 longa
911 1891 1079 1955 interiecta

101 2017 192 2059 mora
219 2003 251 2059 et
273 2015 309 2058 re
337 1995 485 2058 nuntiata
507 2010 530 2057 v
552 1992 694 2079 legiones
722 1992 764 2057 ab
793 2015 890 2079 opere
921 1993 1079 2058 deductas

101 2098 243 2163 subsidio
278 2100 343 2162 suis
377 2097 481 2179 duxit,
517 2097 696 2182 eodemque
734 2106 879 2183 tempore
916 2099 1078 2182 equitatus

101 2205 169 2266 eius
198 2204 315 2266 nostris
348 2200 510 2286 equitibus
543 2201 836 2287 appropinquabat,
871 2210 903 2266 et
926 2203 1012 2267 acies
1034 2203 1079 2264 in-

103 2314 267 2370 structaa
295 2309 422 2388 nostris,
457 2307 512 2389 qui
545 2314 654 2370 castra
687 2313 935 2390 occupaverant,
970 2326 1078 2368 cerne·

100 2408 207 2491 batur,
237 2411 408 2493 omniaque
437 2416 512 2472 sunt
541 2406 647 2472 subito
680 2415 814 2472 mutata.
860 2408 963 2492 Legio
986 2408 1099 2472 Pom-r

102 2515 218 2598 peiana
241 2511 353 2576 celeris
376 2534 432 2598 spe
455 2509 590 2576 subsidii
618 2510 810 2575 confirmata
832 2510 874 2575 ab
897 2510 1078 2577 decumana

101 2626 194 2700 porta
229 2618 380 2680 resistere
417 2613 596 2679 conabatur
634 2621 732 2699 atque
769 2613 853 2678 ultro
885 2616 919 2678 in
952 2624 1077 2680 nostros

99 2722 256 2805 impetum
277 2718 426 2784 faciebat.
449 2719 623 2802 Equitatus
646 2715 806 2800 Caesaris,
830 2717 917 2802 quod
939 2728 1077 2802 angusto

100 2826 214 2888 itinere
237 2846 295 2909 per
317 2843 454 2907 aggeres
477 2819 684 2902 ascendebat,
713 2822 858 2905 receptui
881 2841 938 2886 suo
961 2821 1077 2885 timens

102 2929 227 2991 initium
249 2926 347 3011 fugae
369 2924 518 2989 faciebat.
564 2924 729 2988 Dextrum
752 2945 862 3006 cornu,
897 2924 984 3008 quod
1007 2934 1098 2990 erat³

101 3055 120 3094 a
143 3033 270 3095 sinistro
301 3028 470 3111 seclusum,
504 3037 628 3093 terrore
661 3029 806 3113 equitum
839 3028 1076 3112 animadverso,

99 3158 139 3198 ne
162 3137 248 3199 intra
269 3135 480 3199 munitionem
503 3134 749 3219 opprimeretur,
779 3153 819 3197 ea
846 3142 949 3218 parte,
979 3154 1077 3217 quam

99 3246 278 3324 proruerat,
303 3257 373 3301 sese
394 3235 586 3322 recipiebat·
604 3257 644 3301 ac
665 3234 811 3322 plerique
832 3257 875 3300 ex
897 3235 957 3318 his,
980 3257 1021 3299 ne
1043 3238 1077 3300 in

99 3344 265 3426 angustias
297 3340 487 3423 inciderent,
522 3361 564 3405 ex
587 3356 611 3403 x
633 3339 754 3426 pedum
782 3339 959 3403 munitione
986 3359 1021 3402 se
1043 3341 1076 3403 in

98 3445 201 3510 fossas
238 3442 506 3530 praecipitabant,
549 3445 726 3530 primisque
764 3443 925 3530 oppressis
961 3440 1075 3528 reliqui

101 3569 159 3632 per
180 3546 298 3613 horum
320 3568 458 3635 corpora
478 3545 617 3617 alum
637 3545 701 3617 sibi
720 3554 819 3635 atqua
834 3548 960 3614 exitum
974 3548 1074 3634 parie-
