2376 3924
120 219 181 283 130
449 218 498 267 nn
517 182 637 267 annno
657 216 770 267 c1v1u1

97 417 316 475 evei-crentur.
363 409 546 494 Scipionem
574 431 614 472 ea
635 429 706 474 esse
736 408 937 491 auctoritate,
966 415 1005 473 nt
1033 431 1102 475 non

117 514 219 578 solum
241 513 341 578 libere
364 535 448 600 quae
471 512 641 601 probasset
661 533 835 598 exponere,
858 509 916 576 sed
938 513 1042 579 etiam
1057 536 1103 578 ex

116 640 236 703 magna
279 627 371 704 parte
409 615 601 702 compellere
637 624 735 702 atque
772 623 935 680 errantem
978 638 1102 702 regere
1152 630 1155 635 ’

116 731 239 807 posset3
277 743 428 807 praeesse
462 729 570 785 autem
603 741 661 785 suo
693 721 823 784 nomine
857 721 1027 804 exercitui,
1062 729 1102 786 ut

116 834 246 910 praeter
278 825 504 889 auctoritatem
531 825 618 889 vires
648 844 776 910 quoque
806 825 849 890 ad
877 824 1102 890 coercendum

95 927 261 993 rhaberet.
307 928 404 1011 Quod
427 931 454 993 si
476 929 613 1011 fecisset,
648 931 791 1014 quietem
824 927 947 1012 Italiae,
978 950 1102 1014 pacem

116 1032 365 1118 provinciarum,
396 1031 532 1097 salutem
560 1034 685 1118 imperii
707 1035 763 1098 uni
786 1055 897 1099 omnes
924 1041 1101 1118 acceptam

96 1135 283 1201 arelaturos.
321 1137 415 1200 Haeo
437 1135 480 1200 ad
503 1158 578 1200 eum
599 1136 755 1201 mandata
778 1135 909 1203 Clodius
929 1137 1036 1203 refert
1058 1160 1101 1203 ac

116 1241 227 1324 primis
243 1239 368 1322 diebus,
391 1249 428 1315 ut
441 1239 625 1322 videbatur,
648 1239 787 1305 libenter
809 1241 939 1306 auditus
960 1241 1100 1328 reliquis

115 1345 158 1410 ad
189 1344 381 1428 colloquium
408 1365 473 1408 non
502 1343 692 1426 admittitur,
722 1347 877 1428 castigato
900 1345 1054 1430 Scipione
1078 1369 1101 1411 a

115 1451 270 1531 Favonio,
299 1459 336 1512 ut
358 1456 470 1533 postca
492 1448 637 1513 confecto
660 1447 743 1513 bello
765 1447 1021 1534 reperiebamus,
1050 1452 1099 1515 in·

114 1555 264 1640 sectaque
287 1575 322 1617 re
346 1574 416 1616 sese
439 1550 482 1616 ad
504 1549 680 1616 Caesarem
701 1554 833 1637 recepit.

200 1657 251 1722 58,
277 1655 407 1738 Caesar,
431 1678 495 1742 quo
517 1655 641 1720 facilius
664 1657 844 1740 equitatum
858 1655 1099 1741 Pompeianum

115 1761 157 1826 ad
172 1761 416 1846 Dyrrhachium
432 1761 611 1823 contineret
626 1767 658 1823 et
673 1757 879 1844 pabulatione
894 1759 1098 1845 prohiberet,

114 1865 221 1929 editus
255 1863 345 1945 duos,
381 1883 460 1948 quos
495 1883 565 1926 esse
599 1871 753 1948 angustos
787 1861 1098 1948 demonstravimus,

114 1970 240 2051 magnis
274 1966 425 2052 operibus
458 1968 676 2051 praemunivit
709 1965 904 2052 castellaque
937 1965 988 2031 his
1015 1967 1098 2033 locis

93 2073 227 2157 rposuit.
251 2071 432 2155 Pompeius,
455 2068 512 2134 ubi
533 2069 612 2135 nihil
634 2070 746 2155 profici
769 2071 915 2155 equitatu
929 2073 1097 2156 cognovit,

114 2176 225 2260 paucis
247 2175 436 2238 intermissis
459 2172 574 2239 diebus
595 2195 725 2238 rursum
748 2195 822 2238 eum
843 2170 982 2238 navibus
998 2173 1044 2240 ad
1060 2197 1097 2241 se

92 2281 198 2343 cintra
220 2279 413 2343 munitiones
436 2279 558 2363 recipit.
587 2278 670 2342 Erat
692 2299 818 2342 summa
840 2277 948 2363 inopia
969 2276 1096 2364 pabuli,

114 2381 194 2446 adeo
217 2390 253 2446 ut
275 2381 356 2446 foliis
380 2404 423 2445 ex
446 2380 616 2446 arboribus
640 2385 757 2447 strictis
777 2391 810 2447 et
831 2383 951 2446 teneris
972 2380 1096 2449 harun-

114 2485 225 2550 dinum
258 2483 422 2549 radicibus
456 2486 597 2550 contusis
631 2506 730 2570 equos
754 2483 878 2576 alerent
911 2480 1097 2570 (frumenta

113 2594 208 2674 enim,
243 2612 327 2676 quae
349 2590 480 2654 fuerant
501 2592 586 2655 intra
614 2591 807 2654 munitiones
831 2597 912 2670 sata,
945 2610 1096 2675 ¹consum·

91 2691 273 2780 4pserant);
299 2684 498 2779 cogebantur
514 2692 658 2779 Corcyra
680 2702 778 2779 atque
792 2691 981 2757 Acarnania
995 2691 1096 2779 longo

112 2800 278 2863 interiecto
312 2800 527 2883 navigationis
561 2800 663 2884 spatio
697 2796 852 2884 pabulum
886 2804 1094 2881 supportare,

112 2901 263 2987 quodque
287 2910 356 2965 erat
378 2904 446 2966 eius
468 2904 516 2966 rei
537 2903 642 2966 minor
664 2904 765 2986 copia,
789 2899 910 2966 hordeo
924 2897 1095 2985 adaugere

91 3010 210 3086 eatque
233 3002 283 3065 his
304 3001 483 3066 rationibus
512 3003 692 3088 equitatum
719 3001 866 3066 tolerare.
912 3000 1095 3089 Sed.post·

113 3128 211 3191 quam
233 3127 298 3169 non
320 3105 415 3170 modo
439 3105 597 3171 hordeum
611 3104 831 3191 pabulumque
847 3104 999 3181 omnibus
1011 3102 1094 3171 locis

113 3206 299 3293 herbaeque
328 3207 487 3291 desectae,
522 3208 580 3274 sed
609 3210 707 3274 etiam
734 3209 823 3272 frons
851 3231 895 3291 ex
916 3206 1094 3277 arboribus
1151 3258 1156 3265 -

112 3311 293 3396 deficiebat,
324 3315 483 3397 corruptis
506 3315 597 3398 equis
618 3315 722 3398 macie
745 3311 930 3377 conandum
950 3308 1013 3377 sibi
1034 3310 1094 3379 ali-

110 3416 188 3501 quid
210 3418 382 3501 Pompeius
406 3415 446 3479 de
469 3419 636 3501 eruptione
659 3417 864 3481 existimavit.
