2376 3924
7 255 9 260 Α
76 224 117 288 72
399 223 450 273 ns
467 223 588 274 annno
607 221 721 273 crvun

161 413 212 478 20.
247 416 321 480 Hoc
342 436 421 480 vero
443 415 547 500 magis
569 435 745 501 properare
767 414 890 498 Varro,
918 423 955 479 ut
984 436 1062 482 cum
1177 412 1180 421 '

74 517 253 603 legionibus
290 540 388 605 quam
425 521 565 605 primum
597 517 708 585 Gades
745 518 972 602 contenderet,
1018 543 1063 586 ne
1177 590 1180 613 Ι

75 624 189 687 itinere
223 632 280 688 aut
312 625 450 688 traiectu
483 622 771 689 intercluderetur:
804 631 896 689 tanta
923 647 963 689 ac
991 634 1062 692 tam

76 727 219 791 secunda
251 729 285 790 in
312 725 487 791 Gaesarem
518 726 668 791 voluntas
702 727 887 812 provinciae
920 732 1062 816 reperie-

54 828 180 900 sbatur.
226 832 401 914 Progresso
425 832 454 894 ei
476 828 572 916 paulo
607 830 733 916 longius
755 829 881 896 litterae
904 832 1062 900 Gadibus

75 934 275 999 redduntur:
310 933 502 1019 simulatque
530 936 572 998 sit
599 935 764 1020 cognitum
787 934 829 998 dc
851 934 957 1001 edicto
980 936 1063 1003 Gae-

77 1040 173 1121 saris,
203 1039 400 1102 consensisse
424 1036 603 1103 Gaditanos
632 1039 794 1124 principes
822 1060 896 1104 cum
919 1039 1063 1107 tribunis

74 1142 264 1223 cohortium,
274 1205 276 1209 ,
288 1162 372 1226 quae
394 1149 502 1205 essent
516 1139 560 1204 ibi
575 1142 609 1204 in
624 1140 794 1227 praesidio,
817 1151 854 1206 ut
868 1142 1061 1211 Gallonium

76 1268 119 1310 cx
147 1244 264 1331 oppido
279 1245 507 1331 expellerent,
541 1243 657 1311 urbem
689 1244 892 1332 insulamque
920 1245 1060 1315 Gaesari

54 1356 253 1416 aservarent.
291 1348 364 1413 Hoc
386 1351 464 1413 inito
486 1348 616 1414 consilio
640 1348 880 1415 denuntiavisse
896 1350 1061 1435 Gallonio,
1178 1424 1182 1437 ,

75 1462 112 1519 ut
134 1476 192 1519 sua
214 1460 342 1538 sponte,
366 1452 444 1517 dum
466 1452 535 1517 sine
557 1450 699 1538 periculo
728 1452 855 1537 liceret,
884 1453 1065 1524 excederet

77 1557 239 1640 Gadibus,
264 1559 290 1621 si
313 1556 347 1621 id
369 1579 434 1621 non
456 1557 595 1639 fecisset,
619 1556 680 1621 sibi
703 1556 869 1623 consilium
893 1565 1060 1644 capturos.

76 1662 149 1726 Hoc
171 1663 285 1726 timore
308 1660 487 1725 adductum
502 1659 687 1727 Gallonium
703 1661 853 1727 Gadibus
868 1665 1061 1730 excessisse.
1173 1704 1178 1717 ·

55 1765 138 1831 rHis
160 1766 294 1850 cognitis
317 1763 415 1828 rebus
438 1763 539 1829 altera
555 1786 598 1828 ex
613 1763 740 1829 duabus
761 1764 950 1850 legionibus,
974 1788 1063 1853 quae

76 1869 251 1933 vernacula
274 1866 507 1954 appellabatur,
531 1890 574 1932 ex
597 1871 710 1933 castris
726 1869 884 1934 Varronis
907 1869 1063 1937 adstante
1173 1892 1181 1911 '

77 1981 110 2037 et
137 1975 338 2059 inspectante
367 1974 436 2058 ipso
465 1973 558 2057 signa
586 1970 713 2036 sustulit
741 1993 876 2057 seseque
898 1973 1063 2059 Hispalim
1176 1982 1179 1987 ’

77 2078 200 2162 recepit
232 2086 330 2161 atque
364 2077 396 2139 in
429 2075 498 2140 foro
532 2084 565 2140 et
597 2074 775 2162 porticibus
804 2077 872 2141 sine
900 2076 1062 2144 maleficio
1175 2114 1186 2143 ν.

56 2181 231 2246 sconsedit.
278 2180 375 2262 Quod
402 2179 524 2244 factum
552 2178 634 2244 adeo
665 2180 733 2245 eius
763 2188 942 2247 conventus
970 2183 1063 2248 cives

78 2287 215 2350 Romani
243 2283 552 2370 comprobaverunt,
583 2292 620 2369 ut
642 2283 775 2348 domum
797 2283 839 2349 ad
862 2285 1062 2371 aequisque

56 2389 214 2475 ahospitio
248 2388 453 2474 cupidissime
486 2388 654 2473 reciperet.
700 2384 827 2469 Quibus
860 2385 960 2453 rebus
989 2410 1062 2474 per·

78 2496 207 2559 territus
230 2494 353 2576 Varro,
383 2513 457 2557 cum
484 2491 597 2555 itinere
617 2497 784 2555 'converso
814 2513 884 2556 sese
912 2490 1063 2559 Italicam

77 2605 251 2662 venturum
284 2598 514 2683 praemisisset,
549 2595 666 2659 certior
699 2593 741 2659 ab
776 2596 842 2660 suis
874 2594 981 2661 lactus
1010 2606 1064 2663 est

56 2699 262 2785 rpraeclusas
285 2722 355 2764 esse
378 2708 496 2784 portas.
542 2698 627 2762 Tum
649 2719 728 2761 vero
752 2700 838 2762 omni
865 2698 1061 2766 interclusus

78 2804 191 2866 itinere
207 2803 249 2867 ad
265 2802 439 2867 Gaesarem
454 2803 561 2884 mittit,
585 2810 736 2886 paratum
752 2822 786 2864 se
802 2823 872 2865 esse
887 2801 1061 2889 legionem,

79 2907 130 2968 cui
153 2907 289 2987 iusserit,
312 2904 451 2969 tradere.
481 2903 539 2968 lllc
562 2904 605 2968 ad
628 2926 702 2969 eum
725 2905 861 2971 Sextum
885 2903 1063 2973 Caesarem

56 3009 176 3071 amittit
198 3017 295 3093 atque
318 3010 394 3073 huic
416 3008 500 3073 tradi
523 3008 622 3074 iubet.
658 3008 795 3073 Tradita
809 3008 935 3094 legione
950 3010 1062 3077 Varro

79 3109 266 3176 Cordubam
288 3113 330 3177 ad
354 3111 528 3177 Gaesarem
550 3115 655 3196 venit3
690 3112 800 3177 relatis
828 3112 871 3177 ad
899 3133 974 3179 eum
1003 3138 1061 3203 pu-

78 3213 169 3279 blicis
185 3237 258 3280 oum
274 3216 339 3279 tide
361 3215 539 3281 rationibus
563 3216 650 3302 quod
673 3237 772 3301 penes
796 3237 871 3281 cum
892 3225 943 3283 est
963 3240 1062 3305 pecu-

77 3322 151 3385 niae
166 3320 266 3385 tradit
280 3329 322 3404 et,
339 3320 417 3406 quid
433 3319 552 3405 ubique
568 3319 689 3384 habeat
699 3319 851 3384 frumenti
866 3329 899 3385 et
913 3322 1060 3409 navium,

79 3425 227 3490 ostendit.
