2376 3924
229 216 278 266 ab
297 214 396 267 CAES.
415 216 519 267 BELL.
539 216 642 266 GALL.
661 217 720 279 VH,
740 217 891 279 rr-vm,
910 216 934 268 ὃ.
969 217 1068 268 XXXV

197 423 219 454 c.
232 405 274 469 90,
287 407 316 455 8:
343 404 387 456 his
405 420 445 457 ca
463 403 566 456 litteris
585 402 704 473 capnitis
718 403 823 457 Romae
842 402 951 458 dieram
969 405 1072 475 vipirsti

92 489 266 559 stupplicatic
279 490 319 544 cd
324 490 416 561 itur]
429 507 466 543 ea
479 497 509 542 ut
522 493 551 541 in
564 493 702 558 superiore
716 491 835 542 editione
854 492 970 553 inserui;
988 493 1072 560 vulgo

93 577 138 631 la's
150 577 251 630 rebus
264 577 368 630 litteris
382 577 513 630 Caesaris
527 579 571 643 (ea
584 577 688 630 litteris
702 577 833 630 Caesaris
846 579 932 646 Dint.)
944 577 1071 648 capnitis.

93 665 252 731 Nipperdey
269 665 359 716 locum
381 670 536 731 corruptum
560 665 650 715 crucis
674 667 752 731 signo
777 666 895 726 notavit3
922 665 1029 715 Kraner
1047 670 1074 715 et

95 751 199 802 Holder
220 749 360 802 litteris
387 752 464 801 uncis
487 749 665 801 incluserunt.
687 777 724 789 —
746 749 866 803 editur
890 751 989 801 deinde
1012 767 1073 801 cum

96 836 262 888 Schneidero
290 853 338 901 pro
365 835 428 889 red
435 836 454 888 d
461 836 538 889 itur
565 837 671 902 scripsi,
701 836 774 901 quod
800 837 866 888 licet
891 837 921 887 in
949 836 1075 887 omnibus

96 923 237 973 codicibus
256 927 350 987 exstet,
368 924 408 974 rei
425 924 479 989 ipsi
502 928 593 973 tamen
615 923 698 988 plane
722 922 843 974 alienum
866 922 982 975 videtur.
1011 929 1075 973 ante

97 1009 294 1060 Schneiderum
306 1009 388 1076 vulgo
403 1025 435 1060 ex
448 1009 539 1060 Vossii
552 1010 710 1060 coniectura
728 1007 911 1061 indicitur
922 1010 1075 1075 legebatur.

96 1095 253 1162 Nipperdey
280 1100 307 1145 et
335 1097 382 1161 qui
411 1095 509 1146 deiude
537 1095 624 1146 secuti
648 1099 711 1145 sunt
738 1095 856 1146 editores
882 1093 1076 1147 redditur
1154 1086 1160 1100 “

97 1184 276 1233 retinuerunt.

202 1323 298 1387 HlR'l'.
312 1338 343 1388 B.
358 1336 389 1387 G.
402 1336 475 1388 v111.
494 1337 577 1402 praef.
592 1337 617 1404 ξ.
630 1338 660 1386 2:
681 1351 739 1388 iton
756 1334 1030 1389 cohaerentibus
1048 1341 1079 1385 ut

99 1428 127 1475 in
156 1425 246 1491 priore
273 1423 391 1474 editione
416 1440 477 1474 cum
497 1422 663 1474 Schneidero
681 1428 709 1474 et
726 1422 891 1489 Nipperdeio
914 1421 1011 1487 scripsi
1029 1437 1078 1487 pro

99 1509 345 1578 commorantibus,
374 1510 420 1560 vel
446 1508 685 1577 comparentibus,
716 1509 788 1576 quod
816 1509 893 1560 codd.
917 1508 1025 1560 habent
1045 1536 1077 1544 -

101 1601 126 1662 §-
146 1598 175 1645 ὃς
205 1595 299 1648 desit
327 1597 381 1646 iam
400 1595 487 1661 edidi,
515 1595 588 1662 quod
612 1597 671 1646 iure
696 1612 729 1647 ex
751 1595 861 1661 optimis
880 1594 958 1644 libris
976 1595 1079 1660 primus

101 1683 207 1749 Frigell
225 1684 356 1746 restituit;
376 1683 524 1734 deteriores
542 1683 608 1733 libri
626 1698 659 1732 ex
677 1682 849 1748 grammatici
867 1680 1009 1731 cuiusdam
1022 1696 1081 1730 cor-

100 1776 210 1823 rectura
229 1768 334 1822 deesset
351 1770 490 1834 praebent.
510 1797 544 1808 —
561 1771 586 1832 §-
604 1772 635 1820 9:
653 1767 704 1821 boc
721 1767 799 1835 ipso
818 1766 922 1821 crimen
941 1783 1080 1837 arrapen-

102 1857 161 1910 tiae
179 1854 279 1926 subeo]
307 1858 402 1922 optimi
427 1855 536 1923 quidem
563 1856 628 1907 libri
655 1855 749 1923 speum
776 1854 891 1917 babent,
919 1855 1001 1922 idque
1020 1861 1081 1922 post
1137 1892 1140 1899 ι

101 1941 296 2010 Nipperdcium
313 1943 419 2006 Dinter,
437 1943 552 2008 Kraner,
570 1942 674 1993 Holder
688 1941 839 2002 ediderunt,
858 1941 906 1992 sed
929 1943 1080 1993 sententiae

102 2031 172 2080 ratio
191 2027 202 2079 i
205 2042 270 2095 pso
288 2033 318 2077 ut
336 2028 470 2079 scribatur
483 2028 597 2080 suadere
609 2028 724 2079 videtur.
743 2029 831 2078 omnis
845 2029 917 2078 enim
930 2030 1080 2081 sententiae

101 2119 145 2168 vis
172 2117 199 2165 in
229 2132 260 2166 eo
278 2120 415 2180 versatur,
445 2116 518 2181 quod
536 2117 663 2182 scriptor,
692 2132 753 2166 curn
771 2131 801 2166 se
818 2119 936 2176 excuset,
963 2130 998 2164 ne
1021 2131 1082 2165 cum

104 2203 224 2253 Caesare
243 2203 406 2266 conferatur,
425 2218 455 2255 eo
473 2201 537 2271 ipso
556 2203 728 2269 arrogantiae
747 2204 850 2253 crimen
863 2217 892 2251 se
905 2201 996 2252 subire
1009 2202 1082 2252 dicit.

103 2292 198 2354 itaque
217 2290 240 2339 si
258 2305 311 2355 qua
329 2305 391 2356 pars
411 2291 544 2341 enuntiati
558 2290 644 2341 fulcro
660 2289 777 2356 quodam
789 2295 860 2357 eget,
879 2289 1016 2341 ablativus
1034 2287 1082 2338 ille

103 2375 154 2428 boc
179 2381 252 2441 eget3
280 2381 374 2428 contra
400 2376 494 2444 ipsum
516 2379 579 2428 voci
602 2377 706 2431 crimen
724 2378 883 2428 adiunctum
901 2379 967 2429 satis
987 2392 1079 2441 super·

103 2477 256 2513 vacaneum
272 2478 331 2513 esse
350 2463 430 2514 facile
448 2464 625 2530 intellegitur,
655 2481 716 2515 cum
734 2465 818 2515 verba
835 2466 865 2515 in
883 2464 955 2514 huno
973 2462 1082 2512 modum

106 2550 321 2600 constituuntur:
352 2548 401 2602 scd
428 2565 475 2620 epo
499 2549 646 2618 nimirum,
677 2549 745 2602 dam
770 2564 863 2603 amires
890 2546 1084 2602 excusationis

106 2648 211 2686 causas
230 2633 341 2703 callipo,
367 2651 403 2688 ne
421 2651 483 2689 cana
502 2634 621 2689 Caesare
639 2634 784 2704 conferor,
811 2635 871 2688 troc
898 2633 976 2702 ipso
1004 2647 1085 2685 arro·

106 2724 209 2790 panter
235 2721 326 2790 facie,
354 2723 428 2790 qaod
451 2740 493 2777 me
517 2722 624 2777 indicio
646 2722 813 2790 cuiusquam
831 2720 987 2774 cristinam
1001 2735 1086 2787 posse

106 2832 171 2870 cum
193 2814 313 2868 Caesare
333 2812 503 2882 comparari.

213 2920 237 2954 c.
255 2905 279 2966 t,
299 2907 328 2954 2:
352 2908 435 2971 atque
453 2903 485 2956 in
504 2907 577 2958 tecta
592 2899 702 2975 partim
718 2897 871 2965 Gallorum,
887 2895 998 2964 partim
1017 2909 1087 2963 quae

108 2991 283 3046 conticetis
302 2991 427 3045 celeriter
444 2989 608 3044 stramentis
628 2985 864 3041 tentoriorum
885 2980 1087 3052 intependo·

108 3100 187 3137 ram
215 3081 338 3151 pratia
366 3104 381 3131 a
410 3085 492 3133 erant
522 3077 720 3144 iniustificata,
755 3072 858 3126 milites
890 3068 1087 3138 conspecta]

110 3170 285 3225 coniectis
307 3186 400 3221 omnes
419 3167 496 3219 codd.
514 3167 626 3228 habent,
645 3163 700 3214 nisi
718 3160 789 3229 quod
807 3162 836 3210 in
854 3158 971 3209 Vindob.
990 3156 1088 3223 spar-

112 3258 164 3313 tim
182 3273 213 3325 q3
237 3256 363 3321 ..nectis,
387 3256 471 3308 erasis
491 3253 596 3304 duabus
613 3249 659 3301 vel
676 3247 763 3299 tribus
782 3246 879 3296 litteris
898 3244 1006 3310 legitur.
1033 3242 1088 3295 col·

107 3344 191 3398 'lectis
217 3344 262 3394 vel
286 3341 416 3396 carricatis
440 3341 533 3401 Kran,
555 3339 656 3402 Dtibn,
681 3333 762 3384 Hold.
786 3331 989 3385 ediderunt-
1006 3329 1091 3380 verba

114 3429 350 3483 tentoriorum
368 3424 638 3496 intependorum
654 3419 780 3492 pratia
797 3417 962 3470 Vielhabero
981 3421 1091 3468 anctore

113 3518 220 3568 Kraner
234 3522 260 3567 et
272 3516 375 3567 Holder
393 3516 471 3565 uncis
489 3513 666 3573 incluserunt,
685 3508 733 3560 sed
752 3523 814 3558 cum
831 3505 904 3556 unde
922 3505 988 3556 haec
1007 3505 1091 3567 irrep-

908 3604 938 3661 ὕ
