2376 3924
245 249 298 298 ΔΙ)
315 247 415 298 CAES.
431 246 537 297 Bm
556 246 663 297 GALL
680 245 716 305 11,
734 247 927 297 ³5-111.et
1043 247 1082 296 11

202 454 228 490 c.
251 439 295 498 21,
320 439 352 488 3:
380 437 513 490 mariue
542 434 793 505 secturaeque]
836 440 1081 500 secturaeque.

95 523 171 590 qnod
187 521 269 572 codd.
286 521 398 584 habent,
420 523 470 572 alii
487 521 543 572 alio
566 522 646 572 modo
663 527 841 586 temptarunt.
872 521 1084 585 Oudendorpius

98 610 201 659 omissa
230 608 367 673 particula
399 624 452 675 que
486 608 571 658 edidit
600 607 733 660 uerariue
764 612 907 671 mutue,
936 605 1086 657 Schneider

95 693 232 747 mariue
248 698 478 760 structuram
495 693 653 759 Nipperdey
675 695 840 758 suspicionis
865 695 944 758 signo
961 692 1018 741 illis
1034 708 1082 740 ro-

98 779 180 830 cibus
196 782 306 845 appieto
322 781 352 828 in
370 779 545 829 adnotatione
569 779 667 828 critica
688 776 885 844 severiusque
908 777 1084 828 scribendum

95 868 251 931 proposuit3
266 866 374 916 Keauer
386 865 668 930 Jungermaunianam
677 866 788 929 repetiit
796 864 941 914 lectionem
951 862 1082 915 Μανία(

94 954 323 1017 structuraque.
334 950 497 1016 particulam
510 965 562 1016 pue
573 966 636 1000 cum
648 967 702 998 uon
715 951 769 999 nisi
781 966 856 999 mera
866 949 981 999 libidine
994 951 1083 999 eicere

98 1036 202 1096 liceat,
229 1052 320 1101 neque
346 1035 534 1100 Oudendorpii
561 1051 649 1099 neque
680 1035 768 1084 altera
793 1051 875 1100 quam
898 1035 1005 1084 Krauer
1027 1051 1086 1084 am·

96 1122 197 1188 plexus
214 1131 257 1173 est
274 1124 345 1173 ratio
361 1121 471 1187 plaeere
488 1128 585 1187 potest.
609 1137 671 1170 cnm
689 1137 755 1170 rero
772 1136 825 1186 pue
841 1122 983 1179 retinetur,
1007 1120 1083 1170 aliud

96 1208 253 1258 fodinarum
272 1224 358 1273 genus
380 1207 493 1272 adiungi
521 1223 633 1256 neeesse
656 1213 710 1267 est;
735 1213 902 1272 quapropter
923 1205 1084 1256 Schneideri

95 1301 126 1345 et
143 1293 295 1360 Nipperdei
316 1295 492 1343 coniecturae
514 1293 676 1342 abiciendae
700 1299 772 1353 sunt,
795 1309 857 1342 curn
875 1299 903 1340 et
920 1296 1083 1344 uncturae

96 1385 125 1430 et
142 1377 288 1443 ferrariae
304 1379 377 1429 idem
395 1386 477 1443 atque
495 1377 627 1429 warine
644 1378 798 1428 iodinarum
816 1394 902 1443 genus
920 1377 1084 1442 significent.

96 1465 202 1530 optime
227 1481 295 1514 vero
320 1465 451 1514 librorum
479 1464 562 1513 lectio
588 1480 618 1513 se
641 1463 744 1513 habers
770 1462 888 1519 ridetur,
919 1465 944 1512 si
972 1462 1083 1527 quidem

95 1553 228 1602 netum
252 1549 286 1600 de
304 1550 462 1615 lapicidinis
484 1550 671 1599 subterraneis
693 1548 886 1614 intellegimus,
904 1548 1002 1614 quales
1020 1556 1085 1597 sunt

97 1651 172 1702 quas
190 1636 306 1685 Parisiis
330 1644 359 1686 et
375 1636 468 1686 llosae
486 1636 607 1685 Traiecti
630 1637 659 1684 in
685 1643 777 1685 monte
805 1633 847 1684 sti
865 1634 941 1683 Petri
969 1641 1084 1691 exstam,

95 1728 128 1772 et
144 1737 216 1787 quae
234 1723 410 1772 catacombae
433 1721 523 1771 dictae
540 1722 653 1781 Romae,
672 1720 797 1786 Neapoli,
819 1719 882 1769 aliis
900 1719 997 1769 Italiae
1016 1718 1085 1768 locis

95 1807 285 1860 inveniuntur.
308 1823 370 1857 cum
394 1810 433 1857 sic
456 1807 485 1856 iu
509 1807 600 1873 priore
624 1807 743 1856 editione
766 1806 898 1855 librorum
922 1806 1085 1870 scripturam

99 1895 187 1944 tutari
204 1893 378 1954 studuissem,
401 1894 516 1943 Dubuer
533 1901 560 1943 et
578 1893 676 1942 Dinter
693 1893 785 1942 rerbis
808 1891 876 1940 mihi
899 1902 1084 1948 assenserunt,

98 1981 185 2031 etiam
203 1978 309 2030 Holder
325 1983 455 2032 secturae
472 1981 570 2044 posuit

204 2083 229 2116 c.
246 2067 290 2127 2³,
307 2068 325 2115 2
344 2066 509 2130 reliquisque
521 2065 599 2125 locis,
622 2064 670 2113 nbi
689 2077 826 2129 qaoque
845 2077 941 2114 enses
952 2061 1084 2125 (eersrrrrr'¹

97 2153 156 2218 legi
174 2151 282 2201 solebat
299 2152 337 2208 (b.
351 2150 385 2200 G.
397 2151 457 2201 vti
474 2152 501 2210 4,
513 2152 539 2199 5.
560 2151 600 2211 14,
613 2155 637 2199 5.
656 2150 683 2198 b.
701 2165 725 2198 c.
743 2149 766 2209 1,
783 2149 826 2199 25.
838 2150 864 2197 6.
881 2149 961 2209 36,2.
978 2148 1086 2209 lise.

96 2239 127 2288 b.
145 2238 203 2288 Ait.
221 2238 314 2303 24,3),
336 2236 493 2302 Nipperdey
520 2249 656 2301 quoque
677 2248 776 2286 tersus
798 2236 909 2299 recepit,
929 2234 980 2283 hac
1002 2235 1031 2282 in
1055 2249 1085 2282 re

96 2341 155 2375 non
172 2331 229 2374 tam
252 2323 337 2372 libros
360 2321 544 2386 respiciendos
567 2337 627 2370 esse
645 2328 729 2381 ratus,
747 2335 828 2384 quam
852 2321 939 2384 ipsam
958 2318 1085 2367 dictionis

96 2412 242 2462 rationem.
271 2424 305 2458 ex
323 2410 429 2458 ratione
453 2414 544 2456 autem
562 2421 671 2472 quoquo
691 2419 787 2457 tersas
803 2414 861 2454 tum
879 2405 988 2454 demum
1012 2412 1085 2454 recte

40 2497 44 2502 ’
98 2497 156 2546 dici
173 2497 281 2546 censuit
303 2494 341 2559 (p.
359 2496 412 2557 tt),
440 2509 501 2542 cum
526 2495 662 2542 sententia
680 2500 753 2541 esset
771 2492 899 2546 relatum
922 2493 950 2539 iu
974 2490 1086 2540 definita

101 2590 132 2634 ut
150 2581 268 2648 pirisque
285 2596 334 2646 pro
344 2578 481 2645 quisquis,
499 2580 540 2627 sic
557 2592 665 2644 quoque
680 2591 779 2629 tersus
796 2594 846 2642 pro
863 2591 972 2642 petoque
989 2591 1085 2628 cereus

103 2668 161 2720 dici
190 2683 302 2717 necesse
331 2683 401 2717 esse.
430 2668 484 2715 iam
514 2680 576 2713 eum
607 2670 738 2730 quantum
762 2665 820 2713 seio
850 2677 959 2728 petopeto
987 2677 1085 2714 rasus

100 2767 235 2819 nusquam
263 2754 293 2800 iu
320 2751 436 2801 relativa
459 2750 647 2799 enuntiatione
670 2754 804 2809 occunat,
827 2750 856 2796 in
875 2757 1034 2813 perpetuum
1053 2765 1086 2798 ex

99 2840 204 2891 latinae
222 2838 334 2902 liuguae
351 2837 487 2886 thesauris
499 2835 625 2884 exsulare
643 2835 792 2884 iuberetur.
810 2841 839 2883 at
851 2840 924 2883 recte
935 2833 1088 2883 Schneider

100 2925 137 2976 ad
154 2925 183 2973 b.
200 2922 308 2982 (ΗΠ,
325 2925 352 2986 4,
368 2923 386 2970 5
409 2921 521 2986 monuit,
548 2934 658 2986 quoquo
683 2933 783 2971 tersas
809 2922 943 2968 exstincta
970 2918 1086 2968 relativa

100 3015 237 3078 potestate
255 3000 354 3057 ‘wohin
373 3007 443 3056 such
461 3007 559 3056 immer
577 3003 727 3071 gerrendet'
745 3005 848 3056 iactum
865 3019 926 3054 esse
944 3020 1028 3053 unum
1046 3006 1087 3053 iu-

101 3094 230 3147 definitae
253 3093 461 3158 significationis
479 3093 644 3142 vocabulum
666 3087 783 3143 ‘uberall
806 3088 876 3151 hin';
899 3091 958 3155 pari
982 3092 1087 3140 ratione

102 3188 130 3234 st
147 3194 257 3246 quoquo
279 3190 307 3229 et
329 3178 486 3245 quicunque
508 3179 645 3229 interdum
670 3177 795 3228 adhiberi
819 3179 848 3226 iu
872 3177 1015 3226 sententiis
1033 3193 1088 3226 nou

103 3268 236 3318 relativis.
267 3266 380 3330 adiungi
404 3274 493 3331 potest
511 3267 592 3315 etium
612 3264 742 3330 quisquis
760 3280 809 3329 pro
827 3262 944 3329 quisque
961 3263 1088 3324 inveniri,

101 3361 130 3404 st
147 3353 173 3402 si
191 3367 248 3402 rem
266 3350 301 3400 ad
319 3353 411 3401 virum
436 3368 599 3414 resecamus,
623 3352 780 3416 primariam
808 3350 896 3414 ipsius
920 3348 1087 3414 pronominis

101 3437 220 3506 petisque
238 3444 265 3486 et
284 3437 475 3487 adverbiorum
493 3436 603 3502 ubiqtre,
615 3436 714 3502 utique
726 3437 864 3485 notionem
877 3433 1020 3484 relativam
1033 3433 1088 3482 dici

103 3539 217 3576 neeesse
236 3531 286 3583 est,
305 3540 364 3572 cum
384 3524 493 3588 proprie
512 3522 727 3587 significaverint
743 3516 808 3571 ‘wer
824 3517 913 3578 aueh‘,
931 3511 982 3568 ‘wo
1000 3515 1088 3576 auch',
