2376 3924
371 253 481 304 ninas
500 256 532 317 v,
553 253 629 306 ose.
649 252 725 303 a-s.
972 253 1031 316 107

52 449 213 536 quoniam
227 446 362 511 civitati
378 445 554 513 consulere
570 467 637 512 non
652 454 801 533 possent,
825 446 965 527 veritus,
989 467 1031 508 ne

53 553 99 619 ab
124 550 276 616 omnibus
301 550 527 634 desereretur,
557 549 808 615 Indutiomarus
832 547 964 632 legatos
988 548 1032 612 ad

54 657 236 722 Caesarem
266 654 388 719 mittit:
424 676 497 718 sese
527 653 654 719 idcirco
686 654 729 718 ab
761 654 829 718 suis
861 651 1056 722 discederes

54 770 158 846 atque
175 758 220 823 ad
237 781 310 823 eum
324 758 440 823 venire
452 756 612 841 noluisse,
629 779 691 844 quo
709 757 841 823 facilius
859 757 1034 821 civitatem

54 868 88 929 in
115 863 226 928 officio
244 863 443 945 contineret,
467 885 509 925 ne
534 862 641 926 omnis
665 858 854 926 nobilitatis
883 858 1034 924 discessu

53 966 150 1054 plebs
173 974 310 1052 propter
334 964 593 1050 imprudentiam
610 965 799 1048 laberetur3
823 968 936 1050 itaque
961 987 1055 1030 esser

55 1072 229 1134 civitatem
255 1071 288 1133 in
313 1092 374 1134 sua
397 1079 577 1156 potestate,
601 1091 748 1154 seseque,
774 1072 801 1134 si
818 1067 946 1133 Caesar
961 1090 1033 1153 per-

55 1176 216 1256 mitteret,
241 1172 286 1237 ad
309 1174 441 1238 eumin
465 1179 581 1238 ca'stra
598 1182 786 1257 venturum,
811 1196 889 1238 suas
913 1174 1032 1238 civita·

58 1280 167 1363 tisque
190 1278 345 1342 fortunas
370 1287 438 1342 eius
462 1277 541 1343 fidoi
564 1279 813 1364 permissurum.

143 1381 173 1443 4.
198 1378 336 1463 Caesar,
361 1383 425 1446 etsi
450 1380 680 1464 intellegebat,
704 1403 768 1466 qua
798 1380 838 1445 de
865 1403 970 1445 causa
994 1405 1033 1446 ca

57 1486 262 1568 dicerentur,
293 1506 445 1571 quaeque
469 1507 544 1549 eum
566 1507 620 1548 res
646 1484 688 1549 ab
712 1486 868 1550 instituto
893 1486 1033 1551 consilio

56 1590 252 1670 deterreret,
276 1596 400 1671 tamen,
423 1611 465 1652 ne
488 1597 654 1653 aestatem
677 1590 711 1653 in
735 1589 890 1654 Treveris
915 1612 1032 1654 consu-

55 1715 150 1758 mere
181 1701 361 1775 cogeretur
390 1692 542 1758 omnibus
574 1691 618 1756 ad
648 1691 880 1758 Britannicum
910 1693 1034 1758 bellum

55 1797 160 1862 rebus
183 1797 401 1881 comparatis,
424 1796 691 1861 Indutiomarum
709 1797 753 1861 ad
770 1820 805 1861 se
822 1819 896 1861 eum
914 1814 954 1860 cc
978 1799 1033 1863 ob-

55 1900 187 1966 sidibus
204 1901 321 1965 venire
336 1900 446 1964 iussit.
477 1899 541 1964 His
558 1899 726 1984 adductis,
751 1903 785 1965 in
810 1901 851 1965 iis
874 1901 942 1965 filio
959 1925 1054 1988 pro-2

54 2005 256 2090 pinquisque
279 2005 351 2068 eius
376 2003 542 2087 omnibus,
574 2025 655 2088 quos
686 2005 886 2069 nominatim
915 2028 1032 2070 evoca·

55 2117 162 2190 verat,
176 2106 372 2172 consolatus
387 2107 654 2172 Indutiomarum
666 2107 885 2193 hortatusque
903 2119 963 2191 cst,
985 2113 1033 2173 uti

57 2213 91 2276 in
114 2212 226 2277 officio
250 2220 416 2295 maneret3
440 2210 545 2276 nihilo
569 2222 681 2277 tamen
699 2215 807 2278 secius
824 2213 1055 2299 principibusa

57 2316 279 2383 Treverorum
295 2317 340 2382 ad
356 2340 392 2382 se
407 2318 602 2382 convocatis
619 2316 680 2382 hos
697 2319 895 2402 singillatim
913 2319 1034 2404 Cinge-

59 2422 161 2504 torigi
186 2420 394 2504 conciliavit,
417 2419 507 2506 quod
530 2442 605 2485 cum
628 2423 747 2486 merito
772 2424 842 2487 eius
867 2446 886 2486 a
911 2447 946 2488 se
961 2425 1033 2489 fieri

61 2524 292 2607 intellegebat,
316 2533 387 2589 tum
402 2526 518 2608 magni
534 2525 698 2590 interesse
715 2525 947 2593 arbitrabatur
964 2531 1033 2593 eius

57 2629 296 2693 auctoritatem
305 2629 394 2692 inter
408 2649 484 2694 suos
498 2629 787 2715 quamplurimum
800 2629 924 2715 valere,
941 2635 1034 2697 ouius

57 2743 126 2798 tam
140 2733 313 2816 egregiam
325 2734 359 2796 in
373 2754 409 2797 se
420 2731 630 2798 voluntatem
643 2735 883 2819 perspexisset.
900 2735 940 2799 Id
957 2735 1056 2800 tulits

56 2838 185 2902 factum
209 2837 360 2920 graviter
375 2835 635 2922 Indutiomarus,
660 2860 754 2903 suam
777 2840 923 2922 gratiam
948 2842 1035 2904 inter

57 2962 134 3006 suos
150 2941 267 3023 minui,
289 2950 333 3024 et,
357 2942 413 3029 qui
436 2943 503 3007 iam
520 2952 599 3007 ante
623 2944 757 3008 inImico
782 2945 815 3008 in
839 2967 900 3009 nos
924 2947 1034 3011 animo

57 3044 190 3128 fuisset,
213 3043 318 3110 multo
342 3047 480 3130 gravius
504 3045 566 3111 hoe
591 3046 704 3113 dolore
729 3049 868 3113 exarsit.

140 3145 172 3210 5.
190 3147 362 3213 Hisrebus
376 3151 570 3215 constitutis
584 3148 711 3216 Caesar
728 3152 772 3216 ad
788 3162 920 3238 portum
934 3154 1034 3218 Itium

56 3273 133 3316 cum
155 3250 347 3335 legionibus
370 3253 535 3338 pervenit.
570 3252 623 3318 Ibi
646 3257 822 3338 cognoscit
847 3275 892 3319 ux
916 3280 1056 3338 naves,2

57 3375 143 3438 quae
166 3355 202 3418 in
224 3352 347 3418 Meldis
370 3354 483 3420 factae
514 3366 626 3440 erant,
657 3367 858 3446 tempestate
888 3362 1033 3425 reiectas

56 3478 191 3522 cursum
220 3464 337 3521 tenere
365 3478 433 3522 non
463 3461 613 3544 potuisse
644 3470 745 3546 atque
776 3463 909 3546 eodem,
945 3463 1034 3528 unde

57 3570 155 3625 erant
182 3560 374 3645 profectae,
404 3563 601 3640 revertisse;
634 3563 781 3651 reliquas
817 3574 956 3651 paratas
988 3567 1035 3631 ad
