2376 3924
136 197 196 264 138
427 198 489 248 ,ΒΕ
507 199 628 249 BELLO
649 199 806 250 GALLICO

135 392 256 455 civitas
274 390 434 474 imprimis
451 390 546 454 firma
560 399 592 455 et
609 411 753 475 magnae
765 392 853 457 inter
866 389 984 457 Gallos
998 399 1112 456 aucto-

135 496 259 577 ritatis,
284 492 498 577 Cavarinum,
534 516 630 580 quem
654 492 782 560 Caesar
805 494 895 581 apud
919 517 975 561 eos
998 515 1113 578 regem

136 598 369 680 constituerat,
386 598 480 661 euius
493 598 598 663 frater
610 597 815 682 Moritasgus
829 597 978 664 adventu
990 601 1025 664 in
1033 596 1113 666 Gal-

136 701 215 765 liam
232 700 389 766 Caesaris
406 702 566 786 cuiusque
578 702 721 765 maiores
734 723 872 785 regnum
885 701 1114 786 obtinuerant,

137 805 326 869 interficere
348 802 483 889 publico
508 803 650 869 consilio
674 805 798 886 conati,
834 827 908 870 cum
936 805 994 870 ille
1017 828 1113 892 prae-

138 912 298 974 sensisset
311 930 351 973 ac
361 908 577 994 profugisset,
590 908 749 995 usquead
761 910 844 975 lines
856 911 1113 994 insecutiregno

115 1008 300 1099 adornoque
324 1010 524 1098 expulerunt
549 1022 580 1076 et
604 1015 716 1078 missis
742 1013 786 1079 ad
809 1011 997 1093 Gaesarem,
1014 1015 1114 1078 satis-

136 1117 286 1181 fac-iundi
311 1139 415 1183 eausa
439 1116 573 1199 legatis,
598 1139 674 1182 cum
698 1118 726 1181 is
751 1138 880 1182 omnem
904 1116 1001 1183 adse
1018 1139 1114 1182 sena-

136 1230 208 1284 tum
231 1223 345 1286 venire
369 1223 534 1303 iussisset,
560 1221 652 1287 dicto
676 1222 854 1288 audientes
877 1244 944 1287 non
967 1223 1113 1288 fuerunt.

115 1323 282 1389 sTantum
299 1324 389 1410 apud
411 1326 561 1391 homines
586 1324 751 1391 barbaros
768 1325 876 1392 valuit
892 1349 966 1392 esse
983 1325 1115 1412 aliquos

137 1436 288 1512 repertos
311 1430 480 1514 principes
499 1428 665 1494 inferendi
681 1427 774 1512 belli,
797 1437 994 1516 tantamque
1012 1432 1116 1495 omni-

138 1528 200 1595 bus
217 1531 430 1598 voluntatum
457 1533 752 1599 commutationem
779 1532 905 1617 attulit,
928 1542 965 1598 ut
981 1543 1117 1618 praeter

138 1633 272 1699 Aeduos
297 1646 330 1702 et
353 1637 483 1718 Remos,
518 1658 600 1723 quos
627 1637 808 1723 praecipuo
839 1659 969 1723 semper
990 1635 1117 1702 honore

139 1737 267 1804 Caesar
290 1738 418 1821 habuit,
443 1739 568 1804 alteros
592 1762 651 1825 pro
668 1750 782 1806 vetere
798 1764 839 1806 ac
855 1751 1017 1827 perpetua
1034 1763 1116 1825 erga

138 1843 295 1927 populum
311 1843 496 1907 Romanum
512 1842 588 1926 fide,
607 1842 731 1908 alteros
748 1866 807 1930 pro
824 1843 1017 1910 recentibus
1035 1842 1116 1909 Gal-

139 1945 196 2009 lici
219 1944 299 2010 belli
325 1946 454 2030 officiis,
478 1946 573 2012 nulla
596 1947 665 2012 fere
689 1949 812 2013 civitas
842 1948 944 2012 fuerit
972 1969 1039 2012 non
1064 1970 1117 2012 su·

112 2059 255 2135 aspecta
278 2050 386 2116 nobis.
424 2050 530 2138 quue
554 2050 637 2115 adeo
666 2051 757 2116 haud
786 2053 855 2117 scio
884 2051 1118 2118 mirandumne

140 2156 193 2237 sit,
218 2175 292 2218 cum
309 2153 535 2239 compluribus
560 2152 637 2218 aliis
663 2154 703 2219 de
726 2156 851 2238 causis,
873 2163 944 2219 tum
959 2157 1118 2239 maxime,

140 2256 228 2343 quod
244 2256 306 2340 [ei],
320 2258 375 2342 qui
383 2258 509 2322 virtute
522 2256 601 2322 belli
616 2256 768 2322 omnibus
782 2256 940 2341 gentibus
951 2258 1118 2344 praefere-

140 2358 275 2443 bantur,
311 2369 444 2425 tantum
469 2361 598 2424 secius
623 2361 790 2446 opinionis
816 2359 1058 2447 deperdidisse,
1081 2372 1119 2427 ut

141 2462 304 2550 apopulo
327 2464 477 2528 Romano
512 2465 651 2549 imperia
685 2464 883 2550 perferrent,
917 2466 1119 2550 gravissime

142 2566 312 2632 dolebant.

243 2670 294 2736 55.
318 2671 456 2737 Treveri
484 2694 565 2737 vero
594 2681 696 2758 atque
728 2670 979 2737 Indutiomarus
1013 2673 1119 2737 totius

140 2775 259 2839 hiemis
288 2774 416 2840 nullum
450 2784 579 2861 tempus
614 2776 876 2859 intermiserunt,
910 2776 989 2862 quin
1022 2785 1119 2842 trans

140 2878 447 2963 Rhenumlegatos
472 2882 655 2962 mitterent,
691 2882 849 2945 civitates
885 2878 1119 2965 sollicitarent,

141 2984 302 3068 pecunias
319 2983 567 3069 pollicerentur,
584 3004 707 3068 magna
720 2993 816 3070 parte
829 2986 999 3051 exercitus
1011 2988 1120 3051 nostri

143 3086 320 3151 interfecta
333 3087 438 3152 multo
451 3089 612 3154 minorem
627 3112 802 3175 superesse
816 3088 968 3156 dicerent
979 3098 1120 3175 partem.

122 3191 256 3276 2Neque
278 3200 392 3255 tamen
415 3190 475 3256 ulli
499 3194 633 3257 civitati
657 3190 901 3258 Germanorum
922 3190 1121 3278 persuaderi

143 3296 262 3380 potuit,
286 3305 323 3360 ut
345 3294 496 3359 Rhenum
520 3297 692 3379 transiret,
727 3318 802 3360 cum
827 3319 862 3360 se
885 3294 938 3360 bis
963 3304 1120 3382 expertos

145 3399 306 3482 dicerent,
330 3397 493 3463 Ariovisti
516 3397 605 3464 bello
630 3409 664 3464 et
687 3399 927 3465 Tencterorum
956 3400 1121 3466 transitu:

124 3520 211 3567 enon
236 3526 310 3568 esse
333 3501 475 3589 amplius
500 3503 669 3569 fortunam
692 3513 925 3589 temptaturus.
963 3504 1039 3570 Hac
1062 3524 1122 3590 spe
