2376 3924
133 235 175 298 92
442 234 492 284 nn
509 233 630 285 annno
650 232 810 283 saunrco

99 427 345 511 reexoiperent,
376 433 408 488 et
438 423 527 490 aliae
556 424 636 489 item
666 446 768 510 supra
790 433 924 511 pontem
948 423 1110 489 mediocri

134 531 254 614 spatio,
277 537 325 609 ut,
350 529 378 592 si
402 527 560 593 arborum
584 529 695 592 trunci
719 529 790 593 sive
813 549 918 592 naves
944 527 1111 592 deiciendi

133 635 243 718 operis
267 641 379 698 essent
410 656 429 696 a
458 619 616 697 barbaris
643 633 777 713 missae,
800 632 852 695 his
878 630 1110 695 defensoribus

133 760 248 802 earum
277 759 388 801 rerum
410 738 462 800 vis
485 738 706 818 minueretur,
735 757 800 799 neu
823 737 918 820 ponti
940 745 1111 799 nocerent.

220 840 269 904 18.
293 839 422 904 Diebus
440 839 565 921 decem,
589 839 709 925 quibus
733 840 876 904 materia
894 849 1014 925 coepta
1039 847 1112 902 erat

133 945 348 1029 comportari,
372 945 460 1008 omni
478 966 576 1028 opere
592 943 710 1009 effecto
727 944 895 1007 exereitus
913 942 1111 1007 traducitur.

111 1045 260 1112 aCaesar
283 1047 328 1111 ad
343 1055 519 1132 utramque
542 1056 672 1132 partem
694 1048 806 1131 pontis
828 1047 923 1111 firmo
940 1046 1110 1131 praesidio

111 1150 251 1215 erelicto
276 1152 310 1214 in
333 1150 416 1214 fines
434 1149 695 1234 Sugambrorum
719 1149 904 1214 contendit.
928 1151 1067 1214 Interim
1091 1174 1111 1214 a

133 1253 360 1340 compluribus
376 1254 575 1320 civitatibus
592 1255 637 1320 ad
654 1278 728 1321 eum
743 1254 850 1338 legati
867 1256 1024 1336 veniunt,
1041 1256 1112 1339 qui-

133 1357 195 1422 bus
223 1379 340 1444 pacem
368 1367 469 1443 atque
498 1360 682 1423 amicitiam
709 1357 902 1444 petentibus
925 1356 1113 1422 liberaliter

111 1462 306 1547 rrespondit
323 1461 524 1546 obsidesque
540 1462 584 1527 ad
601 1484 637 1527 se
652 1462 775 1528 adduci
798 1461 901 1526 iubet.
932 1460 1112 1545 Sugambri

134 1588 177 1629 ex
198 1587 236 1629 eo
260 1575 418 1650 tempore,
443 1588 507 1651 quo
525 1588 609 1651 pons
628 1567 759 1631 institui
784 1575 924 1650 coeptus
946 1574 1007 1647 est,
1032 1565 1112 1648 fuga

134 1678 329 1753 comparata
346 1667 560 1735 hortantibus
576 1671 629 1752 iis,
655 1691 737 1756 quos
755 1693 797 1734 ex
812 1669 988 1734 Tencteris
1013 1679 1113 1753 atque

133 1771 331 1857 Usipetibus
348 1773 438 1859 apud
462 1796 497 1838 se
513 1773 696 1856 habebant,
719 1772 842 1838 finibus
867 1775 936 1837 suis
961 1795 1113 1837 excesse-

133 1885 210 1940 rant
235 1898 362 1961 suaque
386 1877 497 1942 omnia
522 1885 786 1962 exportaverant
814 1896 915 1960 seque
938 1877 972 1938 in
997 1874 1112 1938 solitu-

136 1978 246 2043 dinem
270 2001 311 2044 ae
335 1979 440 2044 silvas
464 1980 679 2045 abdiderant.

223 2081 271 2147 19.
302 2081 430 2147 Caesar
452 2104 578 2168 paucos
604 2082 675 2148 dies
699 2083 733 2146 in
757 2103 870 2146 eorum
899 2080 1022 2145 finibus
1045 2102 1113 2145 mo-

134 2194 229 2250 ratus
254 2186 408 2251 omnibus
432 2187 517 2251 vicis
541 2185 770 2271 aedificiisque
799 2187 947 2250 incensis
969 2185 1114 2249 frumen-

134 2294 245 2376 tisque
275 2293 416 2356 succisis
447 2314 482 2356 se
512 2293 546 2355 in
568 2291 652 2356 fines
675 2289 839 2357 Ubiorum
862 2290 989 2375 recepit
1012 2297 1114 2373 atque

135 2397 176 2460 iis
202 2394 365 2459 auxilium
389 2417 485 2460 suum
507 2394 695 2480 pollicitus,
726 2395 755 2460 si
777 2392 821 2459 ab
845 2393 965 2459 Suebis
987 2414 1113 2478 preme-

114 2507 261 2579 arentur,
285 2498 368 2561 haec
393 2496 436 2561 ab
460 2498 501 2561 iis
525 2497 702 2580 cognovit:
731 2495 871 2579 Suebos,
893 2505 1114 2582 posteaquam

135 2622 194 2684 per
218 2598 450 2684 exploratores
473 2609 609 2684 pontem
637 2599 710 2662 fieri
738 2600 995 2685 comperissent,
1024 2622 1114 2663 more

138 2726 195 2767 suo
219 2703 363 2767 coneilio
384 2702 499 2769 habito
522 2704 659 2766 nuntios
683 2703 717 2766 in
741 2723 855 2767 omnes
879 2711 994 2788 partes
1019 2702 1114 2767 dimi-

136 2808 237 2888 sisse,
261 2809 310 2870 uti
336 2807 376 2871 de
401 2806 531 2892 oppidis
556 2806 802 2890 demigrarent,
831 2806 967 2890 liberos,
990 2828 1114 2871 uxores

137 2932 262 2995 suaque
291 2911 402 2973 omnia
431 2910 464 2972 iu
489 2908 584 2972 silvis
609 2908 831 2994 deponerent,
860 2918 962 2995 atque
989 2929 1114 2990 omnes,

136 3014 192 3097 qui
222 3035 316 3077 arma
351 3013 435 3077 ferre
468 3021 623 3098 possent,
657 3036 758 3078 unum
791 3015 823 3077 in
854 3013 964 3078 locum
994 3033 1115 3076 conve·

114 3118 263 3198 unirent,
286 3115 374 3179 hune
399 3138 473 3179 esse
491 3114 658 3180 delectum
678 3115 825 3181 medium
847 3115 917 3180 fere
939 3116 1114 3198 regionum

136 3242 260 3299 earum,
284 3240 367 3304 quas
385 3217 488 3283 Suebi
512 3218 721 3302 obtinerent,
744 3219 798 3283 hic
814 3219 1038 3284 Romanorum
1054 3216 1114 3280 ad-

135 3332 271 3388 ventum
288 3333 486 3408 exspectare
505 3332 606 3409 atque
629 3322 676 3387 ibi
694 3322 866 3388 decertare
887 3321 1116 3388 constituisse.

114 3427 235 3510 uQuod
251 3427 308 3492 ubi
326 3426 453 3493 Caesar
474 3428 647 3513 comperit,
672 3426 825 3492 omnibus
848 3424 948 3492 rebus
972 3426 1013 3490 iis
1037 3445 1114 3488 oon·

137 3533 252 3614 fectis,
287 3555 427 3618 quarum
455 3555 566 3598 rerum
595 3553 701 3596 eausa
726 3531 906 3598 traducere
928 3528 1115 3596 exereitum
