2376 3924
152 233 192 298 14
451 232 501 282 nn
521 230 641 283 annac
660 227 820 284 olomeo

254 422 303 487 19.
328 421 456 503 Quibus
480 421 580 488 rebus
603 423 759 507 cognitis,
784 443 858 488 cum
875 421 920 488 ad
936 421 996 486 bas
1014 423 1121 507 suspi-

148 530 262 593 ciones
285 527 495 594 certissimae
522 549 576 592 res
599 527 811 609 accederent,
840 525 929 613 quod
955 527 1121 613 perfines

117 696 119 701 .
149 630 378 717 Sequanorum
400 629 575 696 Helvetios
608 632 834 714 traduxisset,
868 629 958 717 quod
986 629 1121 697 obsides

148 736 308 801 intereos
325 733 455 799 dandos
472 743 636 817 curasset,
653 734 742 821 quod
758 757 797 799 ea
814 734 924 800 omnia
940 755 1006 799 non
1022 735 1121 801 modo

147 841 276 906 iniussu
293 860 351 905 suo
368 846 401 903 et
416 839 578 921 civitatis,
603 838 784 907 sedetiam
801 838 1022 904 inscientibus
1039 840 1121 925 ipsis

145 944 292 1026 fecisset,
316 941 405 1029 quod
426 964 447 1007 a
463 943 666 1025 magistratu
677 942 871 1009 Aeduorum
892 952 1121 1027 accusaretur,

147 1046 231 1112 satis
254 1068 329 1112 esse
352 1067 476 1111 causae
499 1044 745 1128 arbitrabatur,
780 1068 883 1133 quare
907 1048 941 1111 in
965 1069 1040 1112 eum
1064 1056 1122 1112 aut

121 1151 217 1236 ¹‚ipse
240 1148 540 1230 animadverteret,
570 1159 630 1216 aut
652 1151 825 1216 civitatem
849 1149 1122 1216 animadvertere

124 1253 286 1319 siuberet.
310 1253 373 1318 His
390 1251 544 1318 omnibus
559 1251 660 1318 rebus
676 1275 777 1319 unum
793 1252 1016 1340 repugnabat,
1033 1251 1123 1339 quod

144 1357 310 1423 Divitiaci
327 1357 442 1422 fratris
460 1378 621 1423 summum
638 1358 672 1421 in
685 1356 841 1443 populum
853 1356 1039 1422 Romanum
1052 1364 1123 1419 stu·
1157 1349 1159 1354 ’

147 1460 247 1543 dium,
272 1482 433 1526 summam
456 1460 490 1524 in
515 1483 550 1524 se
572 1459 791 1544 voluntatem,
816 1462 988 1544 egregiam
1011 1460 1123 1541 fidem,

117 1599 121 1605 ·
146 1566 320 1648 iustitiam,
344 1564 602 1649 temperantiam
625 1573 847 1648 cognoverat3
871 1584 961 1647 nam,
984 1587 1026 1629 ne
1050 1564 1123 1629 eius

147 1669 310 1755 supplicio
333 1667 499 1733 Divitiaci
527 1669 674 1733 animum
705 1667 902 1750 offenderet,
930 1666 1122 1734 verebatur.

124 1773 266 1859 altaque
280 1772 383 1858 prius,
399 1793 499 1857 quam
512 1769 694 1857 quidquam
709 1780 897 1853 conaretur,
913 1771 1124 1837 Divitiacum

122 1875 190 1942 ‚ad
214 1898 250 1940 se
272 1876 388 1941 vocari
412 1874 505 1940 iubet
535 1883 568 1940 et
596 1873 779 1940 cotidianis
808 1873 1048 1961 interpretibus
1071 1898 1123 1940 re·

146 1979 245 2044 motis
268 2001 327 2065 per
342 1979 378 2045 O.
390 1977 563 2044 Valerium
574 1977 766 2062 Procillum,
789 1978 974 2064 principem
987 1975 1124 2044 Galliae

146 2083 351 2168 provinciae,
374 2081 575 2148 familiarem
599 2104 704 2160 suum,
728 2082 782 2147 cui
799 2104 960 2148 summam
976 2083 1123 2150 omnium

123 2203 253 2251 srerum
281 2186 380 2252 fidem
408 2184 574 2267 habebat,
608 2207 684 2250 cum
707 2206 745 2251 eo
768 2184 986 2271 colloquitur3
1024 2185 1123 2250 simul

144 2289 409 2371 commonefacit,
433 2310 520 2375 quae
536 2289 609 2374 ipso
624 2296 805 2373 praesente
827 2289 862 2354 in
883 2288 1026 2354 concilio
1041 2287 1123 2354 Gal·

142 2393 250 2460 lorum
274 2392 315 2458 de
338 2391 546 2475 Dumnorige
570 2392 638 2456 sint
662 2390 766 2476 dicta,
796 2400 830 2457 ct
853 2391 1012 2474 ostendit,
1036 2413 1122 2478 quae

121 2498 327 2584 raeparatim
355 2495 494 2581 quisque
525 2493 566 2562 de
596 2515 634 2558 eo
666 2491 757 2579 apud
785 2515 821 2558 se
851 2493 988 2560 dixerit,
1031 2494 1122 2561 Petit

119 2610 243 2686 ..atque
265 2599 434 2679 hortatur,
470 2605 506 2662 ut
537 2597 610 2662 sine
638 2597 709 2662 eius
734 2596 916 2668 offensione
941 2598 1043 2664 animi
1066 2599 1122 2665 vel

142 2706 214 2790 ipse
238 2703 280 2768 de
296 2725 334 2767 eo
351 2722 456 2767 causa
472 2701 610 2785 cognita
627 2708 767 2781 statuat,
790 2699 844 2766 vel
861 2702 1036 2767 civitatem
1053 2711 1122 2769 sta·

143 2817 237 2873 tuere
261 2806 386 2871 iubeat.

245 2908 297 2976 20.
320 2908 512 2975 Divitiacus
536 2905 650 2973 multis
673 2929 749 2974 eum
772 2907 920 2974 lacrimis
937 2906 1121 2979 Gaesarem

142 3013 336 3099 complexus
368 3010 546 3077 obsecrare
576 3011 701 3098 coepit,
738 3034 781 3077 ne
810 3011 891 3098 quid
919 3014 1057 3097 gravius
1086 3015 1121 3080 in

120 3120 281 3184 afratrem
297 3124 478 3181 statueret:
502 3115 588 3181 scire
605 3137 641 3181 se
657 3114 717 3181 illa
733 3138 807 3182 esse
822 3137 914 3199 vera,
930 3139 992 3182 nec
1008 3140 1121 3205 quem-

144 3246 243 3309 quam
266 3247 309 3289 ex
325 3245 363 3287 eo
379 3221 454 3308 plus
471 3243 571 3308 quam
588 3244 624 3286 se
642 3220 769 3287 doloris
787 3244 919 3307 capere,
942 3229 1122 3306 propterea

143 3327 241 3415 quod,
270 3347 346 3393 cum
376 3327 449 3411 ipse
478 3326 590 3408 gratia
620 3324 798 3410 plurimum
828 3324 917 3390 domi
951 3333 1052 3410 atque
1087 3326 1123 3391 iu

142 3430 272 3517 reliqua
289 3427 415 3513 Gallia,
438 3427 495 3494 ille
513 3429 685 3495 minimum
701 3437 838 3516 propter
853 3427 1124 3495 adulescentiam

140 3544 264 3621 posset,
292 3556 353 3620 per
376 3555 412 3599 se
435 3533 616 3617 crevisset3
651 3532 771 3619 quibus
793 3532 915 3618 opibus
940 3553 981 3597 ac
1004 3533 1120 3603 nervis
1171 3540 1184 3605 'r
