2376 3924
136 225 197 291 132
313 267 315 271 ¹
457 221 507 275 nn
525 222 646 276 anuto
666 222 780 275 c1v1t1

111 434 257 500 erasque
294 416 451 479 amicitias
488 416 631 500 experiri
667 415 910 480 constituerunt.
955 416 1000 480 Et
1039 439 1121 482 cum

132 520 244 604 paucis
267 517 413 584 collocuti
429 516 597 583 clientibus
612 520 687 601 suis,
711 517 829 603 quibus
844 527 970 583 tantum
985 518 1120 585 facinus

7 628 9 633 ’
132 625 330 687 committere
346 620 520 705 audebant,
544 624 683 706 primum
699 624 804 686 conati
819 630 895 687 sunt
908 623 1119 708 praefectum

132 728 277 811 equitum
304 724 340 792 O.
364 725 565 792 Volusenum
593 725 786 808 interficere,
820 734 857 789 ut
884 735 996 811 postca
1027 725 1119 793 bello

132 830 278 896 confecto
306 832 471 916 cognitum
493 838 550 913 est,
583 837 619 893 ut
646 851 720 894 cum
748 851 881 892 munere
910 815 1017 915 aliquo
1042 854 1118 917 per-

110 934 251 1018 sfugisse
280 933 323 999 ad
344 934 535 1019 Pompeium
563 932 768 1016 viderentur3
801 941 973 1019 postquam
994 932 1029 998 id
1055 934 1118 1000 dif-
1152 952 1155 957 ·

130 1037 244 1101 ficilius
266 1039 373 1102 visum
394 1046 442 1102 est
464 1057 570 1122 neque
592 1036 728 1101 facultas
754 1037 942 1123 perficiendi
958 1037 1117 1124 dabatur,

131 1163 229 1226 quam
251 1143 410 1206 maximas
432 1150 607 1227 potuerunt
627 1143 780 1227 pecunias
803 1142 949 1223 mutuati,
972 1143 1117 1227 proinde

130 1267 169 1307 ac
203 1246 268 1308 suis
302 1231 488 1310 satisfacere
522 1254 555 1310 et
587 1245 739 1310 fraudata
775 1247 944 1309 restituere
977 1244 1116 1331 vellent,

130 1347 238 1412 multis
261 1351 416 1436 coemptis
438 1351 529 1436 equis
552 1348 595 1414 ad
610 1350 799 1434 Pompeium
821 1352 1019 1414 transierunt
1035 1373 1117 1417 cum

129 1454 177 1534 iis,
201 1474 281 1537 quos
305 1456 352 1517 sui
377 1453 497 1518 consilii
520 1453 693 1539 participes
715 1450 889 1517 habebant.

216 1558 266 1621 61.
298 1558 388 1638 Quos
416 1558 599 1642 Pompeius,
629 1554 716 1641 quod
744 1564 838 1620 erant
871 1554 1004 1621 honesto
1040 1556 1115 1624 loeo

129 1664 196 1725 nati
224 1672 257 1725 et
284 1663 432 1725 instructi
450 1659 639 1724 liberaliter
671 1680 855 1745 magnoque
888 1660 1045 1724 comitatu
1078 1668 1116 1726 et

129 1764 236 1828 multis
267 1767 417 1828 iumentis
440 1772 599 1829 venerant
620 1764 746 1848 virique
774 1762 873 1827 fortes
901 1760 1115 1830 habebantur

130 1876 161 1930 et
176 1870 209 1931 in
224 1867 346 1931 honore
364 1867 451 1952 apud
467 1864 641 1931 Caesarem
660 1866 799 1950 fuerant,
816 1865 967 1952 quodque
985 1888 1113 1933 novum

130 1981 162 2034 et
184 1980 314 2056 praeter
336 1969 601 2035 consuetudinem
623 1970 795 2053 acciderat,
820 1971 926 2034 omnia
942 1991 1001 2035 sua
1014 1992 1112 2056 prae·

107 2074 209 2138 asidia
233 2073 450 2141 circumduxit
463 2082 561 2159 atque
577 2077 759 2139 ostentavit.
784 2073 868 2138 Nam
887 2082 962 2138 ante
977 2072 1011 2138 id
1026 2082 1111 2141 tem-

128 2200 188 2263 pus
211 2200 305 2242 nemo
329 2187 385 2242 aut
406 2177 497 2242 miles
526 2185 583 2242 aut
611 2198 710 2262 eques
738 2201 757 2242 a
780 2176 920 2242 Caesare
948 2177 991 2242 ad
1013 2177 1112 2244 Pom·

128 2284 237 2368 peium
259 2284 441 2364 transierat,
472 2303 545 2346 cum
573 2303 676 2368 paene
706 2281 823 2346 cotidie
845 2304 865 2345 a
886 2281 1041 2366 Pompeio
1064 2282 1111 2349 ad

128 2385 302 2450 Caesarem
324 2387 541 2472 perfugerant,
565 2384 662 2470 vulgo
684 2407 763 2450 vcro
785 2386 928 2449 universi
949 2386 982 2448 in
1004 2385 1110 2472 Epiro

7 2484 9 2489 ’
128 2499 225 2576 atque
248 2489 376 2555 Aetolia
399 2491 571 2576 conscripti
593 2488 708 2553 milites
731 2510 908 2574 carumque
935 2490 1110 2575 regionum

106 2597 278 2678 somnium,
303 2616 386 2680 quae
409 2618 429 2658 a
450 2592 590 2659 Caesare
612 2591 815 2657 tenebantur.
840 2591 905 2659 Sed
919 2592 953 2657 hi
968 2593 1109 2678 cognitis

7 2712 9 2717 '
127 2697 274 2763 omnibus
296 2697 403 2781 rebus,
432 2719 489 2761 seu
512 2695 590 2782 quid
612 2698 645 2760 in
667 2694 896 2761 munitionibus
925 2695 1110 2782 perfectum

129 2824 195 2865 non
223 2810 303 2885 erat,
341 2823 399 2865 seu
426 2801 547 2886 quida
574 2800 779 2887 peritioribus
807 2803 854 2865 rei
883 2799 1030 2864 militaris
1051 2799 1132 2866 do·

128 2904 264 2968 siderari
291 2904 474 2989 videbatur,
497 2905 761 2991 temporibusque
795 2926 905 2970 rerum
931 2912 964 2968 et
991 2905 1109 2990 spatiis

127 3008 279 3091 locorum,
309 3008 528 3073 custodiarum
549 3011 642 3073 varia
671 3008 836 3093 diligentia
864 3006 1108 3093 animadversa,

125 3121 221 3197 prout
244 3111 398 3194 cuiusque
421 3133 542 3194 corum,
577 3113 632 3196 qui
665 3113 801 3196 negotiis
835 3119 1019 3197 praeerant,
1047 3119 1110 3177 aut

125 3223 242 3279 natura
265 3222 321 3278 aut
342 3213 484 3278 studium
506 3214 641 3297 ferebat,
665 3214 746 3278 haec
769 3213 811 3279 ad
833 3215 1024 3300 Pompeium
1039 3235 1109 3282 om·

125 3320 180 3382 nia
203 3317 396 3382 detulerunt.
1042 3379 1047 3389 ,

210 3421 261 3486 62.
287 3419 413 3503 Quibus
442 3419 494 3486 ille
516 3423 651 3507 cognitis
674 3423 914 3509 eruptionisque
941 3423 1008 3487 iam
1027 3431 1109 3490 ante
1166 3502 1170 3513 Ι

126 3535 220 3611 capto
244 3526 382 3611 oonsilio,
406 3536 443 3592 ut
465 3524 721 3591 demonstratum
736 3536 794 3611 est,
810 3528 987 3612 tegimenta
999 3524 1109 3615 galei·
