2376 3924
355 254 469 304 umus
487 254 522 318 11,
542 253 619 307 car.
638 255 732 306 s-ro.
996 252 1039 318 65

56 473 95 515 ea
130 447 368 531 contignatione
401 431 515 511 rursus
548 466 710 510 summam
743 443 1039 509 contabulationem

56 555 237 636 storiasque
265 549 446 615 elevabant.
491 550 543 614 Ita
570 558 640 614 tuto
664 572 703 614 ac
725 550 794 613 sine
816 547 880 613 ullo
902 547 1061 612 vulnerer

54 681 94 721 ac
121 654 262 742 periculo
286 676 345 719 sex
372 653 518 719 tabulata
541 661 774 718 exstruxerunt
801 652 1040 736 fenestrasque,

57 759 173 845 quibus
195 760 229 822 in
251 757 327 822 locis
351 760 456 823 visum
484 766 542 840 est,
571 756 614 821 ad
637 764 798 823 tormenta
826 755 984 821 mittenda
1006 757 1040 819 in

57 861 211 928 struendo
233 860 443 945 reliquerunt.

144 967 193 1030 10.
227 964 294 1030 Ubi
316 987 359 1028 ex
381 986 420 1029 ea
442 965 533 1047 turri,
558 984 642 1048 quae
664 965 786 1028 circum
809 972 916 1028 essent
931 985 1039 1048 opera,

56 1073 140 1134 tueri
163 1091 197 1133 se
220 1090 314 1154 posse
337 1067 449 1132 confisi
472 1075 556 1150 sunt,
580 1066 762 1132 musculum
784 1067 885 1153 pedes
907 1084 954 1129 Lx
973 1066 1039 1131 lon-

56 1197 135 1259 gum
157 1196 200 1237 ex
222 1175 358 1238 materia
379 1171 533 1258 bipedali,
564 1193 661 1256 quem
683 1195 703 1236 a
724 1174 807 1237 turri
828 1172 974 1236 latericia
997 1170 1040 1235 ad

56 1279 197 1342 hostium
219 1279 334 1342 turrim
357 1298 551 1361 murumque
573 1277 799 1362 perducerent,
823 1276 931 1341 facere
953 1277 1040 1339 insti-

56 1390 204 1464 tuerunt3
236 1382 326 1445 cuius
349 1380 485 1446 musculi
507 1380 589 1446 haec
611 1389 682 1445 erat
704 1380 817 1444 forma.
860 1381 956 1444 Duae
979 1381 1062 1465 pri-a

58 1507 147 1549 mum
168 1482 278 1548 trabes
307 1485 342 1547 in
364 1483 430 1548 solo
453 1504 557 1569 aeque
578 1484 694 1568 longae
719 1484 876 1549 distantes
897 1485 983 1548 inter
1006 1506 1040 1547 se

58 1588 158 1674 pedes
183 1604 239 1653 1111
262 1587 473 1673 collocantur,
504 1590 602 1674 inque
628 1589 677 1653 ¹eis
705 1587 891 1653 columellae
921 1587 1041 1673 pedum

57 1696 90 1757 in
115 1691 317 1757 altitudinem
339 1710 362 1757 v
384 1691 579 1778 defiguntur.
624 1693 696 1757 Has
717 1695 802 1757 inter
826 1715 860 1757 se
884 1690 1062 1779 capreolisa

57 1797 144 1862 molli
172 1797 299 1883 fastigio
327 1797 541 1882 coniungrmt,
572 1797 628 1862 ubi
655 1799 761 1884 tigna,
791 1817 875 1883 quae
905 1796 1041 1862 musculi

57 1900 189 1986 tegendi
218 1922 316 1966 causa
338 1910 477 1986 ponant,
508 1900 712 1966 collocentur.
757 1902 807 1966 Eo
830 1923 928 1988 super
950 1904 1041 1987 tigna

59 2004 222 2090 bipedalia
251 2005 386 2070 iniciunt
414 2023 517 2089 eaque
545 2003 672 2069 laminis
695 2003 859 2091 clavisque
892 2004 1040 2091 religant.

58 2107 114 2172 Ad
141 2118 325 2173 extremum
353 2107 490 2173 musculi
518 2115 640 2172 tectum
668 2106 842 2195 trabesque
877 2117 1064 2173 extremasa

60 2211 236 2296 quadratas
258 2210 457 2297 regulaslm
472 2219 621 2296 patentes
644 2210 761 2297 digitos
777 2211 933 2296 defigunt,
958 2232 1041 2296 quae

58 2316 193 2398 lateres,
225 2316 280 2399 qui
308 2335 406 2400 super
436 2310 603 2401 [musculo]
632 2323 816 2399 struantur,
845 2318 1040 2382 contineant.

58 2421 110 2484 Ita
132 2419 282 2505 fastigato
306 2426 404 2503 atque
427 2418 601 2483 ordinatim
623 2428 746 2484 structo
770 2421 857 2503 tecte,
879 2429 917 2484 ut
930 2418 1063 2485 trabess

60 2532 152 2588 erant
174 2525 207 2586 in
230 2521 387 2608 capreolis
415 2521 605 2607 collocatae,
636 2521 792 2587 lateribus
820 2522 951 2610 lutoque
974 2545 1041 2590 mu-

59 2626 181 2710 sculus,
215 2635 251 2691 ut
279 2625 321 2690 ab
352 2628 435 2711 igni,
467 2628 522 2712 qui
551 2649 593 2691 ex
620 2649 713 2692 muro
742 2627 919 2712 iaceretur,
953 2637 1042 2694 tutus

60 2738 153 2814 esset,
188 2733 377 2817 contegitur.
424 2731 529 2818 Super
562 2731 680 2796 lateres
714 2732 801 2796 coria
834 2730 1063 2816 inducuntur,s

59 2857 101 2898 ne
134 2834 300 2899 canalibus
334 2855 420 2921 aqua
447 2836 592 2900 immissa
625 2834 743 2900 lateres
766 2834 889 2900 diluere
922 2846 1040 2923 posset.

60 2937 156 3005 Coria
184 2946 308 3021 autem,
342 2960 384 3002 ne
413 2959 526 3004 rursus
553 2940 621 3023 igni
649 2960 688 3003 ac
711 2936 872 3024 lapidibus
902 2962 1042 3007 corrum-

60 3052 194 3128 pantur,
229 3041 418 3109 centonibus
452 3051 677 3130 contegrmtur.
727 3044 801 3109 Hoc
834 3063 914 3130 opus
947 3066 1063 3111 omnes

59 3156 182 3212 tectum
202 3148 305 3211 vineis
328 3147 372 3213 ad
400 3149 505 3233 ipsam
526 3149 643 3213 turrim
669 3147 842 3232 perficiunt
870 3145 1041 3234 subitoque

60 3249 300 3337 inopinantibus
315 3249 462 3317 hostibus
477 3251 716 3316 machinatione
731 3250 849 3334 navali,
872 3249 1042 3337 phalangis

62 3351 224 3439 subiectis,
254 3354 297 3420 ad
319 3355 436 3419 turrim
457 3353 598 3420 hostium
627 3353 812 3438 admovent,
836 3363 872 3418 ut
894 3353 1042 3418 aedificic

61 3458 225 3543 iungatur.
838 3443 839 3447 Ἰ

114 3565 193 3608 Caesar
205 3566 235 3608 11.
836 3561 852 3611 5
