2376 3924
96 225 187 275 XVIII
384 222 596 275 ADNOTATIO
617 220 763 273 CRITICA

92 419 213 478 tempus,
241 428 294 478 quo
319 414 346 462 in
366 413 449 462 tantis
467 411 600 477 angustiis
620 427 662 460 res
682 409 806 460 Caesaris
825 410 999 472 versabatur,
1026 411 1072 461 vix

92 500 122 550 id
140 505 211 562 erat,
238 500 268 549 in
287 515 339 565 quo
358 498 494 548 frumenta
511 512 595 563 prope
614 501 720 547 matura
739 511 798 546 esse
816 497 976 562 potuissent.
1006 501 1071 546 tem-

92 592 183 653 pestes
204 586 283 646 enim,
303 583 336 632 de
355 599 408 648 qua
427 583 505 632 initio
525 598 549 632 c.
561 582 594 632 48
613 586 745 644 narratur,
765 597 827 632 cum
845 586 964 632 extremo
979 597 1072 633 mense

92 674 171 723 Iunio
199 671 333 722 accidisse
364 670 470 719 dicatur
498 671 532 733 (v.
559 667 681 718 tabulam
713 668 933 733 chronologicam
959 667 1073 718 editioni

92 756 457 810 Kranero·Hofmanniauae
487 751 658 821 praefixam),
694 755 850 804 meminisse
880 768 992 804 necesse
1023 759 1072 814 est,

93 861 213 895 mensem
232 842 341 892 Iunium
361 841 416 891 dici
435 842 500 890 anni
519 840 638 891 nondum
658 841 780 901 correcti,
800 856 837 890 so.
850 841 917 902 eius,
936 841 985 905 qui
998 854 1074 890 sexa-

92 932 169 997 ginta
182 934 285 994 septem
297 927 393 978 diebus
407 928 506 976 iustam
519 927 623 977 dierum
637 928 863 992 computationem
883 927 1074 991 praecurrerit.

91 1017 156 1066 inde
175 1015 310 1080 sequitur,
334 1018 426 1062 nostro
445 1011 505 1062 loco
525 1012 558 1062 de
578 1012 739 1062 condicione
758 1018 879 1078 segetum
898 1011 1074 1078 cogitandum

93 1118 167 1166 esse,
196 1098 283 1164 qualis
311 1097 398 1148 altera
424 1103 501 1163 parte
527 1099 628 1148 mensis
648 1097 749 1164 Aprilis
773 1099 838 1148 anni
860 1097 994 1148 naturalis
1013 1113 1073 1149 esse

93 1186 170 1237 solet.
188 1185 241 1234 hoc
252 1199 317 1233 vero
335 1189 456 1248 tempore
476 1198 548 1233 nova
564 1183 701 1233 frumenta
718 1182 833 1234 multum
848 1189 921 1234 certe
934 1199 951 1233 a
963 1185 1074 1234 maturi·

92 1276 149 1323 tate
168 1271 290 1321 aberant.
308 1285 409 1334 -pro
427 1267 465 1319 ire
482 1267 623 1336 hibernis,
645 1270 716 1335 quod
734 1270 798 1319 libri
816 1269 930 1332 habent,
957 1270 990 1320 F.
1008 1270 1074 1320 Hof-

93 1373 176 1408 mann
205 1371 320 1421 eumque
348 1360 458 1405 secutus
475 1355 590 1405 Ddbner
616 1353 653 1406 ιἰι
681 1349 818 1407 acerete
847 1356 1014 1421 scripserunt
1041 1355 1075 1406 ad

94 1442 261 1494 Columellas
275 1442 364 1491 locum
376 1439 423 1508 (11,
437 1440 481 1506 21)
495 1441 670 1505 respicientes
683 1441 731 1490 ubi
744 1441 917 1505 praecipitur,
936 1447 966 1491 ut
979 1443 1075 1491 messis

93 1530 154 1593 fiat,
182 1534 327 1593 antequam
346 1543 379 1576 ex
396 1532 452 1575 toto
478 1541 564 1591 grana
587 1526 775 1587 indurescant,
804 1542 865 1576 cum
891 1526 1074 1578 rubicundum

94 1616 213 1666 colorem
231 1615 369 1674 traxerint,
387 1641 423 1650 —
441 1618 470 1662 ut
488 1614 577 1678 potius
597 1614 624 1661 in
645 1627 709 1662 area
727 1618 754 1662 et
776 1612 812 1663 ιἰι
830 1626 966 1679 acerve,
994 1629 1075 1680 quam

93 1704 122 1752 in
141 1718 206 1767 agro
226 1699 408 1765 grandescant
425 1700 568 1749 frumenta.
589 1700 679 1765 agitur
696 1699 789 1763 itaque
807 1699 860 1749 hoc
877 1700 939 1750 loco
954 1699 988 1750 de
1001 1715 1075 1751 acer·

93 1789 149 1848 vie,
177 1789 205 1835 in
231 1801 297 1850 quos
323 1791 384 1850 post
410 1786 498 1849 ipsam
525 1800 640 1835 messem
666 1785 794 1834 frumenti
812 1785 944 1850 manipuli
962 1787 1075 1852 congeri

93 1873 138 1923 vel
157 1873 243 1937 digeri
262 1871 391 1931 debeant,
410 1878 440 1920 ut
457 1871 582 1920 molliora
594 1887 687 1936 grana,
707 1875 853 1935 antequam
870 1876 1008 1932 terantur,
1029 1871 1075 1922 du·

94 1973 202 2008 rescere
228 1959 346 2021 possint,
374 1973 427 2006 non
446 1973 511 2007 vero
536 1957 568 2006 de
593 1957 712 2017 acervis,
741 1957 839 2022 quibus
866 1957 1001 2008 frumenta
1028 1975 1077 2024 per

95 2044 210 2094 hiemem
234 2045 261 2091 in
286 2043 401 2093 alterum
421 2058 523 2092 annum
546 2048 726 2093 asserventur.
757 2042 805 2093 alii
833 2041 865 2094 iae
890 2043 1017 2110 horraeis,
1045 2044 1077 2096 t'a

94 2128 171 2182 eoois
194 2127 305 2194 horale,
333 2127 365 2178 ιἰι
387 2127 485 2179 horale
508 2127 637 2181 cavernis
659 2127 1075 2192 (sicHellerPhilol.XV1111,

93 2233 119 2283 p.
138 2215 211 2280 520),
239 2214 288 2265 alii
306 2213 338 2266 ιἰι
356 2213 482 2282 Hiberis,
511 2215 560 2265 alii
577 2214 609 2265 ιῖιι
628 2214 753 2266 tabernis
772 2221 978 2281 proposuerunt.
1006 2232 1077 2281 quae

94 2318 156 2353 cum
174 2316 269 2368 parum
289 2301 439 2362 arrideant,
469 2304 544 2351 utin
563 2302 652 2366 priore
671 2301 789 2350 editione
808 2300 990 2353 exhiberetis
1010 2304 1077 2352 scri-

93 2391 158 2440 bere
187 2387 283 2450 malui,
314 2393 344 2436 nt
368 2387 504 2437 frumenta
531 2386 732 2453 significentur,
763 2403 833 2452 quae
857 2385 1016 2437 Caesariani
1045 2403 1078 2439 ex

95 2475 209 2526 Gallicis
228 2474 349 2524 hibernis
372 2475 399 2523 in
419 2474 580 2539 Hispaniam
600 2489 691 2523 secum
710 2472 885 2524 advexerant.

198 2577 220 2610 c.
240 2561 281 2623 52,
299 2561 329 2608 4:
346 2573 420 2626 ¹quo
443 2558 535 2610 octobr
554 2562 617 2610 erut
635 2557 773 2623 francardi
794 2559 889 2627 eopia,
913 2573 1002 2626 pecus
1024 2559 1078 2612 ιἰιι-

90 2644 231 2715 pel·abat]]
251 2648 351 2696 retinui
370 2647 494 2696 codicum
512 2646 658 2697 lectionem
677 2660 756 2713 que,
774 2648 931 2712 Nipperdey
943 2652 970 2699 et
982 2663 1079 2699 reeen-

92 2734 176 2783 tiores
190 2732 308 2782 editores
321 2732 487 2797 Stephanum
502 2733 589 2782 secuti
609 2731 698 2797 quod
717 2734 891 2798 scripserunt.
912 2732 961 2783 sed
974 2739 1079 2784 utrum·

95 2834 147 2884 que
176 2823 261 2880 certe,
289 2825 320 2869 ut
346 2825 373 2869 et
397 2818 561 2868 frumentum
587 2823 614 2868 et
635 2833 717 2883 pecus
736 2820 890 2880 mitterent,
917 2820 1079 2871 civitatibus

94 2905 292 2969 imperabatur,
311 2919 374 2971 quo
393 2904 485 2956 minor
497 2919 561 2957 vero
580 2903 718 2970 frameati
736 2903 818 2971 copie
835 2904 873 2957 tie
892 2909 971 2967 esset,
988 2921 1079 2973 pecus

94 2987 299 3055 imperabatur.

200 3090 222 3122 c.
241 3076 282 3135 53,
302 3078 330 3124 2:
358 3075 448 3127 oculto
472 3092 611 3130 rectore
635 3075 892 3146 fingebantur]
919 3077 1080 3147 Nipperdey

94 3174 207 3212 rancore
225 3159 450 3229 adstrepeberetur,
477 3165 568 3226 Kran,
586 3165 687 3226 Dlibn,
706 3164 789 3222 Dint,
809 3163 946 3229 Stephano
965 3170 1080 3217 auctore

94 3261 192 3299 rumor
212 3245 352 3314 odfipebat
370 3249 545 3313 scripserunt.
567 3252 740 3300 consentiunt
752 3265 817 3300 vero
829 3251 894 3300 libri
912 3251 941 3299 in
959 3250 1081 3316 simplici

94 3335 178 3384 verbo
197 3331 338 3400 strepebant
358 3338 438 3397 (unus
456 3333 476 3386 b
493 3332 595 3402 rigebat
614 3334 720 3402 hebet),
748 3336 842 3400 optimi
866 3335 935 3389 abi
955 3349 1080 3406 rumore,

95 3419 194 3484 reliqui
221 3432 317 3470 ructor
342 3419 478 3469 exhibent.
508 3421 601 3485 itaque
629 3420 713 3471 malui
737 3426 768 3470 ut
791 3423 819 3470 in
843 3424 933 3487 priore
957 3423 1081 3477 editione

94 3519 207 3557 rumore
225 3503 403 3572 fiapebaatur
423 3521 543 3556 exarare.
