2376 3924
109 243 169 308 186
403 242 514 293 BELLI
534 242 783 294 ALEXANDRlNl

108 431 221 496 ribus.
240 482 246 495 .
265 482 271 495 .
290 482 296 495 .
320 441 353 497 et
376 431 565 498 ardentibus
588 433 703 499 studiis
726 433 876 516 militum,
900 457 961 500 nec
983 436 1088 503 divul-

108 544 185 619 gata
207 533 354 600 Caesaris
369 535 508 601 hortatio
524 535 678 622 subsequi
692 537 854 622 legionum
869 546 926 602 aut
940 537 1090 606 laborem

109 648 165 704 aut
187 639 354 725 pugnandi
376 648 503 724 poterat
531 640 756 726 cupiditatem,
787 638 833 727 nt]
856 643 959 727 magis
981 629 1097 709 deterss

108 743 201 808 rendi
224 753 257 808 et
279 743 464 809 continendi
487 767 507 808 a
529 743 804 830 periculosissimis
828 754 940 811 essent
954 746 1088 812 dimica-

109 848 248 913 tionibus
272 869 371 933 quam
393 848 547 913 incitandi
570 847 612 912 ad
635 849 856 935 pugnandum.

196 951 246 1015 23.
263 950 489 1033 Alexandrini,
506 972 580 1016 oum
595 953 758 1017 Romanos
774 962 806 1017 et
822 953 972 1018 secundis
987 953 1089 1020 rebus

110 1056 294 1120 confirmari
317 1064 350 1120 et
372 1054 517 1120 adversis
540 1056 667 1119 incitari
690 1055 838 1120 viderent
861 1078 966 1142 neque
986 1057 1090 1123 ullum

110 1158 184 1223 belli
213 1160 342 1223 tertium
365 1180 476 1223 casum
502 1168 648 1239 nossent,
684 1181 747 1244 quo
775 1169 906 1245 possent
936 1182 1006 1226 esse
1035 1164 1089 1227 fir·

111 1266 236 1347 miores,
253 1273 288 1328 ut
303 1266 488 1329 coniectura
500 1265 653 1348 consequi
665 1285 844 1348 possumus,
860 1273 917 1330 aut
931 1265 1090 1332 admoniti

111 1392 131 1433 a
153 1369 238 1455 regis
261 1369 383 1450 amicis,
407 1369 462 1453 qui
485 1369 518 1431 in
542 1365 690 1432 Caesaris
713 1376 806 1432 erant
828 1368 1008 1454 praesidiis,
1031 1379 1090 1434 aut

112 1494 168 1537 suo
193 1474 299 1557 priore
323 1471 451 1536 consilio
475 1493 533 1557 per
554 1470 693 1535 occultos
716 1474 845 1536 nuntios
866 1475 936 1557 regi
951 1472 1090 1558 probato

112 1577 235 1663 legatos
264 1576 306 1641 ad
329 1575 503 1642 Caesarem
525 1577 697 1656 miserunt,
721 1584 757 1640 ut
779 1575 954 1640 dimitteret
976 1597 1091 1662 regem

92 1683 315 1767 rtransireque
337 1680 380 1746 ad
402 1702 477 1745 suos
492 1688 673 1765 pateretur:
696 1687 844 1764 paratam
859 1680 945 1742 enim
960 1701 1091 1744 omnem

112 1784 350 1849 multitudinem
383 1805 452 1848 esse
487 1781 667 1848 confectam
695 1780 802 1847 taedio
831 1781 956 1868 puellae
978 1781 1091 1848 fiduci-

113 1890 180 1952 ario
219 1910 335 1972 regno,
374 1885 589 1952 dominatione
629 1885 849 1951 crudelissima
887 1886 1091 1966 Ganymedis

114 1993 221 2056 t'acere
249 1990 298 2072 id,
329 1988 415 2075 quod
437 2011 497 2053 rex
520 1991 726 2075 imperasset3
761 2010 825 2074 quo
852 1991 879 2054 si
901 1997 1034 2055 auctore
1056 1992 1092 2055 in

114 2093 263 2158 Caesaris
285 2093 384 2158 fidem
406 2095 643 2179 amicitiamque
672 2095 800 2158 venturi
822 2101 944 2175 essent,
973 2091 1091 2158 nullius

116 2198 248 2284 periculi
270 2202 419 2264 timorem
441 2198 637 2263 multitudini
659 2198 728 2263 fore
750 2196 997 2282 impedimento,
1026 2219 1091 2282 quo

115 2304 220 2367 minus
243 2323 277 2366 se
301 2301 466 2367 dederent.

201 2406 252 2470 24.
291 2405 426 2489 Caesar,
461 2407 521 2470 etsi
554 2403 701 2469 fallacem
734 2413 865 2490 gentem
898 2426 1092 2491 semperque

116 2511 179 2575 alia
201 2512 406 2595 cogitantem,
435 2508 497 2573 alia
520 2507 723 2573 simulantem
745 2506 829 2572 bene
852 2509 1014 2593 cognitam
1036 2507 1091 2574 ha·

116 2613 230 2696 bebat,
265 2622 374 2678 tamen
413 2611 596 2698 petentibus
635 2610 714 2676 dare
746 2613 876 2677 veniam
909 2611 987 2678 utile
1021 2633 1092 2677 esse

96 2719 237 2799 ²statuit,
261 2716 358 2801 quod,
382 2718 408 2780 si
425 2719 495 2800 'quo
518 2724 612 2801 pacto
636 2716 792 2780 sentirent
813 2738 861 2798 ea,
886 2737 970 2800 qnae
985 2725 1092 2802 postu-

117 2822 230 2903 larent,
254 2844 443 2886 mansurum
464 2824 497 2886 in
518 2820 583 2886 fide
608 2820 774 2885 dimissum
793 2842 905 2906 regem
926 2819 1092 2905 credebat,

118 2928 183 3007 sin,
218 2924 250 2988 id
280 2925 367 3010 quod
400 2928 504 3010 magis
537 2925 664 2990 illorum
696 2933 834 2989 naturae
868 2924 1092 3008 conveniebat,

118 3028 235 3092 ducem
262 3029 305 3092 ad
332 3027 452 3094 bellum
479 3028 658 3113 gerendum
685 3050 797 3114 regem
818 3029 940 3095 habere
962 3027 1093 3112 vellent,

118 3130 316 3219 splendidius
344 3141 441 3215 atque
469 3132 633 3197 honestius
662 3155 696 3196 se
725 3141 838 3198 contra
859 3155 972 3218 regem
994 3154 1094 3219 quarn

119 3245 231 3302 contra
259 3259 478 3301 convenarum
505 3260 544 3303 ac
572 3238 782 3321 fugitivorum
809 3259 941 3303 manum
973 3234 1094 3301 bellum

97 3364 189 3407 aesse
211 3350 387 3427 gesturum.
432 3341 548 3427 Itaque
569 3364 682 3426 regem
704 3342 899 3424 cohortatus,
922 3349 958 3406 ut
981 3361 1093 3405 consu·

118 3447 199 3511 leret
220 3468 320 3531 regno
336 3453 481 3531 paterno,
505 3455 654 3530 parceret
667 3445 942 3532 praeclarissimae
957 3445 1094 3531 patriae,

120 3571 202 3634 quae
232 3548 380 3634 turpibus
413 3546 569 3614 incendiis
602 3559 635 3613 et
662 3550 762 3614 ruinis
790 3556 875 3612 esset
902 3547 1094 3630 deformata,
