2376 3924
159 228 200 292 66
462 225 512 278 os
530 224 650 280 sunno
674 223 832 275 esnmoo

158 417 299 482 hiberna
316 414 457 480 oonsilio
473 414 608 481 venisse
624 414 833 498 meminerat,
854 413 931 478 aliis
949 416 1138 479 occurrisse

158 520 408 604 robusviderat,
421 521 567 586 maxime
574 520 732 584 frumenti
745 528 1016 605 commeatusque
1024 519 1114 606 inopi
1119 544 1138 584 a

160 634 329 710 permotus
352 633 486 710 postero
517 623 571 688 die
600 622 752 688 omnibus
776 624 847 687 eius
876 624 942 686 vioi
972 623 1138 688 aedificiis

138 729 307 793 sineonsis
330 729 364 792 in
387 728 597 814 provinciam
620 727 744 792 reverti
767 726 953 810 contendit,
981 747 1021 791 ao
1045 727 1138 792 nullo

159 833 255 897 hoste
288 832 487 918 prohibente
520 840 577 897 aut
611 833 676 896 iter
711 831 904 897 demorante
937 831 1139 897 ineolumem

158 934 325 1020 legionem
342 937 375 1000 in
391 935 596 1017 Nantuates,
614 933 692 1000 inde
708 935 742 998 in
760 933 961 1017 Allobroges
978 934 1138 1019 perduxit

158 1038 271 1125 ibique
293 1037 464 1104 hiemavit.

247 1140 274 1207 7.
296 1140 360 1206 His
384 1141 484 1206 rebus
515 1143 639 1226 gestis,
668 1164 743 1206 oum
772 1140 925 1206 omnibus
955 1139 996 1205 de
1025 1144 1137 1207 causis

161 1243 1137 1332 ansarpacatamGalliamexistimaret,superatisBelgis,

161 1351 311 1436 expulsis
329 1347 518 1432 Germanis,
535 1350 636 1414 vietis
653 1350 687 1413 in
704 1347 847 1435 Alpibus
865 1346 1020 1432 Sedunis,
1037 1359 1138 1434 atquo

160 1455 209 1520 ita
233 1455 318 1518 inita
341 1453 449 1518 hieme
473 1454 507 1517 in
531 1451 704 1538 lllyrioum
726 1452 895 1538 profectus
920 1461 1025 1536 esset,
1049 1454 1138 1538 quod

161 1581 218 1622 eas
243 1578 373 1643 quoque
395 1558 551 1622 nationes
576 1554 671 1620 adire
695 1565 729 1621 et
751 1556 907 1639 regiones
931 1576 1138 1639 eognosoero

138 1659 307 1743 avolebat,
324 1659 471 1725 subitum
486 1658 611 1724 bellum
628 1660 661 1723 in
679 1657 793 1724 Gallia
810 1667 960 1724 coortum
977 1669 1038 1725 est.
1055 1661 1137 1726 Eius

161 1764 241 1829 belli
265 1765 349 1830 haee
373 1764 573 1829 fuitoausa.
604 1762 743 1829 Publius
767 1762 911 1830 Crassus
936 1764 1138 1830 adulescens

161 1890 236 1933 eum
259 1867 392 1951 legione
423 1867 564 1952 septima
592 1867 763 1952 proximus
793 1889 885 1932 mare
909 1867 1080 1932 Oceanum
1103 1869 1138 1933 in

139 1970 316 2038 sAndibus
333 1970 509 2037 hiemaret.
533 1971 577 2054 Ia,
599 1970 689 2056 quod
710 1973 744 2035 in
768 1971 818 2035 his
837 1970 921 2036 loois
941 1971 1055 2057 inopia
1070 1971 1137 2036 fru-

80 2137 83 2141 ,
161 2076 264 2140 menti
278 2083 362 2159 orat,
374 2072 1138 2160 praefectostribunosquemilitumoomplures

139 2180 195 2243 sin
211 2179 372 2249 finitimas
389 2179 547 2243 civitates
564 2177 722 2242 frumenti
739 2199 843 2243 oausa
861 2178 1005 2263 dimisit3
1022 2201 1086 2265 quo
1103 2180 1138 2244 in

161 2304 297 2348 numero
327 2292 377 2347 est
400 2282 497 2348 Titus
520 2281 736 2347 Terrasidius
765 2283 887 2347 missus
917 2284 951 2348 in
981 2284 1139 2368 Esuvios,

160 2386 295 2451 Marous
312 2385 455 2452 Trebius
472 2384 592 2452 Gallus
610 2387 644 2451 in
661 2384 896 2472 Ouriosolitas,
912 2387 1056 2470 Quintus
1073 2389 1138 2455 Ve-

160 2487 271 2554 lanius
295 2511 370 2554 oum
393 2489 471 2555 Tito
496 2489 578 2554 Silio
602 2491 636 2554 in
659 2489 818 2556 Venetos.

247 2592 277 2658 8.
301 2594 410 2659 Huius
434 2603 486 2660 est
509 2595 660 2660 civitatis
677 2594 777 2680 longe
792 2595 1000 2682 amplissima
1024 2607 1137 2664 auoto-

160 2698 245 2763 ritas
269 2699 375 2763 omnis
399 2720 478 2763 orae
494 2699 683 2765 maritimae
702 2700 878 2783 regionum
901 2724 1025 2786 earum,
1050 2703 1139 2789 quod

161 2811 195 2867 et
212 2823 316 2866 navas
332 2799 460 2867 habent
475 2801 598 2866 Veneti
618 2802 791 2889 plurimas,
811 2803 931 2891 quibus
954 2805 988 2870 in
1003 2805 1138 2872 Britan·

160 2905 252 2970 niam
279 2906 443 2989 navigare
466 2915 684 2989 consuerunt,
713 2916 745 2971 et
774 2908 917 2973 seientia
947 2916 1047 2993 atque
1075 2931 1139 2973 usu

162 3010 373 3074 nauticarum
389 3031 501 3074 rerum
516 3008 662 3094 reliquos
679 3010 884 3077 antecedunt
908 3022 941 3078 et
964 3013 999 3077 in
1014 3033 1139 3096 magno

162 3114 287 3197 impetu
293 3113 395 3178 maris
403 3122 504 3198 atque
512 3122 638 3199 aperto,
650 3115 766 3199 paucis
774 3114 927 3200 portibus
940 3116 1139 3199 interiectis,

162 3238 245 3302 quos
268 3225 384 3283 tenent
406 3218 481 3302 ipsi,
506 3239 618 3282 omnes
635 3217 715 3303 fere,
739 3219 795 3305 qui
819 3240 857 3284 eo
880 3220 965 3284 mari
988 3220 1038 3285 uti
1059 3241 1139 3286 oon·

140 3330 311 3404 aruerunt,
333 3320 461 3387 habent
481 3320 678 3406 vectigales.
701 3320 755 3388 Ab
779 3322 831 3388 his
852 3323 891 3388 fit
912 3325 1045 3391 initium
1059 3328 1138 3393 reti·

161 3425 263 3491 nendi
292 3424 368 3491 Silii
397 3434 499 3511 atque
521 3425 675 3509 Valenti,
705 3425 794 3513 quod
821 3449 881 3513 per
911 3449 967 3494 eos
997 3451 1075 3496 suos
1104 3452 1140 3497 se

161 3528 306 3613 obsides,
324 3551 405 3615 quos
413 3526 537 3596 Crasso
551 3528 735 3615 dedissent,
748 3540 1005 3617 recuperaturos
1022 3533 1140 3599 existi·
