2376 3924
149 222 210 287 164
473 221 662 274 assumo
682 222 840 274 snnmoo
942 297 948 302 ν

125 413 289 481 sufferret.
313 413 423 477 Trans
434 413 586 478 Rhenum
599 413 644 478 ad
656 410 841 479 Germanos
853 415 1006 500 pervenit
1023 414 1124 496 fama,

149 517 248 603 diripi
270 516 445 582 Eburones
477 526 579 604 atque
609 517 699 583 ultro
733 539 847 584 omnes
884 518 930 583 ad
963 518 1125 604 praedam

126 623 294 688 revocari.
319 619 453 706 Cogunt
477 623 626 707 equiturn
650 621 831 688 duomilia
855 620 1045 706 Sugambri,
1068 623 1125 708 qui

149 735 226 792 sunt
254 727 406 811 proximi
425 726 557 809 Rheno,
592 748 612 790 a
641 725 761 812 quibus
790 736 942 812 receptos
972 749 1016 791 ex
1044 726 1126 808 fuga

127 831 331 898 eTencteros
355 839 456 915 atque
471 829 629 916 Usipetes
655 853 755 917 supra
773 830 958 897 docuimus
1002 830 1126 895 Trans-

150 944 229 999 eunt
251 934 403 998 Rhenum
426 933 571 999 navibus
594 934 794 1020 ratibusque
822 935 966 1018 triginta
989 934 1126 1000 milibus

149 1060 307 1124 passuum
331 1037 420 1102 infra
444 1059 519 1102 eum
543 1036 663 1122 locum,
686 1037 744 1103 ubi
766 1060 851 1123 pons
868 1047 942 1104 erat
957 1038 1127 1124 perfectus

149 1142 421 1228 praesidiumque
450 1163 470 1206 a
498 1139 646 1207 Caesare
676 1141 846 1225 relictum3
886 1143 1009 1228 primos
1036 1141 1127 1206 Ebu·

150 1268 267 1311 ronum
289 1247 372 1310 fines
397 1245 540 1330 adeunt3
561 1245 684 1311 multos
706 1268 749 1311 ex
770 1246 852 1329 fuga
876 1245 1046 1332 dispersos
1071 1267 1128 1310 ex-

150 1352 296 1436 cipiunt,
324 1372 447 1433 magno
470 1351 603 1436 pecoris
626 1373 781 1435 numero,
810 1352 906 1416 cuius
937 1357 1013 1416 sunt
1037 1351 1128 1434 cupi·

152 1454 282 1518 dissimi
297 1453 446 1538 barbari,
469 1455 653 1541 potiuntur.
677 1455 820 1520 Invitati
842 1453 972 1540 praeda
994 1453 1129 1536 longius

130 1557 349 1643 rprocedunt.
393 1558 469 1623 Non
493 1558 552 1623 hos
581 1556 679 1643 palus
703 1560 738 1623 in
761 1557 850 1623 bello
874 1557 1129 1642 latrociniisque

151 1672 266 1745 natos,
295 1684 362 1728 non
393 1660 499 1727 silvae
528 1671 712 1728 morantur.
759 1661 888 1742 Quibus
919 1663 954 1726 in
976 1660 1061 1727 locis
1086 1661 1130 1725 sit

153 1765 295 1848 Caesar,
326 1787 369 1830 ex
398 1766 542 1850 captivis
573 1775 753 1853 quaerunt,
786 1768 973 1851 profectum
996 1765 1129 1850 longius

152 1872 323 1957 reperiunt
353 1891 548 1955 omnemque
577 1871 761 1960 exercitum
785 1870 984 1936 discessisse
1007 1889 1130 1951 cogno·

131 1984 262 2041 escunt.
300 1977 411 2059 Atque
434 1996 520 2040 unus
545 1996 588 2038 ex
611 1975 768 2059 captivis,
786 1971 883 2061 ‘quid
905 1969 985 2056 vos’‚
1009 1973 1130 2058 inquit,

148 2075 249 2143 ‘hanc
272 2080 429 2143 miseram
452 2100 493 2143 ac
516 2086 650 2143 tenuem
674 2079 850 2144 sectamini
866 2077 1037 2163 praedam,
1061 2077 1132 2161 qui·

153 2182 217 2247 bus
240 2182 320 2247 licet
350 2183 419 2247 iam
447 2204 520 2247 esse
548 2182 850 2248 fortunatissimis?
894 2181 1017 2247 Tribus
1040 2179 1132 2247 horis

154 2286 368 2352 Aduatucam
390 2287 507 2352 venire
528 2288 688 2372 potestis:
721 2286 786 2352 huc
816 2307 930 2351 omnes
959 2305 1037 2350 suas
1067 2284 1133 2351 for·

133 2400 254 2456 etunas
272 2392 442 2456 exercitus
458 2392 683 2456 Romanorum
700 2390 861 2473 contulit3
877 2388 1042 2476 praesidii
1056 2398 1133 2454 tan-

154 2505 225 2559 tum
241 2503 303 2576 est,
331 2505 369 2560 ut
395 2517 437 2560 ne
462 2517 575 2561 murus
603 2496 737 2582 quidem
759 2497 852 2578 cingi
874 2495 996 2581 possit,
1025 2514 1135 2579 neque

122 2619 147 2657 ιο
156 2600 334 2684 quisquam
357 2598 474 2683 egredi
497 2608 594 2665 extra
611 2600 813 2664 munitiones
830 2597 976 2663 audeat'.
1007 2596 1134 2663 Oblata

141 2724 216 2786 ,spe
229 2700 400 2785 Germani,
417 2724 515 2788 quam
533 2704 627 2768 nacti
646 2712 743 2768 erant
755 2701 927 2788 praedam,
950 2700 1135 2766 inocculto

157 2807 368 2893 relinquunt,
392 2807 456 2891 ipsi
472 2806 688 2872 Aduatucam
711 2805 921 2871 contendunt
942 2807 996 2871 usi
1020 2804 1137 2871 eodem

159 2911 253 2993 duce,
277 2913 372 2977 cuius
395 2911 479 2978 haec
503 2911 628 2976 indicio
652 2920 894 2995 cognoverant.

244 3013 295 3080 36.
329 3013 466 3099 Cicero,
495 3016 551 3100 qui
581 3036 694 3081 omnes
724 3016 912 3101 superiores
937 3014 1009 3080 dies
1040 3036 1136 3100 prae·

159 3121 267 3205 ceptis
292 3118 449 3186 Caesaris
485 3142 559 3185 curn
594 3141 721 3185 summa
751 3119 931 3203 diligentia
954 3117 1078 3183 milites
1101 3119 1137 3182 in

160 3226 282 3292 castris
306 3227 529 3291 continuisset
559 3247 598 3291 ac
620 3248 664 3290 ne
687 3224 839 3290 calonem
862 3221 997 3310 quidem
1026 3243 1137 3307 quem-

161 3353 261 3417 quam
274 3340 371 3396 extra
383 3332 603 3396 munitionem
617 3329 733 3415 egredi
749 3351 870 3415 passus
883 3336 982 3411 esset,
997 3327 1138 3412 septimo

161 3437 217 3502 die
247 3435 403 3501 diffidens
434 3434 476 3501 de
503 3455 642 3500 numero
669 3433 799 3499 dierum
827 3430 1008 3497 Gaesarem
1037 3429 1139 3496 fidem

161 3550 389 3623 servaturum,
428 3539 517 3625 quod
549 3539 683 3622 longius
718 3558 935 3625 progressum
964 3535 1139 3624 audiebat,
