2376 3924
161 231 221 293 122
485 229 534 280 DE
555 228 675 279 Bnnno
695 226 807 279 CIVILI

158 442 223 506 qua
256 419 306 483 ille
335 420 476 483 maxime
505 417 592 505 apud
625 427 755 483 exteras
788 419 934 485 nationes
968 420 1027 485 niti
1048 420 1139 486 vide-

157 523 264 606 batur,
286 523 454 605 minueret,
478 543 551 586 cum
573 521 661 586 fama
675 534 735 607 per
757 520 868 586 orbem
890 531 1053 589 terrarum
1069 546 1139 611 per-

159 625 350 710 crebuisset,
384 627 473 691 illum
500 649 520 691 a
548 625 687 691 Caesare
716 625 856 692 obsideri
885 649 990 714 neque
1014 628 1138 699 audere

159 731 277 816 proelio
301 731 463 795 dimicare.

244 834 295 900 44.
325 836 497 921 Pompeius
519 854 625 919 neque
648 857 668 898 a
689 835 772 899 mari
787 834 1061 922 Dyrrhachioque
1078 837 1140 902 dis-

159 938 275 1002 cedere
300 937 441 1020 volebat,
472 936 559 1022 quod
590 958 717 1001 omnem
740 945 933 1022 apparatum
954 935 1039 1024 belli,
1063 941 1139 1025 tela,

159 1063 260 1124 arma,
283 1049 443 1106 tormenta
465 1040 510 1106 ibi
533 1040 746 1107 collocaverat
768 1041 1031 1128 frumentumque
1047 1066 1139 1109 exer-

160 1147 236 1210 citui
268 1144 407 1210 navibus
441 1144 666 1230 supportabat,
700 1165 805 1230 neque
839 1147 1032 1211 munitiones
1062 1146 1141 1213 Cae-

160 1252 240 1314 saris
263 1248 435 1335 prohibere
457 1257 593 1335 poterat,
617 1250 677 1314 nisi
700 1248 820 1334 proelio
843 1248 1011 1314 decertare
1026 1251 1140 1336 vellet3

139 1354 246 1438 aquod
269 1376 307 1418 eo
330 1363 474 1440 tempore
497 1362 655 1419 statuerat
675 1375 740 1418 non
763 1374 833 1418 esse
855 1352 1050 1419 faciendum.
1080 1356 1141 1422 Re·

160 1456 381 1542 linquebatur,
415 1468 451 1523 ut
484 1465 666 1521 extremam
699 1458 858 1521 rationem
890 1456 965 1521 belli
999 1478 1141 1543 sequens

160 1583 259 1646 quam
289 1563 441 1648 plurimos
465 1561 560 1626 colles
589 1570 762 1646 occuparet
785 1570 818 1625 et
840 1582 937 1646 quam
967 1559 1141 1627 latissimas

159 1669 307 1750 regiones
330 1665 498 1752 praesidiis
520 1673 646 1729 teneret
661 1663 874 1749 Caesarisque
897 1664 1016 1750 copias,
1041 1687 1141 1750 quam

139 1772 300 1833 ³maxime
346 1777 472 1855 posset,
518 1767 701 1848 distineret3
746 1768 845 1853 idque
890 1766 1016 1833 accidit.
1082 1769 1142 1835 Ca-

159 1872 257 1938 stellis
287 1875 373 1937 enim
396 1889 499 1937 xxnn
530 1873 650 1937 effectis
673 1890 720 1936 xv
743 1871 830 1936 milia
857 1892 1012 1957 passuum
1040 1873 1142 1938 circu·

160 1979 206 2041 itu
250 1977 420 2062 amplexus
456 1975 517 2042 hoc
554 1978 657 2062 spatio
694 1974 928 2062 pabulabatur;
973 1975 1143 2062 multaque

160 2089 253 2145 erant
281 2083 366 2145 intra
396 2101 470 2144 eum
498 2079 603 2145 locum
625 2100 725 2144 manu
752 2088 837 2161 sata,
872 2076 990 2163 quibus
1012 2080 1143 2145 interim

140 2185 304 2248 riumenta
331 2193 488 2270 pasceret.
534 2182 643 2269 Atque
671 2190 708 2247 ut
735 2182 836 2246 nostri
859 2190 1018 2267 perpetua
1039 2187 1142 2249 muni·

160 2290 245 2352 tione
269 2287 485 2374 providebant
507 2284 676 2374 [perducta
699 2308 742 2350 ex
764 2283 903 2350 castellis
930 2285 965 2348 in
988 2287 1141 2371 proxima

160 2387 312 2478 castellal,
336 2414 377 2456 ne
400 2413 464 2476 quo
487 2391 555 2455 loco
578 2383 786 2476 erumperent
807 2389 997 2474 Pompeiani
1025 2413 1066 2456 ac
1088 2413 1142 2457 no

160 2502 242 2558 stros
266 2503 338 2580 post
359 2504 488 2579 tergum
503 2494 708 2558 adorirentur
731 2487 921 2579 [timebant],
943 2492 989 2557 ita
1004 2492 1049 2559 illi
1064 2497 1142 2561 inte·

159 2599 243 2661 riore
260 2601 362 2683 spatio
378 2606 552 2684 perpetuas
567 2598 760 2661 munitiones
776 2593 970 2678 efficiebant,
986 2618 1029 2661 ne
1044 2618 1142 2684 quem

160 2699 265 2765 locum
287 2704 388 2765 nostri
410 2703 532 2766 intrare
551 2709 649 2786 atque
665 2701 750 2784 ipsos
766 2721 786 2763 a
801 2707 893 2783 tergo
907 2700 1143 2767 circumvenire

138 2813 299 2888 spossent.
328 2805 392 2871 Sed
408 2805 451 2869 illi
475 2803 626 2891 operibus
649 2803 833 2884 vincebant,
857 2801 944 2886 quod
959 2811 992 2867 et
1005 2826 1142 2871 numero

160 2907 297 2971 militum
338 2909 548 2994 praestabant
587 2917 619 2973 et
655 2910 806 2972 interiore
844 2908 947 2992 spatio
983 2909 1142 2975 minorem

140 3010 329 3074 scircuitum
366 3010 539 3076 habebant.
592 3010 739 3095 Cumque
776 3019 870 3075 erant
904 3010 975 3074 loca
1008 3009 1142 3078 Caesari

161 3112 334 3198 capienda,
370 3116 429 3177 etsi
463 3113 633 3199 prohibere
660 3114 833 3199 Pompeius
866 3115 940 3177 totis
973 3117 1075 3201 copiis
1111 3125 1144 3181 et

161 3217 315 3281 dimicare
345 3240 410 3281 non
439 3221 662 3302 constituerat,
696 3227 805 3282 tamen
839 3220 904 3282 suis
938 3217 1015 3283 locis
1048 3222 1143 3305 sagit·

161 3322 259 3386 tarios
282 3321 526 3408 funditoresque
549 3323 715 3405 mittebat,
744 3344 882 3408 quornm
909 3343 1067 3408 magnum
1088 3322 1143 3389 hof

140 3424 261 3491 rbebat
282 3448 469 3510 numerum,
492 3425 647 3512 multique
671 3450 713 3491 ex
736 3429 852 3492 nostris
875 3425 1143 3512 vulnerabantur,

162 3542 363 3616 magnusque
387 3533 564 3597 incesserat
578 3533 673 3596 timor
689 3532 890 3616 sagittarum,
915 3538 1015 3616 atquc
1030 3551 1145 3597 omnes
