2376 3924
378 239 489 289 LIBER
507 239 528 299 Ι,
548 239 625 289 GAP.
645 240 753 289 17-20.
1018 238 1058 304 15

78 432 190 512 tesque
225 427 267 492 ab
300 450 377 512 rege
400 429 518 492 Norico
552 431 679 493 circiter
710 445 781 493 000.
829 431 976 512 Quorum
1004 428 1058 493 ad·

78 539 178 594 ventu
201 531 302 595 altera
325 537 431 595 castra
454 531 495 595 ad
519 531 654 596 alteram
677 532 786 617 oppidi
809 542 935 616 partem
952 535 1058 618 ponit3

78 633 127 696 his
151 637 264 697 castris
280 632 453 699 Curionem
476 636 639 719 praefecit.
668 634 812 719 Reliquis
835 633 950 699 diebus
973 638 1080 720 oppio

79 735 156 799 dum
178 736 262 801 vallo
285 736 487 822 castellisque
511 740 744 801 circumvenire
775 740 919 801 instituit.
961 737 1059 802 Ouius

79 842 183 924 operis
216 843 359 905 maxima
395 850 487 926 parte
521 841 636 904 effecta
670 841 784 905 eodem
818 840 884 903 fere
915 849 1059 925 tempore

79 945 166 1006 missi
190 967 209 1006 a
232 944 386 1029 Pompeio
409 952 626 1007 revertuntur.

168 1047 216 1110 19.
248 1048 381 1111 Litteris
415 1047 564 1132 perlectis
594 1049 756 1111 Domitius
791 1047 993 1112 dissimulans
1026 1050 1060 1112 in

78 1150 208 1215 consilio
232 1153 420 1235 pronuntiat
434 1152 623 1236 Pompeium
646 1150 792 1214 celeriter
819 1149 962 1215 subsidio
984 1173 1059 1215 ven-

78 1263 186 1316 turum
209 1255 420 1339 hortaturque
444 1276 514 1335 eos,
541 1275 582 1317 ne
605 1256 711 1316 animo
735 1253 888 1318 deficiant
912 1275 1059 1339 quaeque

78 1359 151 1420 usui
174 1357 216 1421 ad
239 1357 481 1422 defendendum
504 1356 657 1442 oppidum
680 1359 743 1423 sint
765 1367 889 1442 parent.
914 1358 988 1443 Ipse
1012 1380 1081 1422 arr

79 1481 160 1522 cano
188 1482 262 1522 cum
290 1463 401 1545 paucis
429 1459 640 1524 familiaribus
671 1462 735 1523 suis
765 1459 955 1544 colloquitur
989 1483 1060 1525 con-

80 1562 248 1648 siliumque
277 1564 375 1648 fugae
398 1585 514 1650 capere
538 1566 731 1628 constituit„
757 1562 839 1627 Cum
865 1562 973 1627 vultus
995 1564 1060 1628 Do-

79 1669 159 1730 mitii
193 1689 267 1730 eum
305 1671 447 1732 oratione
484 1689 549 1731 non
587 1669 782 1730 consentiret
818 1675 916 1751 atque
954 1670 1061 1731 omnia

78 1770 291 1854 trepidantius
320 1771 526 1856 timidiusque
554 1781 682 1856 ageret,
713 1791 812 1855 quam
842 1772 1060 1855 superioribus

79 1871 192 1937 diebus
217 1885 417 1956 consuesset,
451 1874 652 1959 multumque
682 1896 756 1939 cum
779 1877 843 1938 suis
873 1875 1061 1940 consiliandi

79 2001 177 2042 causa
206 1989 329 2044 secreto
357 1998 486 2065 praeter
516 1979 781 2043 consuetudinem
815 1979 1060 2064 colloqueretur,

80 2082 212 2146 concilia
235 2093 478 2168 conventusque
500 2084 666 2149 hominum
688 2084 830 2168 fugeret,
862 2107 914 2148 res
942 2084 1061 2149 diutius

82 2188 147 2269 tegi
176 2187 434 2272 dissimularique
462 2210 527 2251 non
554 2189 666 2272 potuit.
711 2189 884 2272 Pompeius
907 2191 992 2252 enim
1014 2211 1083 2252 ree

79 2294 266 2376 scripserat:
290 2313 360 2355 sese
381 2312 451 2355 rem
473 2293 507 2354 in
530 2312 691 2357 summum
713 2290 891 2376 periculum
907 2291 1061 2355 deductu·

79 2417 150 2458 rum
185 2417 250 2458 non
284 2416 370 2478 esse,
404 2416 510 2479 neque
545 2417 601 2458 suo
640 2394 769 2458 consilio
803 2403 859 2458 aut
899 2394 1061 2458 voluntate
1145 2408 1149 2416 '

79 2500 258 2561 Domitium
304 2520 338 2562 se
383 2499 415 2561 in
460 2497 614 2583 oppidum
651 2497 829 2561 Corfinium
874 2498 1059 2581 contulisse3

80 2602 225 2685 proinde,
253 2604 279 2666 si
303 2623 367 2685 qua
389 2601 502 2665 suisset
525 2600 670 2682 facultas,
693 2600 735 2665 ad
759 2622 792 2663 se
816 2623 889 2664 cum
913 2600 1060 2665 omnibus

79 2707 178 2790 copiis
205 2707 339 2769 veniret.
385 2704 488 2769 Idne
511 2705 582 2767 fieri
610 2713 732 2789 posset,
767 2703 932 2768 obsidione
961 2713 1060 2788 atque

79 2807 188 2891 oppidi
212 2810 512 2872 circummunitione
536 2806 644 2870 fiebat.

166 2911 217 2974 20.
241 2912 418 2997 Divulgato
434 2913 568 2976 Domitii
591 2911 721 2975 consilio
743 2911 868 2994 milites,
892 2914 1062 2996 quierant

80 3014 223 3096 Corfinii,
247 3017 350 3100 prima
373 3016 501 3100 vesperi
524 3016 736 3079 secessionem
752 3015 874 3079 faciunt
896 3024 994 3099 atque
1016 3018 1062 3079 ita

79 3121 164 3183 inter
186 3141 220 3182 00
247 3141 305 3204 per
334 3119 480 3184 tribunos
508 3117 644 3182 militum
667 3121 934 3202 centurionesque
964 3128 1061 3203 atque

79 3224 319 3289 honestissimos
343 3226 392 3288 sui
422 3226 550 3309 generis
584 3223 822 3307 colloquuntur:
858 3221 998 3286 obsideri
1026 3241 1082 3283 ser

80 3350 100 3391 a
133 3326 289 3409 Caesare,
328 3349 426 3412 opera
459 3329 715 3411 munitionesque
750 3348 849 3412 prope
884 3346 953 3388 esse
992 3347 1061 3409 per-

81 3431 200 3515 fectas3
239 3430 356 3495 ducem
394 3452 488 3494 suum
506 3431 705 3513 Domitium,
744 3432 834 3494 cuius
868 3450 925 3514 spe
964 3437 1061 3512 atque

78 3534 198 3600 fiducia
226 3535 478 3621 permanserint,
507 3536 657 3621 proiectis
685 3532 833 3599 omnibus
860 3531 958 3616 fugae
988 3552 1060 3596 con-
