2376 3924
385 231 496 282 nrsns
514 230 575 293 vn,
596 230 673 281 cnr.
691 231 802 282 sa-os.
1020 230 1081 294 211

104 424 176 509 spei
200 421 435 488 adulescentes
458 419 671 507 Eporedorix
694 431 728 487 et
743 422 977 490 Viridomarus
1000 426 1083 491 Ver·

103 526 308 612 cingetorigi
331 533 462 611 parent.

190 629 241 695 64.
270 630 348 715 Ipse
377 631 520 716 imperat
549 628 688 716 reliquis
718 631 918 697 civitatibus
948 633 1082 700 obsides

103 734 316 820 dedendiquc
328 733 506 800 constituit
525 733 627 815 diem;
644 733 793 799 adhunc
811 757 925 801 omnes
943 740 1083 823 equites,

102 839 296 928 quindecim
318 837 413 902 milia
433 858 582 920 numero,
606 837 765 903 celeriter
779 841 962 906 convenire
979 840 1082 906 iubet.

100 944 272 1026 Peditatu,
296 962 393 1027 quem
417 949 520 1006 antea
542 940 720 1025 habuerat,
744 965 779 1007 se
802 942 873 1007 fore
889 954 1106 1011 contentum2

103 1048 197 1131 dicit,
212 1068 321 1133 neque
336 1046 506 1112 fortunam
518 1053 758 1132 temptaturum
771 1055 829 1111 aut
846 1047 881 1110 in
898 1049 971 1112 acie
989 1048 1083 1113 dimi-

101 1160 265 1234 caturum,
288 1149 358 1233 sed,
382 1150 540 1235 quoniam
563 1147 712 1215 abundet
735 1152 898 1235 equitatu,
921 1151 1083 1237 perfacile

102 1277 177 1320 esse
199 1255 295 1320 factu
317 1250 638 1317 frumentationibus
661 1251 1002 1341 pabulationibusque
1017 1256 1082 1321 Ro-

100 1379 219 1423 manos
241 1356 436 1444 prohibere,
460 1377 566 1441 aequo
589 1355 688 1421 modo
713 1359 824 1422 animo
848 1382 909 1424 sua
932 1361 997 1446 ipsi
1013 1360 1104 1425 fro-³

100 1469 215 1526 menta
237 1469 455 1548 corrumpant
478 1459 700 1546 aedificiaque
720 1461 916 1546 incendant,
946 1485 1011 1549 qua
1032 1466 1104 1530 rei4

99 1563 278 1630 familiaris
290 1566 424 1631 iactura
435 1566 816 1651 perpetuumimperium
824 1565 1082 1654 libertatemque

100 1692 137 1734 se
160 1669 319 1756 consequi
342 1667 494 1734 videant.
520 1668 584 1733 His
608 1671 805 1735 constitutis
828 1670 929 1736 rebus
952 1671 1105 1737 Aeduiss

100 1772 376 1858 Segusiauisque,
399 1772 456 1859 qui
479 1782 558 1838 sunt
577 1772 712 1837 finitimi
733 1775 940 1859 provinciae,
965 1775 1081 1841 decem

98 1877 194 1944 milia
205 1875 355 1962 peditum
367 1876 508 1962 imperat
518 1893 527 1955 ;
539 1873 708 1943 hucaddit
719 1878 847 1961 equites
856 1880 1080 1964 octingentos.

98 1983 164 2047 His
176 1980 328 2067 praeficit
344 1980 486 2046 fratrem
496 1979 739 2066 Eporedorigis
756 1979 947 2070 bellumque
962 1983 1080 2048 inferri

98 2083 341 2169 Allobrogibus
357 2083 462 2149 iubet.
486 2083 605 2150 Altera
628 2093 783 2170 exparte
799 2083 950 2152 Gabalos
966 2089 1103 2173 proxi-e

98 2209 236 2274 mosque
251 2208 358 2273 pagos
371 2186 603 2254 Arvernorum
618 2189 652 2252 in
665 2187 817 2272 Helvios,
834 2191 914 2254 item
929 2190 1079 2255 Rutenos

99 2291 338 2377 Cadurcosque
351 2291 396 2358 ad
406 2291 490 2357 fines
499 2291 683 2357 Volcarum
696 2292 966 2358 Arecomicorum
980 2294 1079 2381 depo·

97 2395 265 2483 pulandos
288 2396 403 2462 mittit.
426 2394 540 2461 Nihilo
563 2397 674 2461 minus
703 2395 927 2462 clandestinis
950 2400 1102 2463 nuntiisr

98 2498 392 2585 legationibusque
400 2497 605 2584 Allobrogas
613 2500 785 2585 sollicitat,
799 2523 938 2587 quorum
950 2512 1079 2567 mentes

97 2603 246 2669 nondum
258 2603 302 2670 ab
311 2605 483 2691 superiore
491 2603 758 2670 belloresedisse
767 2605 935 2691 sperabat.
949 2605 1101 2671 Horums

96 2706 305 2794 principibus
321 2709 493 2794 pecunias,
510 2709 643 2774 civitati
660 2717 773 2775 autem
785 2711 960 2795 imperium
973 2711 1077 2775 totius

95 2812 292 2898 provinciae
314 2809 503 2897 pollicetur.

183 2915 234 2983 65.
251 2915 307 2981 Ad
324 2916 385 2982 hos
401 2938 516 2983 omnes
532 2937 633 2983 casus
647 2916 784 3002 provisa
796 2926 893 2982 erant
904 2918 1077 3003 praesidia

94 3020 284 3088 cohortium
299 3019 441 3087 duarum
457 3029 489 3086 et
502 3020 636 3104 viginti,
653 3040 740 3106 quae
756 3042 800 3085 ex
815 3022 889 3107 ipsa
901 3024 1077 3108 provincia

95 3124 141 3190 ab
158 3124 267 3189 Lucio
290 3122 438 3191 Caesare
461 3123 576 3209 legato
601 3124 646 3190 ad
669 3146 782 3190 omnes
800 3136 915 3211 partes
933 3148 1076 3213 oppone-

94 3229 231 3295 bantur.
249 3228 365 3296 Helvii
381 3252 443 3296 sua
459 3238 580 3316 sponte
596 3251 672 3295 cum
687 3229 839 3295 finitimis
856 3230 983 3315 proelio
1000 3247 1100 3295 con-2

95 3333 206 3416 gressi
228 3331 400 3418 pelluntur
423 3342 457 3400 et
480 3329 568 3399 Gaio
583 3330 722 3398 Valerio
744 3332 981 3417 Donnotauro,
1010 3332 1077 3399 Ca·

92 3435 171 3502 buri
200 3435 281 3523 filio,
310 3438 464 3524 principe
491 3438 653 3520 civitatis,
682 3437 977 3524 compluribusque
1000 3438 1077 3503 aliis

96 3540 287 3606 interfectis
298 3543 390 3612 intra
402 3540 525 3629 oppida
537 3562 579 3608 ac
591 3563 704 3607 muros
716 3541 972 3629 compelluntur.
984 3541 1100 3609 Allo-s

880 3647 931 3700 lh*
