2376 3924
110 272 151 337 70
437 271 487 320 nn
506 270 626 322 annno
647 269 760 321 murm

108 464 216 546 copias
239 461 358 527 Petreii
380 482 454 526 cum
476 462 622 526 exercitu
644 459 772 526 Afranii
795 483 865 526 esse
889 463 1091 546 coniunctas,

108 588 229 650 magna
251 565 372 629 auxilia
395 567 593 648 convenisse,
617 587 737 650 magna
759 587 830 630 esse
852 567 885 630 in
908 588 965 652 spe
988 574 1092 653 etque

109 670 291 755 exspectari
306 678 339 734 et
351 670 531 733 consentire
543 690 672 754 omnem
683 669 864 732 citeriorem
877 670 1092 754 provinciam,

110 780 257 860 quaeque
280 781 391 857 postea
414 773 614 855 acciderant,
638 773 679 837 de
701 775 859 857 angustiis
882 773 924 838 ad
947 772 1094 839 Ilerdam

109 880 155 942 rei
177 878 418 955 frumentariae,
441 879 576 961 aceepit,
607 886 704 962 atque
726 877 809 942 haee
832 877 972 942 adeum
994 877 1094 942 latius

110 991 207 1066 atque
230 979 330 1044 inflat
308 988 371 1043 trus
394 978 550 1043 Afranius
573 979 805 1064 perscribebat,
837 1002 871 1044 se
895 1000 1025 1111 quoque
1049 980 1095 1045 ad

109 1109 162 1151 mo
163 1095 215 1149 tus
163 1084 302 1149 ttfor
289 1092 386 1147 tunae
409 1106 541 1149 movere
564 1087 678 1169 eoepit.

198 1189 247 1252 18
283 1186 400 1251 Delect
387 1197 456 1251 tum
478 1186 628 1252 habuitt
615 1197 683 1252 tota
706 1190 889 1273 provincia,
912 1187 1097 1274 legionibus

111 1291 277 1377 eompletis
310 1290 437 1355 duabus
471 1291 618 1356 cobortes
646 1294 773 1357 circiter
802 1310 874 1356 xxx
898 1293 1016 1357 alarias
1040 1291 1097 1357 ad-

113 1396 202 1461 didit.
233 1397 401 1460 Frumenti
417 1419 571 1481 magnum
587 1419 758 1462 numerum
773 1399 889 1483 coegit,
906 1395 993 1483 quod
1008 1398 1098 1463 Mas-

112 1499 309 1581 siliensibus,-
337 1501 414 1563 item
444 1499 530 1584 quod
553 1498 689 1564 Afranio
719 1502 913 1585 Petreioque
941 1502 1097 1565 mitteret.

113 1606 224 1668 Naves
256 1604 368 1688 longas
401 1620 425 1665 x
461 1603 632 1668 Gaditanis
665 1612 701 1669 ut
734 1604 879 1668 facerent
911 1606 1099 1689 imperavit,

92 1707 295 1793 scomplures
319 1715 489 1792 praeterea
505 1707 629 1792 Hispali
653 1707 820 1772 faciendas
836 1709 971 1772 curavit.
995 1709 1099 1773 Peen-

114 1814 200 1875 niam
224 1834 351 1875 omnem
375 1813 545 1896 omniaque
569 1820 759 1876 ornamenta
781 1834 824 1876 ex
846 1812 922 1876 fano
944 1812 1100 1878 Herculis

115 1917 148 1978 in
179 1914 333 1999 oppidum
356 1915 468 1980 stades
499 1916 660 1997 eontulit3·
684 1938 722 1980 eo
754 1938 813 1980 sex
837 1916 984 1980 cohortes
1006 1938 1101 2002 prae-

117 2018 188 2081 sidii
212 2040 310 2083 eausa
333 2040 376 2082 ex
399 2020 565 2104 provincia
587 2021 673 2084 misit
696 2020 880 2106 Gaiumque
901 2019 1101 2105 Gallonium,

117 2124 258 2207 equitem
280 2123 472 2204 Romanum,
501 2122 692 2186 familiarem
715 2123 860 2205 Domitii,
889 2124 944 2208 qui
967 2144 1004 2187 eo
1027 2146 1101 2209 pro-

118 2226 281 2293 curandae
297 2226 485 2290 hereditatis
508 2247 606 2290 eausa
621 2235 757 2291 venerat
777 2228 894 2290 missus
910 2250 929 2291 a
944 2227 1101 2312 Domitio,

119 2330 235 2415 oppido
265 2328 413 2394 Gadibus
443 2328 614 2413 praefecit,
650 2351 740 2393 arma
769 2331 876 2393 omnia
904 2331 1034 2415 privata
1061 2352 1103 2395 ac

98 2433 248 2519 apublica
279 2437 312 2498 in
345 2434 476 2498 domum
512 2432 650 2498 Gallonii
684 2433 825 2498 eontulit.
877 2435 952 2520 lpse
986 2432 1104 2499 hebuit

120 2559 238 2619 graves
268 2539 301 2601 in
325 2536 498 2602 Caesarem
529 2538 702 2600 contiones.
748 2538 853 2622 Saepe
882 2559 925 2601 ex
947 2536 1104 2602 tribunali

120 2640 322 2724 praedicavit
351 2640 491 2705 adversa
519 2638 694 2705 Gaesarem
723 2640 844 2725 proelia
871 2641 1002 2722 fecisse,
1036 2662 1104 2707 ma-

120 2766 220 2826 gnum
248 2766 418 2808 numerum
446 2743 488 2809 ab
517 2766 555 2809 eo
584 2744 720 2808 militum
754 2744 797 2807 ad
825 2743 999 2809 Afranium
1031 2766 1104 2831 per-

121 2847 257 2930 fugisse:
293 2845 374 2911 haee
412 2870 446 2911 se
480 2849 577 2911 certis
611 2849 746 2928 nuntiis,
787 2849 882 2912 certis
916 2846 1105 2913 auctoribus

99 2951 326 3034 reomperisse.
357 2950 483 3032 Quibus
506 2950 604 3015 rebus
627 2952 814 3036 perterritos
837 2952 924 3015 cives
939 2951 1106 3017 Romanos

123 3055 191 3117 eius
215 3053 399 3137 provinciae
418 3053 478 3118 sibi
496 3054 538 3118 ad
557 3054 790 3140 rempublicam
813 3052 1107 3121 administrandum

122 3157 180 3222 HS
204 3173 320 3220 ccxxx
349 3166 381 3219 et
409 3158 534 3241 argenti
563 3157 669 3242 pondo
699 3175 746 3221 xx
776 3158 878 3240 milia,
912 3158 1010 3223 tritici
1039 3178 1107 3225 me·

101 3261 193 3325 sdios
216 3276 285 3323 cxx
308 3260 394 3324 milia
423 3259 561 3345 polliceri
592 3263 706 3346 coegit.
753 3263 844 3343 Quas
867 3259 1000 3327 Caesari
1032 3282 1107 3327 esse

124 3367 245 3429 amicas
279 3365 426 3428 civitates
460 3363 698 3447 arbitrabatur,
736 3365 786 3428 his
820 3367 972 3450 graviore
1004 3384 1109 3431 onera

125 3467 314 3553 iniungebat
342 3467 568 3553 praesidiaque
597 3489 634 3531 eo
664 3467 847 3532 deducebat
869 3477 902 3533 et
923 3466 1044 3533 iudieiu
1072 3470 1109 3535 in

123 3573 269 3656 privatos
297 3569 472 3655 reddebat3
507 3571 563 3656 qui
589 3569 693 3636 verba
720 3579 818 3657 atque
847 3572 1026 3637 orationem
1047 3572 1109 3639 ad·
