2376 3924
379 217 490 267 LIBER
508 216 555 280 111,
576 215 653 268 onP.
673 215 782 265 18-21,
1030 213 1071 276 75

92 410 265 474 hominum
277 417 329 472 est
340 404 586 472 tortiaGalliae
603 406 841 488 existimanda,
854 427 930 469 cum
943 404 1073 469 intelle-

94 523 191 597 geret
212 513 246 576 in
264 513 306 576 iis
322 511 407 577 locis
430 509 494 576 sibi
518 509 643 575 bellum
666 508 859 592 gerendum,
880 508 938 573 ubi
955 511 1072 593 paucis

95 626 175 682 ante
211 616 311 681 annis
338 615 464 680 Lucius
488 613 646 679 Valerius
675 614 904 678 Praeconinus
940 612 1073 696 legatus

96 721 250 786 exercitu
272 718 374 805 'pulso
404 717 601 783 interfectus
631 726 736 800 esset,
766 725 867 802 atque
897 717 985 781 unde
1008 717 1074 781 Lu-

96 826 168 889 cius
185 822 323 887 Mallius
346 822 526 909 proconsul
550 821 796 908 impedimentis
814 822 947 886 amissis
964 822 1073 905 prosu-

96 930 214 1012 gisset,
231 949 298 991 non
314 926 517 991 mediocrem
534 926 599 991 sibi
617 925 828 1010 diligentiam
846 924 1074 990 adhibendam

96 1031 328 1124 intellegebat.
351 1032 471 1117 Itaque
483 1054 519 1096 re
535 1032 755 1097 frumentaria
770 1033 918 1116 provisa,
936 1031 1096 1096 auxiliisa

97 1137 317 1222 equitatuque
333 1145 538 1221 comparato,
557 1134 670 1200 multis
687 1144 864 1220 praeterea
880 1137 963 1199 viris
980 1136 1073 1199 forti-

96 1238 159 1304 bus
176 1237 302 1304 Tolosa
325 1249 358 1305 et
374 1238 543 1323 Narbone,
567 1261 652 1325 quae
669 1248 747 1303 sunt
763 1239 922 1303 civitates
940 1237 1075 1303 Galliac

97 1343 294 1425 provinciae
309 1343 482 1426 finitimae,
509 1341 563 1426 [ex
578 1342 630 1407 his
647 1340 852 1427 regionibus]
878 1342 1075 1406 nominatim

97 1448 249 1511 evocatis
280 1448 314 1511 in
338 1445 528 1512 Sentiatum
555 1446 639 1510 fines
669 1447 854 1511 exercitum
877 1445 1076 1510 introduxit.

96 1547 1098 1634 CuiusadventucognitoSontiatesmagnisoopiiseoaotisa

98 1654 327 1739 equitatuque,
335 1675 399 1740 quo
408 1654 586 1738 plurimum
594 1652 764 1737 valebant,
778 1655 812 1717 in
820 1655 940 1718 itinere
954 1675 1075 1736 agmen

98 1766 252 1822 nostrum
273 1757 384 1823 adorti
403 1759 544 1843 primum
558 1767 712 1844 equestre
728 1756 889 1844 proelium
904 1759 1077 1823 commise-

96 1869 187 1944 runt,
213 1859 333 1924 deinde
350 1862 502 1947 equitatu
518 1882 577 1925 suo
594 1860 689 1945 pulso
706 1870 807 1946 atque
823 1862 1100 1947 insequentibusa

97 1967 226 2030 nostris
251 1964 361 2030 subito
377 1965 552 2050 pedestres
569 1967 696 2050 copias,
720 1986 803 2050 quas
820 1967 854 2030 in
871 1964 1026 2030 convalle
1043 1966 1077 2029 in

98 2067 234 2134 insidiis
259 2067 522 2152 collocaverant,
546 2068 775 2133 ostenderunt.
799 2068 844 2132 Hi
861 2078 993 2133 nostros
1012 2068 1077 2132 dis-

98 2175 208 2237 iectos
233 2171 345 2237 adorti
369 2171 532 2257 proelium
556 2180 772 2237 renovarunt.

187 2273 239 2339 21.
264 2277 454 2360 Pugnatum
475 2284 527 2341 est
547 2275 604 2340 diu
623 2285 724 2361 atque
744 2277 879 2357 acriter,
903 2297 976 2341 oum
997 2273 1077 2339 Son·

100 2382 206 2444 tiates
224 2379 451 2464 superioribus
464 2380 616 2445 victoriis
629 2379 707 2444 freti
719 2381 753 2443 in
768 2402 829 2443 sua
838 2381 963 2444 virtute
974 2381 1078 2443 totius

98 2483 307 2569 Aquitaniae
324 2482 466 2548 salutem
482 2485 626 2570 positam
648 2491 816 2568 putarent,
833 2485 941 2548 nostri
957 2494 1079 2567 autem,

101 2585 185 2672 quid
202 2587 273 2650 sine
290 2588 490 2675 imperatore
507 2597 540 2653 et
557 2589 629 2652 sine
642 2586 780 2674 reliquis
793 2586 982 2670 legionibus
999 2587 1079 2651 adu·

101 2688 290 2755 lescentnlo
308 2689 393 2756 duce
409 2691 541 2755 efficere
564 2700 711 2777 possent,
735 2692 881 2776 perspici
905 2702 1079 2776 cuperent:

102 2792 242 2859 tandem
270 2794 416 2859 confecti
445 2793 642 2860 vulneribus
671 2794 785 2859 hostes
816 2805 914 2878 terga
937 2804 1078 2859 vertere.

103 2896 254 2979 Quorum
276 2918 399 2981 magno
422 2920 560 2963 numero
589 2899 767 2964 interfecto
791 2897 935 2964 Crassus
960 2923 1002 2964 ex
1025 2901 1102 2964 iti-2

103 3023 184 3065 nere
201 3000 359 3086 oppidum
379 3000 570 3066 Sontiatum
586 3022 780 3087 oppugnare
796 3004 917 3087 coepit.
948 3002 1079 3083 Quibus

102 3105 238 3169 fortiter
250 3104 485 3170 resistentibus
498 3106 616 3170 vineas
628 3114 803 3192 turresque
819 3107 898 3189 egit.
922 3106 977 3171 llli
995 3106 1103 3171 aliase

103 3209 278 3295 eruptione
294 3217 470 3293 temptata,
493 3208 579 3273 alias
602 3209 766 3275 cuniculis
790 3209 834 3273 ad
858 3230 1016 3293 aggerem
1032 3212 1080 3274 vi·

102 3334 254 3398 neasque
271 3313 369 3395 actis,
386 3312 482 3378 cuius
499 3313 548 3376 rei
564 3321 640 3376 sunt
657 3312 758 3396 longe
770 3314 965 3398 peritissimi
978 3312 1081 3397 Aqui·

101 3417 189 3500 tani,
210 3424 390 3501 propterea
409 3414 498 3501 quod
519 3415 632 3480 multis
649 3415 732 3480 locis
749 3415 839 3501 apud
856 3437 912 3480 eos
930 3418 1081 3480 aerariae

103 3528 325 3607 secturaeque
343 3528 431 3604 sunt,
454 3519 511 3585 ubi
530 3519 708 3604 diligentia
724 3528 913 3585 nostrorum
931 3519 1014 3583 nihil
1030 3521 1081 3584 his
