2376 3924
296 255 345 304 AD
363 254 465 304 GAES.
482 255 587 305 Bm
606 255 676 305 CIV.
695 256 745 307 111.
762 257 873 306 2545.
976 255 1077 305 XXXV

94 446 164 510 Apsi
180 445 301 493 flumini<
318 447 454 509 petiturae
471 445 557 494 fuisse
574 443 716 494 ridentur:
734 444 788 493 hue
806 454 880 494 certe
898 461 993 495 cursus
1011 445 1076 495 ‹liri-

96 531 202 596 gendua
227 536 300 589 erat,
327 538 357 578 ul
384 546 466 595 quam
493 531 610 595 primum
636 530 759 595 legiones
786 532 815 579 in
840 530 966 580 cnemis
987 538 1077 581 carin

95 617 278 683 pervenirent.
313 632 376 664 enm
401 632 468 665 vero
494 615 577 665 classi
603 615 711 666 Rhodia
738 632 834 666 cursus
860 617 1077 683 interciperetur,

95 719 147 752 nec
173 719 222 767 per
248 709 382 761 austrum,
410 704 457 766 qui
484 702 582 764 flabat,
609 702 644 751 ad
671 703 752 752 litora
779 701 996 767 Apolloniatium
1014 701 1076 752 reli

96 795 169 838 retro
188 789 254 837 (lare
272 788 381 839 liceret.
408 803 494 837 nares
516 789 570 853 ipsi
590 798 682 837 austro
701 789 863 838 commissae
880 796 955 838 sunt.
985 789 1077 853 itaque

94 880 161 940 puto
184 874 340 923 mandatum
364 874 449 923 fuisse
466 890 484 922 a
502 873 620 923 Caesare
638 875 757 923 Antonio
776 880 804 922 et
822 872 939 933 Caleno,
966 880 998 922 ut
1019 872 1078 926 cite

95 959 136 1012 ad
153 959 227 1025 Apsi
244 958 348 1010 octium
372 958 431 1010 sire
453 958 493 1010 od
516 957 602 1010 litora
622 957 848 1024 Apolloniatium
872 972 985 1010 aarum
1005 956 1077 1010 ‹liri-

94 1052 198 1115 pereni.

200 1165 223 1196 c.
241 1151 284 1210 26,
302 1150 333 1197 3:
360 1147 411 1200 sed
429 1147 522 1199 labore
540 1151 567 1198 ct
582 1146 795 1214 persereruuiio
814 1146 918 1200 etium
940 1147 992 1200 ritu
1012 1152 1078 1200 irtu-

93 1234 217 1302 pestotis
234 1234 369 1300 superori
383 1248 469 1300 posse
486 1231 640 1302 sperabat]
664 1249 725 1283 cum
744 1233 872 1284 meliores
890 1233 955 1284 libri
972 1238 1006 1285 et
1023 1233 1077 1286 riui

96 1327 179 1387 atque
202 1335 240 1372 su
244 1319 373 1386 peruri
396 1320 560 1384 praebcant,
587 1326 615 1368 et
639 1336 701 1368 cum
719 1328 782 1368 ante
800 1319 866 1369 vlu
884 1320 994 1383 syllaba
1011 1320 1079 1370 inu

95 1407 177 1456 facile
197 1406 320 1456 excidere
337 1407 465 1472 potuerit,
490 1404 576 1453 malui
594 1404 700 1456 etium
718 1405 838 1456 scribere
856 1420 937 1470 quam
957 1407 1078 1472 recipere

97 1491 169 1558 quod
187 1492 270 1557 vulgo
294 1491 383 1541 editur
405 1506 440 1542 se
461 1489 517 1542 eim
588 1505 773 1557 superare.
803 1491 918 1541 Diibner
938 1499 966 1541 et
983 1492 1080 1542 Dintor

96 1581 124 1629 et
146 1577 324 1627 inclusemnt.
354 1583 436 1626 antea
454 1593 515 1626 curn
533 1575 699 1642 Nipperdeio
724 1576 849 1626 codicum
872 1577 1019 1627 lectionem
1038 1592 1078 1626 re·

96 1663 239 1714 tinueram.
266 1691 302 1700 -
327 1666 351 1726 ς.
370 1663 400 1711 5:
428 1676 481 1729 ouo
505 1661 591 1714 simili
619 1667 703 1729 utorio
730 1660 881 1714 introitum
899 1660 959 1732 estfl
987 1664 1026 1713 sic
1050 1672 1078 1713 ut

96 1750 180 1798 antea
199 1749 348 1799 secundum
366 1749 509 1814 iscripsi;
536 1749 693 1814 Nipperdey
712 1758 739 1798 et
757 1750 921 1799 recentiores
940 1765 973 1798 ex
992 1763 1034 1803 at·
1053 1757 1080 1798 et

97 1835 203 1899 aliquot
221 1835 402 1884 deterioribus
422 1834 500 1885 intro
519 1838 561 1886 est
578 1834 651 1887 itum
672 1842 842 1900 receperunt
871 1834 984 1901 uulgata
1003 1840 1078 1885 cetu·

97 1922 210 1971 stiorum
229 1921 381 1972 editionum
398 1921 480 1971 lectio
498 1920 579 1973 intus
597 1925 640 1973 est
658 1919 731 1972 itum
748 1921 776 1970 in
795 1936 850 1970 uno
869 1921 967 1971 Dresd.
983 1927 1079 1975 exstat.

201 2041 224 2073 c.
242 2026 284 2085 27,
303 2027 333 2074 2:
353 2023 464 2076 domuin
484 2023 644 2093 dimisit]
674 2025 713 2075 sic
730 2025 755 2088 f,
775 2024 858 2091 vulgo
876 2023 994 2078 remisit.

200 2143 223 2176 o.
242 2128 284 2189 29,
303 2129 333 2176 2:
352 2142 387 2179 ex
405 2126 510 2194 oppido.
528 2125 623 2197 fitpitfl
642 2143 677 2180 ex
695 2127 833 2194 supplevit
851 2127 1015 2194 Nipperdey.

201 2246 224 2279 c.
242 2229 284 2290 30,
303 2231 331 2277 1:
351 2243 417 2280 itam
431 2233 641 2295 praetervectas
658 2227 837 2296 Apolloniam
852 2227 1079 2296 Dyrrhachium·

97 2330 150 2382 que
161 2329 246 2367 otovcs
260 2313 392 2366 videraut
409 2313 479 2383 [ipsi
496 2315 551 2368 iter
563 2314 718 2368 secuudum
730 2329 778 2367 eos
792 2319 870 2366 terro
883 2313 1078 2386 dircmootfll

96 2402 183 2452 verba
201 2402 307 2452 inclusa
324 2404 417 2467 spuria
434 2417 509 2465 esse,
537 2418 598 2452 cnm
622 2402 681 2468 §.3
707 2401 815 2452 demum
837 2408 973 2465 narretur,
1000 2404 1079 2454 Pom·

96 2488 190 2554 peium
216 2494 297 2553 atque
323 2488 469 2537 Caesarem
493 2490 629 2538 exercitus
659 2504 693 2538 ex
716 2490 813 2538 castris
840 2489 978 2551 eduxisse,
1006 2494 1078 2539 recte

98 2574 205 2623 monuit
221 2573 347 2623 Kraffert.

201 2693 224 2727 c.
243 2679 285 2737 35,
305 2679 334 2726 1:
357 2675 518 2743 praesidiis
541 2675 773 2729 adversariorum
793 2675 935 2743 Calydone
953 2680 979 2728 et
998 2675 1079 2728 Nou-

94 2765 182 2830 pacto
207 2761 319 2831 eiectis]
351 2763 427 2813 codd.
454 2762 561 2816 relictis
588 2765 738 2830 praebent;
768 2764 929 2814 ciacconius
956 2762 1079 2832 deiectis,

101 2848 309 2913 Oudendorpius
332 2849 443 2901 reiectis
465 2853 644 2916 scripserunt3
672 2850 837 2917 Nipperdey,
865 2865 981 2915 quocum
1000 2857 1080 2903 antea

97 2935 225 2995 feceram,
244 2950 263 2985 o
278 2935 437 3002 praesidiis
455 2964 490 2974 -
507 2935 617 2989 relictis
635 2937 727 2999 edidit,
751 2937 834 3003 idque
852 2937 883 2988 F.
897 2937 1035 2988 Hofmann
1055 2944 1081 2988 et

99 3023 214 3074 Diibner
241 3028 415 3088 receperunt3
443 3024 557 3073 Dintero
582 3024 721 3093 ciacconii
749 3022 862 3076 deiectis
889 3024 1001 3089 placuit.
1032 3024 1081 3074 setl

100 3125 189 3176 neque
212 3110 284 3161 ultro
308 3111 477 3176 Pompeiana
499 3110 637 3175 praesidia
660 3109 710 3160 illa
733 3111 857 3162 Aetoliae
881 3109 981 3176 oppida
1004 3109 1080 3163 reli·

100 3199 267 3262 querunt,
295 3211 346 3246 nec
373 3194 513 3249 deiecta
541 3202 616 3258 aunt,
645 3212 707 3247 cum
728 3196 806 3247 nulla
824 3197 989 3262 oppugnatio
1009 3204 1081 3248 estet

99 3283 189 3345 iacta,
218 3284 300 3332 immo
329 3281 444 3333 Calvisii
470 3284 589 3333 adventu
616 3284 673 3333 sine
700 3299 793 3349 pugna
820 3283 853 3332 ab
882 3283 948 3348 ipsis
974 3282 1079 3334 Aetolia

100 3367 188 3421 eiecto
207 3384 267 3418 ease
285 3369 419 3420 videntur.
450 3370 532 3420 simili
556 3370 635 3420 modo
655 3368 769 3420 Cotton
789 3368 954 3420 Caralitanis
978 3367 1080 3421 eiectus

101 3461 142 3506 eet
160 3453 198 3523 (b.
218 3471 240 3506 c.
261 3455 284 3517 1,
303 3455 345 3516 30,
364 3459 404 3520 3),
434 3461 461 3505 et
477 3463 533 3506 trae
552 3455 675 3506 cohortes
695 3470 711 3505 a
730 3454 959 3506 Carmoneneibue
979 3451 1081 3508 eiectae

101 3547 165 3592 sunt
183 3542 221 3608 (b.
241 3558 262 3594 c.
281 3545 306 3602 2,
326 3544 367 3602 19,
386 3542 419 3608 5).

904 3648 935 3697 22
