2376 3924
386 214 498 263 LIBER
515 215 564 276 111,
583 215 660 268 CAP.
678 217 789 267 53-57.
1018 221 1078 284 129

96 428 136 468 11
158 403 255 490 paulo
278 405 404 490 lougius
425 405 701 491 progrediendum
723 407 932 474 existimabat
946 408 1076 474 Caesar.

96 510 213 595 ltaque
236 531 275 574 eo
297 508 456 574 Calenum
477 512 564 575 misit
585 511 679 595 eique
702 509 859 577 Sabinum
882 523 915 577 11
931 511 1079 579 Cassium

41 623 43 629 “
97 636 172 677 oum
195 611 382 678 cohortibus
411 613 567 698 adiungit.
613 613 761 695 Quorum
783 616 911 700 cognito
933 616 1097 682 adveutu²

96 716 234 781 Rutihus
262 718 387 802 Lupus,
411 718 467 801 qui
488 715 649 781 Achaiam
671 720 787 783 missus
809 741 829 782 a
851 720 1005 805 Pompeio
1025 720 1078 786 ob·

96 821 233 903 tinebat,
267 820 428 885 Isthmum
461 824 668 906 praemunire
701 824 848 906 instituit,
882 833 918 887 ut
951 822 1078 889 Achaia

96 924 228 987 Fufium
261 923 458 1008 prohiberet.
495 923 635 989 Calenus
663 923 818 1010 Delphos,
852 924 994 1009 Thebas,
1018 929 1098 994 Ora

96 1028 291 1092 ohomenum
305 1027 472 1093 voluntate
494 1030 638 1113 ipsarum
654 1030 831 1093 civitatium
846 1032 978 1115 recepit,
1001 1052 1078 1094 uon·

95 1132 200 1197 nullas
226 1132 326 1198 urbes
352 1133 501 1218 pervim
522 1134 733 1218 expugnavit,
761 1131 902 1218 reliquas
930 1134 1077 1199 civitates

96 1238 326 1301 circummissis
348 1234 564 1321 legationibus
587 1238 728 1301 amicitia
750 1233 883 1301 Caesari
906 1235 1076 1301 ooncihare

95 1338 259 1405 studebat.
304 1341 344 1404 ln
373 1339 423 1403 his
450 1338 550 1404 rebus
571 1338 640 1404 fere
662 1348 734 1404 erat
755 1339 869 1404 Fufius
891 1350 1075 1426 occupatus.

183 1442 226 1507 55
247 1439 323 1530 [56].
348 1442 508 1511 Omnibus
530 1442 684 1528 deinceps
706 1441 821 1507 diebus
842 1441 963 1508 Caesar
985 1466 1076 1509 exer·

97 1551 198 1613 citum
219 1551 252 1612 in
275 1550 379 1612 aciem
401 1568 543 1633 aequum
564 1549 598 1612 in
620 1547 726 1611 locum
748 1546 912 1632 produxit,
935 1549 962 1611 si
984 1547 1076 1612 Pom-

96 1654 189 1738 peius
211 1650 331 1738 proelio
354 1650 524 1717 decertare
545 1650 653 1733 vellet,
676 1659 712 1715 ut
734 1673 838 1735 paene
855 1652 968 1715 1111111
983 1651 1075 1716 Pom-

97 1757 149 1841 pei
173 1754 315 1841 legiones
338 1754 514 1838 subiceret,
538 1763 729 1840 tantumque
752 1777 773 1818 a
787 1753 872 1819 vallo
888 1756 957 1819 eius
972 1757 1076 1841 prima

96 1862 182 1925 acies
215 1858 339 1943 aberat,
373 1862 420 1924 uti
443 1883 484 1925 ne
505 1860 570 1924 telo
603 1868 806 1924 tormentove
840 1857 925 1923 adici
958 1868 1075 1944 posset.

95 1966 269 2050 Pompeius
291 1972 411 2047 autem,
439 1972 476 2029 ut
497 1963 619 2028 famam
642 1964 888 2048 opinionemque
910 1961 1098 2028 hominumn

95 2076 232 2150 teneret,
266 2070 313 2133 111
345 2090 405 2153 pro
438 2068 554 2133 castris
583 2068 764 2132 exercitum
792 2064 1018 2149 constituebat,
1041 2074 1077 2131 ut

95 2173 192 2236 tertia
225 2173 312 2236 acies
341 2171 461 2237 vallum
495 2173 708 2257 contingeret,
743 2172 845 2236 omnis
878 2169 1011 2255 quidem
1032 2171 1077 2234 111-

96 2282 238 2339 structus
275 2277 439 2342 exercitus
475 2275 548 2341 telis
581 2297 625 2340 ex
657 2273 742 2338 vallo
779 2273 914 2338 abiectis
951 2275 1077 2359 protegi

96 2387 214 2464 posset.

182 2482 233 2546 11.
257 2483 351 2547 Haec
379 2505 453 2548 oum
479 2484 513 2547 in
535 2481 663 2547 Achaia
689 2489 787 2566 atque
815 2479 903 2566 apud
931 2479 1076 2565 Dyrrha-

96 2585 205 2649 chium
226 2593 426 2670 gererentur,
449 2585 697 2670 Scipionemque
719 2585 753 2647 iu
775 2582 1001 2648 Macedoniam
1023 2606 1076 2648 ve·

95 2692 181 2752 nisse
204 2697 375 2772 constaret,
408 2711 475 2754 non
497 2687 614 2753 oblitus
642 2688 768 2773 pristini
795 2687 933 2752 instituti
954 2685 1076 2753 Caesar

95 2796 193 2858 mittit
215 2793 258 2859 ad
281 2815 355 2858 eum
378 2793 419 2857 Δ.
444 2792 602 2876 Clodium,
626 2814 721 2858 suum
748 2799 847 2877 atque
875 2791 958 2856 illius
986 2791 1075 2857 fami·

95 2897 219 2980 harem,
253 2919 350 2983 quem
383 2897 426 2962 ab
459 2896 511 2962 illo
544 2897 701 2963 traditum
733 2897 822 2960 initio
856 2905 889 2962 et
917 2918 1075 2963 commen·

95 3001 209 3066 datum
231 3004 265 3066 iu
288 3023 420 3067 suorum
441 3003 700 3067 necessariorum
722 3022 856 3067 numero
886 3001 1007 3067 habere
1030 3005 1075 3068 in·

95 3107 252 3169 stituerat.
297 3105 385 3169 Huic
417 3104 475 3171 dat
507 3103 631 3170 litteras
663 3103 883 3190 mandataque
912 3106 955 3171 ad
984 3124 1097 3191 eum32

95 3230 233 3292 quorum
255 3209 337 3273 11111
360 3218 431 3273 1111
453 3230 594 3274 summa:
632 3231 702 3274 sese
725 3211 833 3274 omnia
855 3207 895 3273 de
918 3232 998 3296 pace
1021 3233 1075 3275 ex-

95 3321 224 3397 pertum
257 3311 337 3377 nihil
368 3311 477 3378 adhuc
510 3311 662 3378 arbitrari
689 3315 768 3378 11111
801 3312 924 3377 factum
952 3336 1075 3399 eorum,

95 3437 176 3501 quos
199 3439 269 3483 esse
291 3426 440 3482 auctores
463 3417 532 3482 eius
553 3419 602 3482 rei
623 3416 786 3502 voluisset,
811 3415 899 3502 quod
913 3439 972 3483 sua
987 3441 1075 3484 man·

94 3519 172 3584 data
194 3521 339 3606 perferre
362 3542 427 3586 non
451 3529 630 3608 opportuno
652 3530 797 3609 tempore
820 3521 863 3587 ad
885 3523 1075 3611 Pompeium

147 3639 232 3682 caesar.
245 3642 274 3686 n.
369 3664 372 3671 ·
927 3629 942 3678 1
