2376 3924
114 215 202 264 LXIV
417 213 627 264 ADNOTATIO
647 214 792 275 CRITICA

113 409 164 457 set
180 407 239 457 aec
258 419 297 456 rie
315 401 404 455 lecara
422 401 568 455 escasatia
585 401 719 455 realiara
736 402 856 455 baberet.
882 403 997 466 Kraner,
1014 405 1093 456 Dib-

113 507 162 542 ner
176 493 301 558 passerrt,
320 504 370 541 aec
383 524 390 539 .
401 526 425 540 ..
440 487 528 541 aliam
547 489 696 539 ediderunt.
726 490 874 555 Nipperdei
892 491 1028 556 scriptura
1045 491 1094 545 ati

112 576 175 642 terr·
192 591 249 629 999
268 590 373 642 posse
393 590 499 642 rreqae
520 575 609 628 lecara
626 576 771 628 excusatio
788 574 878 629 altari
895 575 1008 630 baberet
1026 581 1092 632 cett.

112 665 225 713 Diutero
243 664 355 729 placuit.

216 766 239 799 c.
258 751 282 812 9,
301 751 330 798 i:
357 747 420 801 bac
443 763 505 800 eam
527 747 634 801 idcirco
655 747 785 801 eaistimo
802 748 938 815 recepisse
956 748 1008 819 se]
1036 751 1093 806 bac

113 852 180 886 corr.
198 836 341 896 Davisius,
368 833 418 887 boc
437 834 514 884 codd.
532 834 643 884 habent.
665 863 700 874 -
724 850 758 887 se
780 841 842 901 post
865 835 1000 902 recepisse
1018 838 1092 889 inee-

112 922 225 972 rendum
243 937 303 971 esse
322 921 427 970 monuit
445 919 552 970 Gemoll
567 937 633 974 uun.
652 921 717 987 phil.
735 926 753 970 t.
774 920 901 971 cxvllll
919 939 945 986 p.
963 923 1024 972 269.

216 1025 238 1057 c.
258 1008 298 1069 18,
317 1007 345 1055 b:
375 1005 502 1058 hostibus
527 1005 605 1059 isiciis
632 1006 741 1076 repotia
769 1022 866 1075 carepa
889 1007 997 1074 pulsis,
1022 1014 1092 1076 past

112 1093 197 1147 celle
216 1090 348 1161 deiectis]
369 1109 429 1142 cum
441 1093 532 1156 inepte
546 1093 647 1143 dictum
665 1108 725 1144 esse
743 1109 883 1145 censerem
900 1093 991 1146 hostes
1006 1100 1092 1162 post

111 1178 229 1232 colicas
247 1192 305 1230 esse
320 1179 447 1238 deiectos,
465 1179 494 1227 iu
512 1179 602 1243 priore
620 1180 674 1228 iam
693 1179 811 1230 editione
830 1180 980 1231 secundum
998 1181 1057 1231 cod;
1078 1182 1094 1236 f

112 1265 178 1317 colle
202 1264 374 1315 scribendum
399 1280 458 1315 esse
483 1265 547 1314 duxi
571 1264 679 1315 cellatis
705 1265 773 1316 locis
798 1281 821 1317 e.
839 1267 881 1328 40,
902 1266 931 1315 5:
959 1265 1091 1334 Scipioae

112 1351 225 1418 eiasqae
243 1349 331 1417 copiis
350 1364 448 1417 campa
472 1348 640 1417 coltibasqae
663 1350 837 1418 exturbatis,
866 1369 889 1402 c.
908 1354 949 1414 69,
967 1354 998 1402 3:
1022 1351 1090 1406 beris

112 1442 263 1490 armatara
280 1435 402 1489 bostiam
420 1435 498 1488 realia
515 1435 626 1504 nepotis
645 1434 703 1488 iaco
717 1436 806 1504 paisa
824 1442 850 1490 et
869 1437 975 1490 deiecta
994 1442 1037 1491 est
1056 1437 1090 1492 de

111 1523 177 1577 calle
195 1545 243 1592 -;
271 1524 368 1574 deinde
387 1540 420 1574 ex
438 1523 561 1573 Diibueri
581 1523 699 1574 editione
717 1524 773 1574 vidi
791 1523 858 1577 colle
881 1526 964 1575 etiam
981 1526 1011 1574 iu
1030 1525 1090 1576 eod.

112 1627 131 1666 a
155 1614 284 1676 scriptum
309 1627 377 1660 esse.
407 1610 459 1659 hoc
483 1610 565 1659 etiam
589 1610 703 1660 Diibner
721 1611 837 1675 recepit3
855 1610 973 1673 Kranae,
991 1611 1091 1662 Dinter

106 1701 174 1763 post
192 1695 286 1749 collem
304 1696 453 1747 ediderunt.

215 1799 236 1831 c.
252 1785 292 1846 19,
305 1786 333 1832 3:
353 1780 455 1847 quippe
469 1780 517 1846 qai
537 1779 590 1849 [ia]
609 1779 621 1832 i
627 1780 672 1833 lla
689 1794 826 1833 ramore
845 1780 921 1850 [sibi]
938 1782 1090 1848 confideret

107 1868 246 1934 primam,
276 1867 349 1933 qreeel
368 1867 503 1919 audierat
522 1881 542 1919 e.
561 1882 584 1933 q.
603 1864 644 1935 s.]J
672 1867 711 1917 sie
734 1868 788 1918 ium
815 1869 843 1917 in
862 1871 950 1933 priore
968 1870 1088 1921 editione

108 1960 235 2020 corrupta
254 1954 385 2003 librorum
398 1954 482 2003 verbu
501 1953 603 2020 qrtippe
622 1952 699 2019 qais
718 1952 755 2005 t‘rt
772 1952 914 2006 illoram
931 1955 1003 2009 sibi
1021 1971 1086 2008 cors·

106 2041 205 2107 rideret
226 2039 394 2089 emendanda
418 2054 476 2089 esse
502 2041 604 2089 censui.
635 2038 844 2105 Oudendorpius
868 2039 916 2107 qai
939 2041 1002 2095 stae
1023 2041 1086 2095 iiio-

107 2143 171 2179 rara
193 2126 248 2192 fide
271 2125 326 2179 sibi
348 2125 509 2193 confideret,
537 2126 693 2192 Nipperdey
711 2125 760 2192 qai
782 2125 814 2178 ire
832 2126 883 2179 illa
901 2143 931 2180 re
949 2128 1005 2182 sibi
1022 2144 1087 2183 coa-

106 2213 218 2281 fideret,
245 2213 458 2264 Forehhammer
482 2212 530 2279 qai
553 2212 615 2264 siae
638 2210 751 2264 illoram
775 2226 825 2279 ape
848 2213 903 2265 sibi
926 2213 1087 2282 confideret,

108 2301 256 2351 Vielhaber
275 2298 323 2366 qai
341 2313 535 2351 successuram
556 2297 611 2350 sibi
629 2296 702 2362 cares.
734 2299 907 2350 scribendum
926 2316 986 2351 esse
1005 2303 1087 2352 duxe-

109 2393 179 2436 runt.
215 2387 327 2436 Diibuer
345 2385 579 2446 Forchhummeri,
606 2384 703 2434 Dinter
729 2383 877 2450 Nipperdei
904 2387 1088 2438 coniecturum

109 2482 282 2538 receperunt,
310 2473 417 2523 Kraner
433 2471 564 2521 librorum
582 2471 667 2521 verba
684 2471 724 2519 itu
742 2472 885 2545 expressit,
913 2477 942 2522 ut
960 2472 1086 2523 lacunam

109 2557 300 2623 postillarum
318 2563 434 2608 notaret.
457 2586 492 2595 —
513 2555 538 2625 ξ.
556 2558 585 2607 4:
606 2570 674 2623 qaas
692 2586 725 2597 -
744 2570 779 2608 ea
796 2555 926 2620 tibridis,
945 2556 1087 2611 libertinis

109 2644 250 2711 servisque
267 2643 482 2712 ccrrseripserat,
506 2646 674 2705 arctaverat,
699 2644 757 2707 qui
774 2641 829 2695 ati
846 2641 992 2707 sreaata
1012 2659 1088 2697 cors-

110 2729 332 2799 didicerant]
361 2748 421 2781 cum
446 2730 522 2781 cedd.
545 2728 591 2781 ati
616 2728 732 2794 freaata
756 2727 951 2781 coadidicerat
975 2729 997 2793 (l
1016 2733 1085 2781 m.1
1125 2741 1128 2749 ·

108 2814 350 2881 cortdidieerartt)
373 2816 506 2879 habeant,
532 2816 608 2865 utin
626 2816 715 2880 priore
735 2815 853 2865 editione
874 2817 932 2879 qui
956 2816 1086 2882 supplen-

108 2901 170 2950 dum
190 2907 216 2949 et
235 2901 367 2966 pluralem
385 2903 463 2952 verbi
482 2918 624 2951 numerum
647 2901 801 2966 ponendum
823 2916 883 2951 esse
908 2903 1011 2954 censui.
1043 2919 1086 2953 me

108 2991 217 3037 secutus
236 2993 277 3035 est
289 2988 410 3037 Diibner.
422 2988 578 3054 Nipperdey
595 2986 641 3040 ati
658 2985 823 3051 frenatos
842 2986 1087 3041 constituerat

108 3074 275 3136 coniecerat3
293 3072 398 3123 Krener
416 3074 556 3139 vulgatam
574 3075 629 3125 fers
649 3074 781 3140 expressit
798 3073 943 3124 lectionem
963 3072 1010 3126 ati·
1026 3072 1086 3139 fre·

107 3164 176 3212 reato
204 3157 404 3225 caredoeaerat,
435 3161 533 3210 omisso
562 3159 633 3226 quod
659 3167 723 3211 ante
752 3157 798 3212 ati
827 3159 949 3225 suppleri
977 3159 1086 3212 solebat

108 3259 235 3312 eqaaqae.
258 3273 293 3282 —
316 3247 340 3307 ὅ.
359 3244 389 3293 5:
415 3248 564 3311 praetcrea
588 3245 668 3315 repia
691 3244 804 3298 aaar'lia
828 3244 983 3312 elephantis
1003 3244 1086 3300 CXX

109 3331 288 3398 equitaturae
310 3331 528 3402 iaaamerabiliss
557 3333 632 3382 codd.
656 3331 812 3400 elephantis
833 3332 949 3396 habent,
976 3333 1087 3388 uuusb

108 3416 256 3485 elephanti,
276 3434 291 3472 c
310 3424 338 3469 et
354 3419 448 3470 Petav.
467 3417 637 3484 elepbarttas.
660 3419 815 3485 Nipperdey
833 3417 989 3485 elephantis
1003 3416 1088 3472 OXX

108 3503 304 3570 eqaitatasqae
327 3503 542 3556 irireamerabilis
567 3506 684 3570 scripsit.
721 3511 749 3555 at
772 3504 899 3571 displicet
922 3519 977 3554 non
1005 3504 1086 3556 mode
