2376 3924
145 230 185 293 76
454 232 504 281 nn
523 232 643 281 nunno
665 230 823 283 canesco

143 419 372 508 rebusprofici
384 443 483 507 posse
496 422 747 506 intellexerunt,
759 421 892 506 legatos
906 421 950 485 ad
964 419 1122 485 Crassum

143 525 281 588 mittunt
298 545 398 608 seque
410 526 445 588 in
459 524 663 590 deditionem
678 534 715 589 ut
727 525 879 610 recipiat,
895 532 1022 610 petunt.
1047 521 1122 603 Qua

144 651 180 691 re
204 629 383 713 impetrata
407 651 501 692 arma
526 629 661 694 tradere
685 631 768 694 iussi
792 628 932 692 faciunt.

229 731 280 798 22.
304 732 416 819 Atque
439 735 473 797 in
498 756 537 797 ea
560 756 596 797 re
613 734 758 797 omnium
774 741 966 797 nostrorum
982 733 1121 795 intentis

144 838 265 901 animis
281 836 350 901 alia
363 841 510 922 exparte
524 836 637 921 oppidi
648 835 876 920 Adiatunnus,
889 837 945 920 qui
959 856 1123 899 summam

145 941 275 1025 imperii
290 938 439 1021 tenebat,
463 961 538 1003 cum
554 956 599 1002 Dc
617 939 757 1021 devotis,
781 961 863 1025 quos
887 938 936 1002 illi
955 938 1121 1002 soldurios

124 1043 336 1129 reppellant,
367 1065 505 1130 quorum
527 1044 610 1108 haec
635 1052 687 1107 est
710 1042 881 1124 condicio,
905 1052 942 1106 ut
966 1042 1119 1106 omnibus

145 1150 179 1211 in
202 1149 275 1212 vita
299 1146 482 1211 commodis
498 1169 566 1211 una
582 1169 658 1211 cum
674 1149 715 1211 iis
732 1146 897 1230 fruantur,
921 1168 1060 1233 quorum
1085 1168 1121 1210 se

144 1251 315 1314 amicitiae
339 1249 543 1332 dediderint,
568 1252 595 1314 si
620 1249 700 1336 quid
723 1249 774 1314 his
798 1271 857 1335 per
881 1251 948 1314 vim
972 1249 1121 1329 accidat,

145 1362 203 1419 aut
221 1353 363 1418 eundem
380 1376 496 1418 casum
512 1362 578 1418 una
595 1354 706 1417 ferant
731 1361 788 1417 aut
807 1352 871 1417 sibi
888 1362 1027 1417 mortem
1043 1372 1122 1416 con·

123 1460 312 1540 asciscant3
334 1478 441 1541 neque
458 1456 567 1521 adhuc
590 1455 760 1521 hominum
783 1458 944 1521 memoria
967 1465 1119 1541 repertus

145 1571 196 1626 est
221 1562 405 1646 quisquam,
430 1564 486 1648 qui
511 1583 549 1625 eo
573 1561 760 1640 interfecto,
785 1563 880 1626 cuius
897 1583 933 1626 se
950 1562 1122 1626 amicitiae

123 1665 355 1748 sdevovisset,
384 1667 468 1729 mori
497 1673 688 1730 recusaret:
723 1687 798 1731 cum
826 1663 880 1730 his
903 1663 1121 1730 Adiatunnus

146 1771 354 1854 eruptionem
382 1769 495 1834 facere
523 1778 683 1852 conatus,
718 1768 864 1834 clamore
888 1768 936 1856 ab
961 1791 1000 1833 ea
1024 1778 1122 1854 parte

145 1874 341 1937 munitionis
364 1866 514 1954 sublato,
545 1894 620 1937 oum
649 1872 694 1937 ad
717 1894 811 1938 arma
835 1871 959 1937 milites
983 1894 1122 1937 concur-

145 1978 268 2041 rissent
284 1975 565 2061 vehementerque
581 1974 627 2039 ibi
644 1984 830 2060 pugnatum
846 1984 945 2058 esset,
969 1973 1121 2062 repulsus

145 2081 180 2145 in
197 2079 354 2166 oppidum
369 2088 494 2162 tamen,
518 2080 567 2144 uti
584 2077 701 2143 eadem
719 2078 901 2144 deditionis
923 2078 1122 2144 condicione

144 2192 305 2261 uteretur,
330 2206 349 2247 a
373 2180 496 2248 Orasso
520 2183 725 2268 impetravit.

231 2284 283 2349 23.
299 2286 412 2351 Armis
425 2286 665 2373 obsidibusque
678 2287 827 2372 acceptis
836 2285 980 2352 Crassus
992 2288 1027 2352 in
1039 2288 1122 2353 fines

125 2390 325 2456 oVocatium
348 2398 381 2455 et
402 2389 619 2455 Tarusatium
642 2390 811 2475 profectus
836 2400 897 2455 est.
934 2390 1020 2456 Tum
1042 2414 1123 2457 vero

145 2491 285 2559 barbari
308 2490 476 2576 commoti,
501 2493 590 2580 quod
614 2493 770 2579 oppidum
795 2503 827 2558 et
851 2504 975 2560 natura
1000 2496 1065 2560 loci
1090 2506 1123 2561 et

146 2619 247 2661 manu
275 2597 439 2662 munitum
462 2598 578 2682 paucis
604 2596 737 2681 diebus,
767 2597 888 2683 quibus
921 2621 959 2662 eo
985 2609 1122 2664 ventum

147 2710 231 2783 erat,
248 2712 477 2787 expugnatum
494 2710 735 2784 cognoverant,
752 2700 884 2785 legatos
901 2725 1033 2789 quoquo
1049 2725 1123 2769 ver·

147 2825 220 2868 sum
237 2802 417 2886 dimittere,
440 2807 627 2886 coniurare,
653 2804 788 2869 obsides
805 2807 892 2871 inter
909 2828 945 2870 se
962 2806 1052 2891 dare,
1068 2828 1123 2872 eo·

125 2909 220 2993 opias
237 2929 360 2993 parare
376 2917 568 2994 coeperunt.
603 2907 784 2973 Mittuntur
797 2909 897 2974 etiam
912 2909 1027 2975 adeas
1040 2911 1122 2976 civi·

147 3019 237 3076 tates
250 3011 366 3096 legati,
383 3034 469 3098 quae
487 3020 563 3077 sunt
580 3013 746 3078 citerioris
760 3013 949 3098 Hispaniae
960 3013 1123 3078 finitimae

124 3113 369 3201 4Aquitaniae:
382 3114 460 3180 inde
473 3115 603 3180 auxilia
613 3114 779 3201 ducesque
794 3125 1020 3181 arcessuntur.
1034 3115 1123 3197 Quo·

146 3240 219 3283 rum
235 3217 383 3284 adventu
399 3239 615 3302 magnacum
633 3220 837 3285 auctoritate
855 3229 888 3285 et
906 3240 1030 3304 magna
1048 3242 1124 3285 cum

125 3321 316 3387 chominum
327 3322 543 3388 multitudine
554 3321 680 3387 bellum
696 3333 996 3407 gerereconantur.
1010 3324 1123 3388 Duces

147 3447 226 3491 vero
255 3426 279 3491 ii
303 3425 516 3510 deliguntur,
544 3428 600 3513 qui
630 3449 697 3491 una
725 3449 801 3494 cum
825 3426 950 3508 Quinto
975 3426 1123 3493 Sertorio

149 3551 262 3594 omnes
276 3550 382 3595 annos
394 3529 528 3595 fixerant
541 3551 768 3616 summamque
781 3532 959 3597 scientiam
971 3532 1020 3596 rei
1037 3529 1124 3597 mili·
