2376 3924
401 222 513 272 LlBER
530 222 566 284 11,
586 221 662 271 CAP.
676 224 767 273 7-10.
1019 224 1059 288 47

80 415 223 496 faciunt,
249 412 448 478 secundiore
465 414 612 498 equitum
629 411 756 497 proelio
773 416 909 497 nostris,
933 413 1061 479 Caesar

81 540 158 584 suos
183 518 219 581 in
244 524 360 580 castra
382 516 529 580 reduxit.
554 516 678 581 Hostes
697 519 850 602 protinus
873 541 915 582 ex
932 540 970 582 eo
987 517 1082 584 locos

81 622 125 687 ad
147 621 272 686 flumen
296 619 451 685 Axonam
479 619 740 702 contenderunt,
770 621 859 706 quod
887 644 961 686 esse
984 631 1083 706 posti

81 733 202 790 nostra
218 731 334 788 castra
352 723 617 789 demonstratum
641 732 701 789 est.
727 723 778 789 lbi
802 724 900 789 vadis
918 728 1059 810 repertis

81 838 215 914 partem
239 848 375 891 suarum
397 829 570 913 copiarum
592 827 770 893 traducere
787 830 900 892 conati
921 838 997 892 sunt
1023 852 1060 894 eo

81 930 245 1013 consilio,
273 939 328 1012 ut,
357 931 385 995 si
415 939 569 1015 possent,
598 930 794 1014 castellum,
823 933 876 996 cui
904 941 1060 1016 praeerat

82 1037 231 1118 Quintus
254 1034 405 1099 Titurius
429 1033 578 1118 legatus,
603 1045 837 1120 expugnarent
860 1047 1061 1120 pontemque

81 1137 387 1220 interscinderent3
404 1139 547 1202 siminus
560 1140 759 1223 potuissent,
772 1159 872 1221 agros
885 1140 1084 1203 Remorums

81 1241 336 1330 popularentur,
360 1241 414 1326 qui
438 1261 561 1323 magno
584 1240 681 1306 nobis
705 1243 779 1306 usui
797 1242 840 1306 ad
855 1241 982 1308 bellum
1005 1264 1060 1326 ge-

81 1346 225 1412 rendum
249 1352 361 1426 erant,
390 1353 643 1430 commeatuque
671 1354 805 1409 nostros
835 1344 1061 1430 prohiberent.

170 1447 221 1512 10.
236 1445 365 1513 Caesar
377 1449 500 1513 certior
512 1449 622 1512 factus
638 1447 680 1513 ab
687 1449 818 1513 Titurio
834 1451 1061 1534 omnemnqui-

83 1561 192 1618 tatum
210 1560 243 1616 et
260 1551 344 1616 levis
358 1561 552 1617 armaturae
564 1553 738 1634 Numidas,
756 1553 941 1618 funditores
958 1555 1062 1637 sagit-

83 1657 258 1741 tariosque
279 1666 414 1741 pontem
437 1655 587 1720 traducit
611 1667 712 1741 atque
736 1657 780 1722 ad
802 1680 859 1722 eos
876 1658 1062 1722 contendit.

82 1759 221 1826 Acriter
244 1759 279 1823 in
302 1780 341 1823 eo
357 1758 431 1824 loco
447 1767 633 1844 pugnatum
651 1769 712 1824 est.
736 1760 861 1824 Hostes
885 1762 1084 1846 impeditosr

83 1865 191 1929 nostri
208 1863 242 1927 in
258 1862 393 1928 flumine
408 1865 562 1947 aggressi
579 1885 737 1947 magnum
756 1886 868 1929 eorum
885 1889 1057 1930 numerum

85 1965 298 2049 occiderunt3
320 1988 380 2052 per
396 1988 509 2031 eorum
522 1987 663 2052 corpora
676 1966 822 2052 reliquos
837 1970 1085 2035 audacissimos

85 2072 232 2136 transire
255 2080 418 2135 conantes
433 2070 651 2136 multitudine
668 2071 810 2136 telorum
831 2072 1064 2158 reppulerunt3

84 2176 222 2260 primos,
238 2174 295 2259 qui
307 2175 525 2258 transierant,
539 2176 692 2259 equitatu
702 2178 949 2241 circumventos
963 2179 1063 2242 inter·

83 2277 249 2342 fecerunt.
265 2277 391 2342 Hostes
403 2277 462 2343 ubi
476 2286 508 2342 et
527 2277 568 2342 de
580 2279 805 2363 expugnando
820 2280 940 2365 oppido
965 2291 997 2344 et
1022 2281 1085 2346 der

83 2381 222 2446 flumine
244 2380 452 2446 transeundo
477 2403 569 2466 spem
587 2403 623 2446 se
645 2380 808 2446 fefellisse
824 2382 1064 2450 intellexerunt

82 2504 194 2570 neque
206 2492 340 2548 nostros
354 2484 389 2548 in
403 2483 716 2570 locuminiquiorem
723 2486 881 2570 progredi
889 2488 1063 2571 pugnandi

83 2610 192 2655 causa
207 2587 377 2671 viderunt,
393 2598 495 2674 atque
512 2589 602 2673 ipsos
616 2611 669 2653 res
686 2587 907 2652 frumentaria
921 2590 1064 2657 deficere

82 2690 553 2778 coepit,consilioconvocato
563 2693 811 2757 constituerunt
821 2694 981 2777 optimum
991 2717 1064 2759 esse

84 2795 221 2861 domum
244 2816 338 2860 suam
361 2815 524 2881 quemque
548 2797 673 2860 reverti
697 2804 741 2879 et,
765 2817 903 2880 quorum
926 2800 959 2862 in
980 2800 1064 2864 fines

82 2899 228 2984 primum
248 2896 391 2962 Romani
414 2899 601 2963 exercitum
622 2898 908 2981 introduxissent,
939 2901 983 2965 ad
1007 2924 1064 2966 eos

84 3000 316 3067 defendendos
340 3001 487 3089 undique
503 3003 735 3085 convenirent,
757 3012 794 3067 ut
810 3005 922 3088 potius
940 3006 974 3068 in
994 3007 1063 3070 suis

83 3127 186 3192 quam
208 3104 243 3169 in
272 3105 393 3171 alienis
421 3105 544 3171 finibus
570 3104 783 3171 decertarent
814 3117 845 3171 et
872 3107 1063 3173 domesticis

83 3208 194 3296 copiis
215 3209 266 3273 rei
289 3205 529 3275 frumentariae
551 3217 736 3275 uterentur,
760 3209 815 3274 Ad
839 3233 912 3275 eam
932 3222 1085 3276 senten-⁵

84 3314 169 3379 tiam
193 3333 270 3378 cum
292 3312 432 3398 reliquis
448 3313 561 3377 causis
577 3312 661 3378 haec
677 3334 807 3398 quoque
830 3315 917 3377 ratio
935 3336 991 3378 eos
1009 3315 1064 3379 de-

85 3415 196 3500 duxit,
208 3414 304 3502 quod
319 3414 530 3484 Divitiacum
549 3425 650 3502 atque
663 3416 800 3482 Aeduos
816 3415 938 3481 finibus
954 3416 1064 3481 Bello-

83 3540 247 3587 vacorum
269 3520 539 3606 appropinquare
563 3529 804 3604 cognoverant.
841 3520 905 3584 His
928 3543 1064 3606 persua-
