2376 3924
390 226 502 290 prena
518 229 551 288 r,
571 226 648 276 car.
669 228 777 276 rs-ra.
1011 224 1070 287 117

98 415 254 483 Caesaris
270 416 372 483 fidem
388 426 524 484 secutus
540 417 586 483 ad
602 440 676 484 eum
698 419 976 484 incontinentem
992 414 1073 481 Gal·

96 521 177 586 liam
193 529 345 604 venerat,
362 522 456 587 cuius
472 529 570 608 pater
585 522 621 586 in
643 544 683 587 ea
699 522 841 587 civitate
861 541 1001 605 regnum
1017 519 1073 584 ob-

95 628 246 690 tinuerat
274 625 537 711 interfectusque
568 634 641 691 erat
663 647 683 690 a
707 622 974 705 Cassiuellauno,
1003 625 1075 709 ipsc

94 730 176 811 fuga
191 738 333 793 mortem
348 729 528 812 vitaverat,
544 727 675 813 legatos
692 725 923 815 adJansarem
939 732 1099 795 mittuntr

95 831 363 917 pollicenturque
397 854 472 896 sese
505 833 536 898 ei
571 831 743 899 dedituros
779 842 880 919 atque
915 835 1078 918 imperata

96 935 263 1013 facturos3
279 944 409 1021 petunt,
421 944 459 1001 ut
470 934 753 1002 Mandubracium
768 934 812 1000 ab
830 934 1101 1001 interiacente

97 1037 247 1103 vellauni
277 1038 437 1104 defendat
464 1049 565 1127 atque
593 1041 627 1104 in
651 1041 826 1105 civitatem
859 1041 988 1123 mittat,
1024 1040 1080 1124 qui

98 1143 225 1228 praesit
249 1144 488 1229 imperiumque
511 1142 673 1209 obtineat.
698 1143 761 1206 His
784 1140 913 1208 Caesar
936 1145 1101 1228 imperati

100 1244 237 1311 obsides
260 1246 487 1332 quadraginta
506 1247 773 1330 frumentumque
791 1248 966 1330 exercitui,
986 1247 1079 1311 Man-

99 1349 363 1436 dubraciumque
386 1350 431 1416 ad
448 1372 504 1415 eos
526 1351 641 1417 mittit.
665 1348 718 1414 Illi
744 1350 909 1435 imperata
925 1350 1080 1416 celeriter

99 1443 270 1538 fecerunt,
305 1453 440 1520 obsides
469 1453 514 1519 ad
537 1476 709 1519 numerum
732 1452 998 1540 frumentumque
1021 1457 1079 1525 mi-

99 1568 226 1624 serunt.

186 1661 238 1727 21.
260 1661 526 1728 Trinobantibus
545 1662 691 1728 defensis
708 1670 810 1749 atque
829 1660 873 1728 ab
890 1663 978 1727 omni
996 1660 1080 1725 mili-

98 1776 170 1831 tum
195 1767 320 1831 iniuria
341 1764 521 1852 prohibitis
545 1764 755 1849 Cenimagni,
784 1764 989 1848 Segontiaei,
1013 1764 1080 1828 An-

99 1867 233 1952 calites,
249 1866 396 1951 Bibroci,
412 1865 510 1934 Cassi
527 1868 755 1951 legationibus
770 1869 883 1933 missis
908 1890 981 1933 sese
997 1866 1080 1932 Cae·

100 1973 170 2037 sari
189 1971 325 2037 dedunt.
347 1970 402 2037 Ab
419 1971 470 2037 bis
486 1974 661 2055 cognoscit
683 1994 749 2037 non
770 1971 870 2055 longe
893 1995 935 2037 ex
952 1993 990 2036 eo
1006 1970 1103 2041 locos

100 2074 259 2161 oppidum
282 2071 532 2141 Cassivellauni
561 2074 682 2140 abesse
711 2074 806 2139 silvis
836 2073 1082 2160 paludibusque

100 2179 281 2262 munitum,
309 2198 374 2265 quo
403 2179 489 2244 satis
516 2198 660 2261 magnus
686 2176 856 2243 hominum
885 2180 1083 2263 pecorisque

99 2303 259 2349 numerus
283 2284 489 2347 convenerit.
515 2281 684 2368 Oppidum
709 2290 821 2347 autem
845 2281 1000 2346 Britanni
1024 2304 1104 2354 vo·³

100 2395 193 2470 cant,
216 2407 292 2451 cum
311 2385 417 2452 silvas
440 2385 620 2471 impeditas
636 2385 728 2451 vallo
752 2395 852 2470 atque
868 2385 960 2449 fossa
977 2387 1082 2449 muni-

101 2499 210 2570 erunt,
227 2509 291 2576 quo
315 2489 516 2555 incursionis
540 2488 686 2554 hostium
703 2487 866 2552 vitandae
882 2510 987 2554 causa
1003 2509 1081 2552 con·

101 2594 219 2659 venire
241 2603 454 2659 consuerunt.
477 2593 527 2658 Eo
543 2593 768 2678 proficiscitur
782 2614 856 2657 cum
877 2592 1105 2674 legionibus34

101 2698 213 2764 locum
226 2700 370 2785 repperit
384 2699 519 2782 egregie
536 2707 659 2762 natura
671 2705 772 2782 atque
790 2717 888 2781 opere
903 2697 1084 2778 munitum3

101 2812 217 2868 tamen
245 2801 333 2868 hune
365 2800 495 2867 duabus
526 2824 569 2866 ex
596 2798 749 2885 partibus
780 2819 973 2884 oppugnare
1007 2821 1082 2864 con·

100 2905 223 2971 tendit.
248 2904 372 2971 Hostes
395 2903 567 2991 paulisper
589 2906 711 2969 morati
727 2903 870 2968 militum
894 2911 1108 2975 nostrorumr

102 3012 264 3096 impetum
287 3031 353 3075 non
377 3008 526 3075 tulerunt
551 3030 690 3094 seseque
714 3008 783 3073 alia
800 3030 842 3071 ex
858 3018 955 3092 parte
973 3007 1086 3092 oppidi

104 3114 288 3179 eiecerunt.
331 3112 475 3197 Magnus
504 3110 551 3177 ibi
575 3133 731 3176 numerus
763 3112 894 3196 pecoris
924 3122 1107 3196 repertus,e

103 3215 268 3302 multique
283 3218 318 3282 in
333 3216 415 3301 fuga
431 3224 509 3282 sunt
526 3215 758 3301 comprehensi
782 3225 883 3298 atque
907 3213 1084 3278 interfecti.

191 3317 242 3383 22.
253 3318 344 3385 Dum
359 3319 443 3384 haec
459 3321 493 3383 in
509 3317 561 3382 his
577 3317 661 3383 locis
675 3326 847 3401 geruntur,
860 3316 1086 3381 Cassivellau-

104 3446 168 3490 nus
180 3422 226 3489 ad
233 3421 402 3504 Cantium,
414 3421 502 3507 quod
516 3443 590 3486 esse
603 3420 646 3485 ad
660 3443 752 3486 mare
765 3442 866 3506 supra
879 3419 1087 3484 demonstra-

106 3530 226 3615 vimus,
248 3526 370 3615 quibus
392 3524 586 3610 regionibus
604 3534 762 3612 quattuor
784 3515 880 3606 reges
895 3529 1087 3608 praeerant,
