2376 3924
416 280 422 294 ,
478 238 554 293 oar.
573 240 683 291 aa-es.
1008 239 1070 305 195

96 431 256 516 profectus
279 452 378 494 unam
388 452 437 495 ‚ex
451 429 565 511 tribus,
589 446 722 511 XXXVI,
742 451 851 493 secum
867 428 964 513 ducit,
989 430 1070 494 duas

94 537 128 598 in
149 534 337 619 Aegyptum
359 533 402 596 ad
425 532 599 597 Caesarem
631 533 728 596 mittit
761 531 873 597 litteris
904 535 971 597 eius
999 557 1071 598 evo-

96 647 199 718 catas3
235 658 373 722 quarum
396 635 498 700 altera
527 635 665 701 inbelle
688 635 912 700 Alexandrino
935 660 999 702 non
1023 660 1071 702 oc·

96 745 204 823 currit,
229 740 315 826 quod
337 743 450 804 itinere
474 743 618 805 terrestri
640 764 698 827 per
721 742 850 826 Syriam
872 750 942 805 erat
964 743 1070 805 missa.

96 846 254 931 Adiungit
269 841 350 930 [Cn]
367 846 528 908 Domitius
544 845 661 931 legioni
677 862 797 908 XXXVI.
815 844 895 909 duas
920 844 961 909 ab
977 846 1093 908 Deio-⁴

96 961 175 1032 tar0,
200 972 280 1035 quas
294 948 345 1012 ille
361 948 528 1034 disciplina
551 957 648 1033 atque
672 957 836 1013 armatura
859 957 968 1012 nostra
991 970 1073 1012 com-

96 1054 203 1139 plures
226 1074 326 1117 annos
350 1054 538 1116 constitutas
561 1050 718 1135 habebat,
747 1054 935 1137 equitesque
958 1068 992 1134 0,
1015 1061 1074 1116 tot-

95 1158 246 1241 idemque
274 1155 316 1220 ab
339 1154 562 1219 Ariobarzane
591 1158 696 1219 sumit.
743 1156 843 1219 Mittit
873 1157 909 1219 P.
934 1156 1095 1221 Sestiumr

96 1262 138 1324 ad
154 1259 189 1325 C.
207 1258 631 1343 Plaetoriumquaestorem,
655 1269 691 1323 ut
705 1259 865 1345 legionem
887 1258 1073 1341 adduceret,

97 1386 180 1449 quae
204 1386 246 1426 ex
261 1362 475 1426 tumultuariis
491 1361 644 1426 militibus
660 1365 692 1428 in
708 1364 810 1427 Ponto
826 1362 972 1426 confecta
995 1371 1073 1445 erat,

98 1469 319 1550 Quintumque
342 1467 499 1530 Patisium
525 1469 559 1530 in
582 1465 726 1531 Ciliciam
756 1466 798 1530 ad
828 1465 949 1529 auxilia
971 1471 1075 1530 arces-

98 1569 206 1634 senda.
253 1570 346 1650 Quae
375 1573 485 1654 copiae
516 1569 662 1635 celeriter
691 1592 801 1635 omnes
829 1570 919 1632 iussu
941 1570 1075 1637 Domitii

98 1673 241 1737 Comana
264 1683 494 1739 convenerunt.

183 1776 233 1841 35.
268 1777 403 1841 Interim
432 1776 531 1862 legati
561 1801 580 1840 a
607 1777 777 1842 Pharnace
806 1798 962 1861 responsa
995 1776 1075 1839 refe-

97 1890 188 1946 runt:
212 1880 416 1966 Cappadocia
440 1903 474 1946 se
498 1881 683 1964 decessisse,
707 1881 897 1946 Armeniam
919 1882 1076 1944 minorem

97 1987 272 2070 recepisse,
307 2008 405 2071 quam
438 1995 572 2071 paterno
606 1988 734 2050 nomine
763 1988 832 2050 iure
856 1983 1001 2049 obtinere
1024 1983 1084 2048 de'

97 2089 198 2153 beret.
222 2091 373 2174 Denique
396 2092 464 2154 eius
486 2092 577 2174 regni
601 2112 699 2154 causa
721 2091 849 2174 integra
865 2086 997 2152 Caesari
1013 2109 1076 2150 ser·

97 2201 246 2275 varetur3
272 2203 421 2277 paratum
444 2196 586 2258 enimse
609 2194 726 2276 facere,
751 2192 837 2279 quod
860 2194 887 2256 is
903 2193 1075 2257 statuisset.

98 2297 271 2378 Domitius,
296 2318 370 2360 oum
397 2297 672 2362 animadverteret
700 2319 775 2361 eum
790 2295 996 2381 Cappadocia
1024 2292 1097 2357 dea

99 2400 231 2462 cessisse
259 2422 324 2464 non
357 2399 522 2463 voluntate
557 2400 751 2482 adductum,
789 2398 847 2462 sed
875 2399 1076 2478 necessitate,

100 2501 186 2586 quod
209 2501 334 2566 facilius
356 2501 547 2567 Armeniam
570 2502 745 2568 defendere
768 2512 876 2589 posset
898 2500 1077 2565 subiectam

99 2627 200 2690 regno
238 2627 295 2670 suo
333 2627 432 2691 quam
470 2605 711 2692 Cappadociam
748 2605 873 2689 longius
909 2611 1076 2684 remotam,

100 2708 251 2794 quodque
274 2731 384 2773 omnes
407 2718 473 2772 tres
496 2710 636 2794 legiones
660 2708 877 2773 adducturum
899 2707 1078 2787 Domitium

99 2821 259 2898 putasset3
294 2835 337 2877 ex
360 2812 477 2898 quibus
501 2836 575 2877 cum
598 2812 679 2876 duas
703 2811 746 2876 ad
768 2809 942 2877 Caesarem
963 2810 1078 2873 missas

100 2914 258 2997 audisset,
289 2914 443 2981 audacius
466 2916 500 2978 in
522 2915 679 2979 Armenia
708 2912 902 2996 substitisse,
931 2935 1078 3000 perseve-

99 3040 175 3082 rare
198 3020 318 3103 coepit,
348 3028 445 3082 uteo
468 3040 597 3104 quoque
625 3040 726 3104 regno
749 3018 939 3084 decederet:
972 3033 1101 3102 nequet

101 3125 186 3186 enim
219 3121 307 3186 aliud
339 3123 389 3186 ius
418 3144 488 3186 esse
517 3121 743 3208 Cappadociae
772 3132 869 3206 atque
892 3119 1078 3201 Armeniae,

100 3248 160 3290 nec
182 3229 266 3290 iuste
294 3248 369 3290 eum
397 3225 576 3311 postulare,
611 3235 647 3290 ut
674 3228 708 3290 in
730 3224 879 3291 Caesaris
902 3224 1080 3288 adventum

100 3352 152 3394 res
174 3332 302 3416 integra
324 3330 524 3395 differretur:
547 3328 581 3395 id
596 3332 683 3394 enim
705 3351 775 3394 esse
796 3331 969 3412 integrum,
993 3327 1078 3412 quod

100 3436 146 3499 ita
172 3442 272 3518 esset,
303 3442 340 3499 nt
368 3433 490 3499 fuisset.
534 3435 595 3498 His
627 3435 790 3519 responsis
818 3432 901 3497 datis
935 3452 1009 3495 cum
1041 3432 1104 3494 iisr

101 3538 211 3625 copiis,
232 3558 315 3625 quaa
335 3558 436 3625 supra
456 3537 579 3623 scripsi,
603 3537 766 3623 profectus
782 3544 831 3601 est
844 3537 878 3601 in
889 3533 1076 3601 Armeniam

872 3637 922 3689 ib*
