2376 3924
119 217 181 282 104
444 217 494 266 nn
512 216 633 267 annno
653 215 765 267 ervrm

116 406 173 471 sed
203 416 395 491 potestatem
428 408 495 470 eius
528 409 576 470 rei
598 405 729 471 'nullam
755 406 892 489 habere,
927 416 1105 492 propterea

117 510 203 596 quod
226 510 267 575 de
290 511 411 576 eonsilii
440 513 598 576 sententia
627 532 788 576 summam
815 508 890 574 belli
923 532 1104 596 rerumque

93 616 259 681 somnium
286 616 439 700 Pompeio
473 616 685 700 permiserint.
731 613 796 681 Sed
830 612 997 700 postulatis
1020 613 1103 680 an-

117 720 196 782 saris
228 719 363 802 cognitis
397 719 549 781 missuros
583 717 625 782 ad
649 718 847 803 Pompeium,
883 725 980 802 atque
1009 717 1104 783 illum

115 821 239 906 reliqua
268 845 325 907 per
353 843 387 885 se
417 831 565 886 aeturum
598 820 802 886 hortantibus
835 823 921 907 ipsis.
967 822 1103 888 Interea

115 935 283 990 manerent
306 925 465 1006 indutiae,
496 925 574 990 dum
597 924 638 1001 ab
661 925 712 989 illo
742 925 840 990 rediri
863 935 986 1013 posset,
1015 949 1103 992 neve

115 1029 196 1094 alter
212 1029 303 1094 alteri
318 1039 457 1094 noeeret.
493 1030 568 1093 Hue
590 1029 681 1094 addit
704 1052 808 1115 pauea
831 1030 872 1095 de
895 1052 993 1095 eausa
1009 1039 1042 1095 et
1059 1031 1103 1095 de

115 1135 213 1217 eopiis
236 1132 427 1218 auxiliisque
450 1135 524 1196 suis.

205 1237 252 1299 17.
292 1236 419 1318 Quibus
453 1235 550 1300 rebus
589 1258 694 1322 neque
732 1245 799 1302 tum
836 1237 1103 1323 respondendum

115 1339 236 1404 Caesar
258 1342 470 1422 existimavit,
504 1361 610 1425 neque
632 1361 734 1423 nune,
767 1349 804 1404 nt
830 1343 1004 1405 memoriae
1028 1365 1103 1428 pro-

93 1445 245 1526 adantur,
269 1446 346 1508 satis
370 1465 487 1508 causae
510 1452 670 1528 putamus.
704 1443 894 1509 Postulabat
909 1442 1040 1526 Caesar,
1065 1455 1103 1511 ut

116 1546 237 1631 legatos
254 1546 314 1611 sibi
331 1546 373 1611 ad
389 1549 579 1632 Pompeium
595 1549 662 1611 sine
679 1546 819 1633 perieulo
835 1549 962 1613 mittere
977 1547 1101 1633 lieeret,

115 1651 213 1736 idque
235 1653 296 1735 ipsi
318 1651 386 1715 fore
410 1653 590 1735 reciperent
606 1660 661 1715 aut
677 1660 827 1737 aeeeptos
842 1672 900 1736 per
915 1673 950 1715 se
965 1652 1009 1717 ad
1024 1673 1102 1719 eum

92 1754 339 1839 aperdueerent.
386 1753 483 1835 Quod
506 1754 548 1817 ad
571 1753 713 1818 indutias
736 1756 921 1839 pertineret,
956 1756 1002 1819 sie
1023 1754 1101 1821 belli

114 1861 272 1923 rationem
287 1879 357 1921 esse
373 1857 520 1940 divisam,
543 1867 579 1923 ut
601 1857 644 1922 illi
667 1858 768 1922 elasse
789 1880 891 1923 naves
914 1858 1101 1944 auxiliaque

115 1984 173 2026 sua
200 1961 407 2047 impedirent,
441 1963 509 2046 ipse
544 1972 581 2026 ut
608 1984 694 2048 aqua
728 1971 880 2046 terraque
911 1983 966 2026 eos
994 1962 1102 2048 prohi-

92 2065 215 2129 4beret.
261 2066 294 2131 si
323 2065 384 2128 hoe
406 2064 466 2128 sibi
494 2068 613 2131 remitti
641 2066 774 2146 vellent,
807 2067 1009 2130 remitterent
1039 2069 1101 2153 ipsi

115 2169 155 2233 de
179 2171 346 2245 maritimis
362 2168 530 2252 custodiis;
556 2172 581 2233 si
597 2170 674 2234 illud
691 2179 848 2253 tenerent,
871 2192 904 2234 se
921 2190 1049 2256 quoque
1066 2170 1100 2235 id

116 2282 323 2337 retenturum.
368 2271 474 2336 Nihilo
499 2274 603 2336 minus
627 2281 735 2336 tamen
759 2275 811 2357 agi
834 2294 928 2358 posse
950 2272 991 2337 de
1014 2295 1099 2339 eom·

114 2379 284 2461 positione,
319 2385 355 2439 ut
385 2376 467 2439 haee
495 2397 560 2439 non
588 2377 845 2458 remitterentur,
879 2396 984 2460 neque
1013 2377 1100 2442 hane

91 2502 182 2542 erem
206 2501 275 2543 esse
300 2477 520 2563 impedimenti
543 2477 620 2542 loeo
666 2477 723 2542 Ille
745 2499 850 2564 neque
873 2476 996 2563 legatos
1019 2478 1100 2546 an-

115 2586 194 2647 saris
218 2585 361 2667 reeipere
385 2604 490 2667 neque
513 2581 691 2668 perieulum
713 2592 878 2669 praestare
894 2604 1016 2666 00111111,
1039 2584 1099 2649 sed

116 2697 215 2750 totam
237 2709 306 2750 rem
329 2687 370 2750 ad
394 2688 583 2772 Pompeium
611 2690 751 2751 reieere:
784 2710 885 2753 unum
912 2690 1033 2754 instare
1056 2686 1098 2753 de

92 2789 245 2853 oindntiis
273 2790 617 2877 vehementissimeque
651 2791 854 2856 contendere.
901 2793 1008 2874 Quem
1041 2789 1099 2855 ubi

116 2890 237 2955 Caesar
260 2892 417 2957 intellexit
440 2897 617 2978 praesentis
641 2894 773 2979 periculi
797 2904 894 2978 atque
910 2895 1037 2980 inopiae
1052 2895 1099 2959 vi-

115 2995 234 3060 tandae
247 3017 345 3058 eausa
357 3018 483 3060 omnem
496 3000 673 3062 orationem
688 2999 862 3062 instituisse
877 3018 982 3082 neque
997 2996 1099 3063 ullam

115 3120 204 3183 spem
228 3106 284 3161 aut
307 3098 526 3164 eondieionem
548 3103 636 3186 paeis
659 3102 786 3183 afferre,
810 3101 853 3165 ad
874 3100 1031 3186 reliquam
1047 3124 1098 3168 eo·

114 3203 301 3287 gitationem
325 3200 399 3264 belli
422 3224 492 3265 sese
514 3206 646 3289 reeepit.

202 3305 249 3369 18.
273 3304 408 3369 Bibulus
430 3305 546 3370 multos
568 3306 636 3371 dies
658 3317 745 3371 terra
769 3307 947 3393 prohibitus
970 3317 1003 3373 et
1024 3330 1097 3394 gra·

113 3411 202 3473 viore
225 3408 338 3474 morbo
367 3431 409 3473 ex
437 3409 557 3493 frigore
591 3419 623 3474 et
657 3409 767 3474 labore
800 3410 987 3497 implieitus,
1022 3434 1099 3477 eum

114 3534 219 3597 neque
242 3514 348 3578 eurari
370 3522 478 3599 posset
507 3535 612 3598 neque
636 3524 821 3599 susceptum
843 3514 985 3581 officium
1007 3515 1098 3583 dese
