2376 3924
380 240 492 291 ursus
510 243 530 302 r,
551 239 627 291 err.
648 243 722 290 1-2.
1020 241 1040 306 3

96 429 236 479 Afranium
250 425 283 479 ‘et
300 429 438 480 Petreium
459 435 542 480 terret
564 446 678 494 eosque,
704 438 764 480 euru
787 431 889 482 bellum
910 433 939 480 in
958 431 1039 482 Celti-

96 517 199 567 beriam
218 516 375 566 translaturi
395 516 464 566 locis
482 516 653 578 excederent,
671 532 777 568 summa
795 519 911 569 militum
930 523 1039 568 conten·

96 602 170 652 tione
194 602 359 652 'subsecutus
389 602 487 652 itinere
515 600 672 652 intercludit
701 619 724 653 c.
751 605 862 655 61-70.
906 603 1040 653 Militibus

95 689 228 753 proelium
247 687 449 753 postulantibus
469 688 571 739 Caesar
589 688 702 753 obsequi
724 689 812 739 noluit
834 703 959 755 sperans,
981 689 1040 737 sine

96 773 200 839 proelio
214 790 270 824 rem
289 789 318 823 se
334 788 392 823 esse
412 773 597 823 confecturum
611 789 634 824 c.
645 775 685 824 71.
699 775 740 825 72.
767 775 875 825 Petreio
890 781 917 825 et
929 774 1040 825 Afranio

96 861 185 926 operis
203 860 363 910 instituendi
387 875 471 910 causa
498 876 530 910 ex
559 861 655 911 eastris
682 862 832 926 progressis
855 861 956 911 milites
980 876 1040 910 curn

98 945 270 997 Caesarianis
289 946 323 995 de
337 945 475 997 deditione
494 952 615 1011 agunto.
629 947 669 997 73.
683 947 724 997 74.
742 946 892 1012 Regressus
910 947 939 996 in
951 952 1062 1007 castras:

97 1034 222 1083 Petreius
254 1031 390 1097 colloquia
419 1033 604 1098 interrumpit,
631 1031 825 1098 Caesarianos,
852 1048 920 1097 quos
948 1032 1041 1098 depre-

96 1118 353 1188 henditinteriicit,
372 1119 472 1169 milites
491 1119 665 1170 iureiurando
684 1119 719 1170 ad
736 1118 844 1170 fortiter
861 1119 1041 1170 resistendum

97 1208 242 1273 obstringit
262 1222 284 1258 c.
307 1206 347 1256 rt.
367 1207 407 1256 76.
445 1205 546 1257 Caesar
567 1210 661 1256 eontra
683 1206 864 1271 Pompeianos
889 1205 979 1256 salvos
1003 1205 1042 1254 di-

96 1294 179 1343 mittit
196 1277 219 1342 ess
233 1294 274 1343 77.
302 1292 399 1357 Inopia
417 1293 505 1343 eoacti
523 1293 684 1357 Pompeiani
702 1297 792 1342 castra
810 1290 927 1342 Ilerdam
946 1307 1041 1343 versus

96 1385 219 1440 movent3
238 1381 266 1428 in
284 1379 383 1430 itinere
402 1394 419 1429 a
438 1379 554 1431 Caesare
572 1381 754 1441 lacessuntur,
779 1379 895 1445 denique
914 1377 949 1428 ad
967 1377 1041 1427 dedi·

97 1468 197 1516 tionem
221 1470 354 1531 coguntur
371 1482 394 1516 c.
413 1466 525 1521 78-85,
560 1466 684 1516 Ducibus
702 1472 733 1517 ut
750 1465 836 1516 libere
856 1480 889 1514 ex
907 1463 1064 1528 Hispania.

98 1552 240 1622 excedant·
248 1552 420 1616 conceditur,
444 1554 579 1604 exercitus
597 1569 660 1620 pars
678 1554 783 1616 statim,
807 1567 870 1618 pars
888 1549 924 1602 ad
941 1549 1041 1598 flumen

97 1640 198 1690 Varum
218 1639 360 1689 dimittitur
379 1656 401 1689 e.
414 1641 457 1690 86.
474 1641 516 1690 87.
587 1684 589 1689 ⁴

152 1764 178 1828 1.
203 1763 289 1803 *Η
311 1763 444 1827 Litteris
467 1760 509 1828 ab
532 1784 570 1827 eo
586 1759 749 1850 [Caesare]
766 1759 949 1826 consulibus
970 1759 1041 1826 red*

63 1868 136 1932 ditis
159 1889 256 1952 aegre
286 1865 327 1932 ab
356 1867 405 1931 his
434 1870 641 1952 impetratum
670 1877 719 1932 est
747 1889 872 1932 summa
899 1864 1042 1930 tribuno-

62 1994 135 2036 rum
156 1969 258 2056 plebis
289 1973 508 2055 contentione,
541 1981 578 2036 ut
604 1975 637 2036 iu
666 1981 781 2036 senatu
812 1973 1041 2051 recitarentur3

62 2087 99 2140 ut
119 2097 197 2140 vero
220 2073 398 2147 exlitteris
421 2073 463 2138 ad
486 2083 634 2138 senatum
655 2073 847 2156 referretur,
876 2074 1042 2157 impetrari

62 2201 127 2242 non
149 2181 261 2264 potuit.
305 2177 463 2243 Referunt
486 2177 632 2242 eonsules
656 2177 696 2242 de
718 2199 754 2241 re
777 2176 907 2262 publica
935 2173 980 2261 [in
1002 2177 1064 2242 cir

62 2278 183 2368 vitatel.
228 2281 269 2347 L.
292 2280 450 2345 Lentulus
473 2281 584 2345 consul
612 2283 738 2346 senatui
759 2283 872 2364 reique
894 2276 1042 2364 publicae

63 2408 97 2449 se
119 2408 184 2450 non
208 2383 394 2448 defuturum
415 2383 600 2469 pollicetur,
631 2386 657 2448 si
680 2383 835 2448 audacter
857 2403 896 2446 ac
918 2381 1044 2445 fortiter

63 2490 238 2554 sententias
261 2486 368 2551 dicere
390 2486 506 2571 velint,
537 2489 586 2551 sin
608 2485 782 2552 Caesarem
803 2486 977 2569 respiciant
998 2492 1043 2548 at·
1051 2512 1066 2550 a·

63 2615 125 2677 que
149 2594 217 2656 eius
239 2593 378 2676 gratiam
401 2600 587 2676 sequantur,
610 2600 647 2655 ut
669 2588 887 2675 superioribus
909 2588 1044 2652 fecerint

62 2693 271 2781 temporibuS,
294 2717 328 2758 se
345 2693 405 2758 ribi
421 2694 587 2758 eonsilium
603 2704 774 2780 capturum
789 2713 893 2777 neque
914 2699 1043 2755 senatus

63 2801 245 2864 auet0ritati
278 2797 591 2883 obtemperaturum:
628 2796 749 2862 habere
778 2819 811 2860 se
842 2817 971 2881 quoque
1001 2794 1044 2859 ad

64 2902 212 2967 Caesaris
234 2904 374 2986 gratiam
396 2910 493 2986 atque
509 2903 684 2966 amicitiam
698 2909 873 2986 receptum.
908 2899 948 2963 Iu
970 2920 1062 2964 ean-r

63 3005 137 3069 dem
171 3007 363 3070 senteutiam
392 3004 536 3090 loquitur
565 3005 687 3090 Scipio:
721 3005 874 3088 Pompeio
908 3023 978 3065 esse
1012 3004 1044 3064 in

63 3112 168 3172 animo
197 3107 394 3194 reipublicae
423 3130 488 3173 non
511 3108 638 3192 deesse,
672 3110 698 3173 si
721 3117 851 3172 senatus
874 3114 1043 3190 sequatur,

64 3215 90 3275 si
113 3221 282 3277 cunctetur
305 3222 403 3295 atque
425 3220 503 3296 agat
524 3211 636 3295 lenius,
658 3214 856 3296 nequiquam
872 3211 939 3272 eius
955 3209 1043 3271 auxi-

62 3314 150 3399 lium,
173 3318 200 3380 si
222 3324 334 3401 postea
355 3313 443 3397 velit,
465 3326 613 3380 senatum
635 3314 888 3401 imploraturum.

87 3494 91 3503 ,
149 3420 178 3487 2.
213 3420 310 3485 Haec
329 3419 487 3502 Scipionis
509 3418 732 3505 oratio‚‚quod
753 3427 883 3497 senatus
906 3417 939 3479 in
961 3413 1044 3481 urbe

64 3521 248 3590 habebatur
270 3523 508 3611 Pompeiusque
528 3516 673 3609 aderat,
687 3543 731 3589 ex
752 3523 929 3609 ipsiusore
950 3514 1049 3603 Pong

856 3623 890 3673 γε
