2376 3924
143 162 192 212 XL
445 159 655 212 ADNO'PA'PIO
675 158 820 210 emulos

248 363 270 397 c.
289 349 331 408 88,
350 347 379 397 b:
407 346 456 414 qui
474 345 499 400 ei
517 346 612 398 arurtr'a
627 345 758 414 pericula
776 350 803 398 et
822 345 991 399 detrimeuta
1010 347 1074 402 betti
1095 347 1123 417 [a

149 432 304 501 Gutruuto]
328 436 443 502 accepta
466 430 648 501 referebant]
676 434 761 484 verbe
779 448 798 484 a
818 431 999 486 Gutruato
1017 434 1123 501 Frigell

145 524 177 569 ut
194 520 288 585 spuria
306 519 413 570 delevit.

249 649 271 682 c.
289 633 331 691 39,
346 632 376 682 4:
404 647 467 684 euru
485 628 639 699 leqr'aurbus
658 628 782 697 reliquit,
801 628 850 696 qut
867 628 953 684 r'ustr's
971 629 1124 686 itiuerrbus

147 715 382 786 subsequeretur]
401 718 514 783 vulgate
525 716 616 781 lectio,
636 732 699 770 euru
712 713 867 785 beqtarrrbus
885 715 1023 770 duabus
1038 732 1125 770 ...se

147 803 374 870 subsequeretur,
402 818 482 869 quem
505 802 610 853 Holder
631 808 742 869 propter
765 803 841 855 codd.
864 804 956 855 Moiss.
975 807 1002 853 et
1019 803 1125 855 Thean.

147 892 259 941 retinuit
285 890 325 956 (in
350 891 436 956 Bong.
460 890 544 941 verbe
567 888 694 940 Hirtiane
720 889 784 940 inde
810 889 844 940 ab
872 888 911 941 ad
936 888 1126 943 resistendum

147 993 170 1027 c.
188 979 229 1038 39,
248 979 264 1026 2
282 992 369 1043 usque
387 974 422 1027 ad
440 993 463 1027 c.
481 976 524 1039 43,
542 977 558 1025 3
581 990 664 1027 manu
687 976 836 1026 recentiore
860 980 972 1027 exarata
990 975 1063 1045 eunt)
1084 978 1125 1027 in-

146 1064 354 1130 terpolationem
373 1077 468 1129 sapere
485 1063 600 1114 videtur.

250 1192 272 1226 c.
291 1176 333 1237 42,
352 1175 382 1224 4:
410 1174 454 1227 ita
478 1174 606 1242 quisque,
633 1178 742 1243 prout
765 1179 828 1228 erat
850 1173 972 1228 maxime
993 1171 1126 1243 tusique,

148 1275 201 1328 quo
219 1260 315 1314 uattar
334 1261 517 1328 testatiorque
534 1260 627 1315 uirtus
646 1264 731 1328 esset,
758 1260 821 1314 tetis
845 1259 968 1314 bostium
985 1259 1126 1327 {tamesae-

148 1363 199 1420 que
217 1362 245 1400 se
263 1345 422 1417 offerebat]
450 1348 550 1398 retinui
568 1348 640 1399 hunc
656 1346 801 1398 lectionem
819 1349 848 1399 in
866 1348 955 1413 priore
973 1347 1092 1398 editione
1110 1363 1127 1399 a

149 1450 190 1484 me
208 1435 387 1499 propositam,
416 1435 516 1500 quippe
534 1448 604 1499 quoe
624 1449 704 1500 quem
722 1435 843 1500 proxime
860 1433 973 1485 accedet
990 1432 1025 1484 ed
1042 1433 1128 1485 verbe

148 1519 265 1570 Floriac.
283 1519 373 1570 Vatic.
391 1524 418 1569 et
441 1535 488 1570 sex
511 1517 698 1585 Oudendorpii
722 1520 846 1570 codicum
869 1517 914 1571 tto
936 1517 1053 1586 quisque
1071 1532 1127 1586 po-

150 1608 245 1658 terat
261 1604 382 1658 ruaur'uu
400 1604 531 1675 tusiquis.
556 1605 626 1657 illud
640 1609 755 1673 poterat
775 1607 847 1657 enim
866 1617 1045 1674 expeteret
1063 1621 1126 1657 ena·

149 1698 206 1743 tum
225 1708 285 1743 esee
303 1692 418 1742 videtur.
448 1692 477 1742 in
495 1690 611 1744 eundem
629 1692 846 1743 emendationem
866 1692 946 1743 etiem
965 1691 1071 1758 Frigell
1088 1693 1128 1742 in·

149 1778 222 1829 cidit.
241 1777 397 1844 Nipperdey
408 1776 452 1829 r‘ta
465 1777 581 1844 quisque
598 1781 637 1832 ut
656 1781 734 1830 erat
752 1781 814 1831 cett.
834 1777 964 1830 ediderat
983 1777 1128 1830 lectionem

150 1865 212 1915 inde
233 1864 268 1915 ab
287 1863 426 1930 scaligero
443 1863 596 1930 vulgatam,
624 1879 704 1930 quam
733 1863 792 1914 cod.
813 1864 905 1915 Moiee.
930 1867 957 1914 et
979 1862 1128 1916 deteriores

150 1950 255 2016 aliquot
271 1949 335 2000 libri
348 1949 484 2014 exhibent,
502 1949 547 2003 cta
565 1965 663 2018 quara
682 1948 829 2017 quisque
844 1952 992 2017 poterat
1008 1949 1126 2003 uauiuu

150 2035 274 2105 tusiqur's
293 2063 325 2074 —
343 2037 466 2101 Dtlbner,
483 2036 614 2100 Dittenb.‚
632 2035 744 2099 Holder,
763 2037 944 2087 Dob.·Dinter
962 2035 1100 2103 redintegr

150 2128 225 2185 runt,
253 2137 367 2188 eamque
389 2123 471 2174 etiem
489 2122 637 2174 Vielheber
663 2121 859 2174 defendendam
883 2126 1053 2188 susceperat,

150 2210 178 2258 in
198 2207 303 2274 ephem.
322 2224 413 2275 gymn.
434 2214 517 2261 auctr.
535 2215 554 2260 t
572 2209 648 2272 XXI,
676 2226 701 2275 p.
720 2207 770 2259 542
789 2208 912 2274 scripsit:
939 2198 981 2245 ‘-
1000 2206 1063 2259 dees

151 2292 241 2362 siquis
260 2294 309 2345 auf
324 2293 373 2346 das
389 2294 502 2361 subject
519 2296 640 2362 beregen
658 2296 694 2346 ist
711 2299 777 2346 etett
795 2293 836 2345 als
849 2291 959 2345 Adverb
978 2293 1051 2345 diei

150 2381 218 2447 lung
247 2379 470 2432 charckterioiert
499 2378 575 2448 (sict)
601 2409 637 2421 -
662 2395 745 2447 quara
776 2377 891 2446 quisque
916 2382 1032 2447 poterat

150 2464 284 2534 quissime
310 2483 356 2517 um
383 2467 478 2519 diesen
504 2466 659 2534 Superlativ
686 2482 720 2518 uu
747 2466 841 2517 bilden
860 2495 893 2507 -
916 2466 964 2517 hat
990 2464 1054 2516 vicll

152 2553 229 2602 darin
255 2553 349 2603 seinen
369 2550 476 2615 Grund,
505 2553 567 2605 dees
591 2553 661 2605 doch
680 2553 729 2603 der
746 2552 830 2603 Manu
848 2551 897 2602 suf
916 2551 1040 2602 seinem‘

152 2654 200 2689 vor
218 2637 301 2689 allelu
320 2638 372 2689 den
390 2638 487 2705 Augen
505 2638 574 2690 eller
592 2639 720 2701 eichtbar,
744 2638 869 2704 insignio,
892 2629 942 2688 iet?
975 2642 1004 2688 et

152 2725 289 2789 subiecto,
319 2725 377 2776 eive
401 2724 435 2775 de
459 2726 566 2776 actione
584 2723 707 2794 basiqur's
730 2723 800 2776 illud
821 2723 1002 2790 praedicetur.

152 2815 226 2861 certe
243 2811 352 2875 ineptus
371 2814 421 2875 est,
437 2814 577 2876 tamquam
594 2825 679 2876 penes
698 2808 820 2876 singulos
838 2809 942 2873 fuisset,
965 2823 989 2875 qr

153 2900 216 2949 seut
229 2894 482 2964 ‹tusiqur‘ssime
499 2897 517 2946 i.
536 2912 559 2948 e.
578 2910 680 2964 quam
694 2899 844 2963 posseut
861 2893 975 2948 macir

152 2983 215 3036 bus
233 2981 419 3050 eeuspr'cur'
437 2982 500 3037 tetis
518 2981 640 3037 bostium
657 2981 837 3050 flammaeque
854 2995 884 3034 se
904 2980 959 3047 offe·

256 3104 340 3167 cte,
360 3106 388 3154 1:
416 3120 478 3158 cum
502 3103 533 3157 r‘u
556 3102 683 3158 ouudrus
707 3101 844 3171 partibus
865 3099 952 3154 Gallu

152 3188 213 3258 qert
239 3188 345 3243 uideret
363 3228 417 3255 ...,
446 3189 635 3259 Aquitaniam
662 3203 816 3256 uuuquam
843 3185 952 3240 adisset

154 3275 239 3329 bttuu
259 3274 393 3330 Crassum
411 3275 535 3345 quadam
552 3292 586 3331 eu
601 3279 687 3345 parte
705 3270 876 3342 tuutssuq
903 3277 947 3340 opt

154 3362 218 3412 libri
240 3362 315 3430 ipse
339 3361 448 3419 causet
472 3362 532 3431 ted
558 3363 662 3419 labem
684 3367 713 3405 et
732 3361 806 3412 benc
822 3357 933 3423 vulnett

153 3449 257 3500 Holder
275 3449 485 3518 redintegravit.
506 3449 556 3505 Μ
