<?xml version="1.0" encoding="UTF-8"?>
<!DOCTYPE html PUBLIC "-//W3C//DTD XHTML 1.0 Transitional//EN"
    "http://www.w3.org/TR/xhtml1/DTD/xhtml1-transitional.dtd">
<html xmlns="http://www.w3.org/1999/xhtml" xml:lang="en" lang="en">
 <head>
  <title>
</title>
<meta http-equiv="Content-Type" content="text/html;charset=utf-8" />
  <meta name='ocr-system' content='tesseract 3.04.00' />
  <meta name='ocr-capabilities' content='ocr_page ocr_carea ocr_par ocr_line ocrx_word'/>
</head>
<body>
  <div class='ocr_page' id='page_1' title='image "./ciuliicaesarisc00hoffgoog/ciuliicaesarisc00hoffgoog_0218.png"; bbox 0 0 2376 3924; ppageno 0'>
   <div class='ocr_carea' id='block_1_1' title="bbox 357 236 1050 302">
    <p class='ocr_par' dir='ltr' id='par_1_1' title="bbox 357 236 1050 302">
     <span class='ocr_line' id='line_1_1' title="bbox 357 236 1050 302; baseline 0.022 -15"><span class='ocrx_word' id='word_1_1' title='bbox 357 238 480 288; x_wconf 75' lang='lat' dir='ltr'>meua</span> <span class='ocrx_word' id='word_1_2' title='bbox 497 239 544 302; x_wconf 79' lang='lat' dir='ltr'>vr,</span> <span class='ocrx_word' id='word_1_3' title='bbox 563 237 639 289; x_wconf 74' lang='lat' dir='ltr'>car.</span> <span class='ocrx_word' id='word_1_4' title='bbox 659 239 768 288; x_wconf 80' lang='lat' dir='ltr'>ao-sr.</span> <span class='ocrx_word' id='word_1_5' title='bbox 989 236 1050 301; x_wconf 83' lang='lat'>165</span> 
     </span>
    </p>
   </div>
   <div class='ocr_carea' id='block_1_2' title="bbox 73 430 1090 3648">
    <p class='ocr_par' dir='ltr' id='par_1_2' title="bbox 73 430 1076 1881">
     <span class='ocr_line' id='line_1_2' title="bbox 73 430 1073 520; baseline -0.001 -20"><span class='ocrx_word' id='word_1_6' title='bbox 73 456 182 520; x_wconf 90' lang='lat' dir='ltr'>neque</span> <span class='ocrx_word' id='word_1_7' title='bbox 204 432 276 499; x_wconf 88' lang='lat' dir='ltr'>ulla</span> <span class='ocrx_word' id='word_1_8' title='bbox 300 432 341 497; x_wconf 90' lang='lat' dir='ltr'>de</span> <span class='ocrx_word' id='word_1_9' title='bbox 364 432 476 498; x_wconf 89' lang='lat' dir='ltr'>reditu</span> <span class='ocrx_word' id='word_1_10' title='bbox 506 433 576 496; x_wconf 89' lang='lat' dir='ltr'>eius</span> <span class='ocrx_word' id='word_1_11' title='bbox 599 432 690 497; x_wconf 89' lang='lat' dir='ltr'>fama</span> <span class='ocrx_word' id='word_1_12' title='bbox 713 432 926 514; x_wconf 89' lang='lat' dir='ltr'>afferebatur,</span> <span class='ocrx_word' id='word_1_13' title='bbox 952 430 1073 499; x_wconf 78' lang='lat' dir='ltr'>simule</span> 
     </span>
     <span class='ocr_line' id='line_1_3' title="bbox 74 535 1051 624; baseline -0.006 -20"><span class='ocrx_word' id='word_1_14' title='bbox 74 560 189 604; x_wconf 91' lang='lat' dir='ltr'>eorum</span> <span class='ocrx_word' id='word_1_15' title='bbox 204 547 373 624; x_wconf 87' lang='lat' dir='ltr'>permotus</span> <span class='ocrx_word' id='word_1_16' title='bbox 389 535 539 619; x_wconf 88' lang='lat' dir='ltr'>vocibus,</span> <span class='ocrx_word' id='word_1_17' title='bbox 557 537 612 622; x_wconf 91' lang='lat' dir='ltr'>qui</span> <span class='ocrx_word' id='word_1_18' title='bbox 625 535 714 602; x_wconf 91' lang='lat' dir='ltr'>illius</span> <span class='ocrx_word' id='word_1_19' title='bbox 732 537 931 621; x_wconf 89' lang='lat' dir='ltr'>patientiam</span> <span class='ocrx_word' id='word_1_20' title='bbox 943 557 1051 622; x_wconf 90' lang='lat' dir='ltr'>paene</span> 
     </span>
     <span class='ocr_line' id='line_1_4' title="bbox 76 638 1052 733; baseline -0.007 -24"><span class='ocrx_word' id='word_1_21' title='bbox 76 642 306 710; x_wconf 77' lang='lat' dir='ltr'>obsessionem</span> <span class='ocrx_word' id='word_1_22' title='bbox 317 640 547 733; x_wconf 79' lang='lat' dir='ltr'>appellabant,</span> <span class='ocrx_word' id='word_1_23' title='bbox 564 640 729 726; x_wconf 83' lang='lat' dir='ltr'>siquidem</span> <span class='ocrx_word' id='word_1_24' title='bbox 741 663 784 706; x_wconf 88' lang='lat' dir='ltr'>ex</span> <span class='ocrx_word' id='word_1_25' title='bbox 796 641 921 707; x_wconf 89' lang='lat' dir='ltr'>castris</span> <span class='ocrx_word' id='word_1_26' title='bbox 935 638 1052 723; x_wconf 85' lang='lat' dir='ltr'>egredi</span> 
     </span>
     <span class='ocr_line' id='line_1_5' title="bbox 75 744 1052 830; baseline -0.006 -17"><span class='ocrx_word' id='word_1_27' title='bbox 75 769 144 814; x_wconf 92' lang='lat' dir='ltr'>non</span> <span class='ocrx_word' id='word_1_28' title='bbox 172 746 307 830; x_wconf 88' lang='lat' dir='ltr'>liceret,</span> <span class='ocrx_word' id='word_1_29' title='bbox 340 744 470 811; x_wconf 89' lang='lat' dir='ltr'>nullum</span> <span class='ocrx_word' id='word_1_30' title='bbox 498 744 660 810; x_wconf 88' lang='lat' dir='ltr'>eiusmodi</span> <span class='ocrx_word' id='word_1_31' title='bbox 689 766 805 810; x_wconf 90' lang='lat' dir='ltr'>casum</span> <span class='ocrx_word' id='word_1_32' title='bbox 839 754 1052 830; x_wconf 87' lang='lat' dir='ltr'>exspectans,</span> 
     </span>
     <span class='ocr_line' id='line_1_6' title="bbox 77 848 1052 939; baseline -0.006 -21"><span class='ocrx_word' id='word_1_33' title='bbox 77 873 141 939; x_wconf 92' lang='lat' dir='ltr'>quo</span> <span class='ocrx_word' id='word_1_34' title='bbox 153 873 273 918; x_wconf 89' lang='lat' dir='ltr'>novem</span> <span class='ocrx_word' id='word_1_35' title='bbox 287 849 450 936; x_wconf 90' lang='lat' dir='ltr'>oppositis</span> <span class='ocrx_word' id='word_1_36' title='bbox 463 848 653 934; x_wconf 86' lang='lat' dir='ltr'>legionibus</span> <span class='ocrx_word' id='word_1_37' title='bbox 672 850 885 935; x_wconf 87' lang='lat' dir='ltr'>maximoque</span> <span class='ocrx_word' id='word_1_38' title='bbox 902 850 1052 934; x_wconf 90' lang='lat' dir='ltr'>equitatu</span> 
     </span>
     <span class='ocr_line' id='line_1_7' title="bbox 80 951 1053 1042; baseline -0.005 -21"><span class='ocrx_word' id='word_1_39' title='bbox 80 956 240 1042; x_wconf 88' lang='lat' dir='ltr'>dispersis</span> <span class='ocrx_word' id='word_1_40' title='bbox 264 975 304 1027; x_wconf 86' lang='lat' dir='ltr'>ac</span> <span class='ocrx_word' id='word_1_41' title='bbox 327 976 436 1040; x_wconf 88' lang='lat' dir='ltr'>paene</span> <span class='ocrx_word' id='word_1_42' title='bbox 453 953 573 1018; x_wconf 87' lang='lat' dir='ltr'>deletis</span> <span class='ocrx_word' id='word_1_43' title='bbox 595 951 750 1018; x_wconf 90' lang='lat' dir='ltr'>hostibus</span> <span class='ocrx_word' id='word_1_44' title='bbox 768 955 801 1017; x_wconf 92' lang='lat' dir='ltr'>in</span> <span class='ocrx_word' id='word_1_45' title='bbox 817 952 953 1017; x_wconf 91' lang='lat' dir='ltr'>milibus</span> <span class='ocrx_word' id='word_1_46' title='bbox 977 974 1053 1037; x_wconf 91' lang='lat' dir='ltr'>pas·</span> 
     </span>
     <span class='ocr_line' id='line_1_8' title="bbox 79 1057 1053 1145; baseline -0.003 -20"><span class='ocrx_word' id='word_1_47' title='bbox 79 1081 174 1125; x_wconf 93' lang='lat' dir='ltr'>suum</span> <span class='ocrx_word' id='word_1_48' title='bbox 195 1059 306 1125; x_wconf 87' lang='lat' dir='ltr'>tribus</span> <span class='ocrx_word' id='word_1_49' title='bbox 331 1058 455 1125; x_wconf 89' lang='lat' dir='ltr'>offendi</span> <span class='ocrx_word' id='word_1_50' title='bbox 477 1067 608 1145; x_wconf 91' lang='lat' dir='ltr'>posset,</span> <span class='ocrx_word' id='word_1_51' title='bbox 638 1059 783 1144; x_wconf 91' lang='lat' dir='ltr'>quinque</span> <span class='ocrx_word' id='word_1_52' title='bbox 807 1057 961 1123; x_wconf 89' lang='lat' dir='ltr'>cohortes</span> <span class='ocrx_word' id='word_1_53' title='bbox 985 1057 1053 1122; x_wconf 86' lang='lat' dir='ltr'>fru-</span> 
     </span>
     <span class='ocr_line' id='line_1_9' title="bbox 78 1162 1053 1248; baseline -0.004 -18"><span class='ocrx_word' id='word_1_54' title='bbox 78 1171 264 1230; x_wconf 90' lang='lat' dir='ltr'>mentatum</span> <span class='ocrx_word' id='word_1_55' title='bbox 286 1162 321 1226; x_wconf 96' lang='lat' dir='ltr'>in</span> <span class='ocrx_word' id='word_1_56' title='bbox 343 1163 517 1248; x_wconf 87' lang='lat' dir='ltr'>proximas</span> <span class='ocrx_word' id='word_1_57' title='bbox 534 1171 665 1245; x_wconf 81' lang='lat' dir='ltr'>segetes</span> <span class='ocrx_word' id='word_1_58' title='bbox 681 1163 797 1246; x_wconf 89' lang='lat' dir='ltr'>mittit,</span> <span class='ocrx_word' id='word_1_59' title='bbox 814 1185 897 1248; x_wconf 88' lang='lat' dir='ltr'>quas</span> <span class='ocrx_word' id='word_1_60' title='bbox 913 1164 999 1227; x_wconf 84' lang='lat' dir='ltr'>inter</span> <span class='ocrx_word' id='word_1_61' title='bbox 1021 1172 1053 1227; x_wconf 92' lang='lat' dir='ltr'>et</span> 
     </span>
     <span class='ocr_line' id='line_1_10' title="bbox 79 1265 1076 1354; baseline -0.005 -21"><span class='ocrx_word' id='word_1_62' title='bbox 79 1275 193 1334; x_wconf 87' lang='lat' dir='ltr'>castra</span> <span class='ocrx_word' id='word_1_63' title='bbox 228 1289 314 1332; x_wconf 90' lang='lat' dir='ltr'>unus</span> <span class='ocrx_word' id='word_1_64' title='bbox 351 1268 484 1332; x_wconf 91' lang='lat' dir='ltr'>omnino</span> <span class='ocrx_word' id='word_1_65' title='bbox 519 1265 616 1332; x_wconf 91' lang='lat' dir='ltr'>collis</span> <span class='ocrx_word' id='word_1_66' title='bbox 644 1268 819 1332; x_wconf 81' lang='lat' dir='ltr'>intererat.</span> <span class='ocrx_word' id='word_1_67' title='bbox 860 1266 1076 1354; x_wconf 76' lang='lat' dir='ltr'>Compluresr</span> 
     </span>
     <span class='ocr_line' id='line_1_11' title="bbox 80 1368 1055 1458; baseline -0.002 -21"><span class='ocrx_word' id='word_1_68' title='bbox 80 1379 177 1437; x_wconf 87' lang='lat' dir='ltr'>erant</span> <span class='ocrx_word' id='word_1_69' title='bbox 207 1393 250 1436; x_wconf 86' lang='lat' dir='ltr'>ex</span> <span class='ocrx_word' id='word_1_70' title='bbox 277 1368 468 1454; x_wconf 89' lang='lat' dir='ltr'>legionibus</span> <span class='ocrx_word' id='word_1_71' title='bbox 497 1372 593 1454; x_wconf 87' lang='lat' dir='ltr'>aegri</span> <span class='ocrx_word' id='word_1_72' title='bbox 620 1368 748 1454; x_wconf 79' lang='lat' dir='ltr'>relicti3</span> <span class='ocrx_word' id='word_1_73' title='bbox 783 1371 969 1458; x_wconf 84' lang='lat' dir='ltr'>exquibus</span> <span class='ocrx_word' id='word_1_74' title='bbox 999 1373 1055 1457; x_wconf 92' lang='lat' dir='ltr'>qui</span> 
     </span>
     <span class='ocr_line' id='line_1_12' title="bbox 78 1473 1055 1562; baseline 0.001 -23"><span class='ocrx_word' id='word_1_75' title='bbox 78 1475 142 1542; x_wconf 93' lang='lat' dir='ltr'>hoc</span> <span class='ocrx_word' id='word_1_76' title='bbox 167 1477 277 1562; x_wconf 90' lang='lat' dir='ltr'>spatio</span> <span class='ocrx_word' id='word_1_77' title='bbox 302 1473 430 1540; x_wconf 90' lang='lat' dir='ltr'>dierum</span> <span class='ocrx_word' id='word_1_78' title='bbox 452 1473 708 1558; x_wconf 78' lang='lat' dir='ltr'>convaluerant,</span> <span class='ocrx_word' id='word_1_79' title='bbox 731 1476 868 1540; x_wconf 86' lang='lat' dir='ltr'>circiter</span> <span class='ocrx_word' id='word_1_80' title='bbox 891 1491 969 1558; x_wconf 85' lang='lat' dir='ltr'>ccc,</span> <span class='ocrx_word' id='word_1_81' title='bbox 994 1475 1055 1540; x_wconf 87' lang='lat' dir='ltr'>sub</span> 
     </span>
     <span class='ocr_line' id='line_1_13' title="bbox 79 1577 1069 1667; baseline -0.001 -24"><span class='ocrx_word' id='word_1_82' title='bbox 79 1577 207 1644; x_wconf 84' lang='lat' dir='ltr'>vexillo</span> <span class='ocrx_word' id='word_1_83' title='bbox 229 1601 298 1644; x_wconf 92' lang='lat' dir='ltr'>una</span> <span class='ocrx_word' id='word_1_84' title='bbox 321 1579 517 1660; x_wconf 79' lang='lat' dir='ltr'>mittuntur3</span> <span class='ocrx_word' id='word_1_85' title='bbox 540 1599 665 1662; x_wconf 90' lang='lat' dir='ltr'>magna</span> <span class='ocrx_word' id='word_1_86' title='bbox 681 1587 860 1665; x_wconf 88' lang='lat' dir='ltr'>praeterea</span> <span class='ocrx_word' id='word_1_87' title='bbox 875 1578 1069 1667; x_wconf 90' lang='lat' dir='ltr'>multitudo</span> 
     </span>
     <span class='ocr_line' id='line_1_14' title="bbox 79 1682 1056 1770; baseline 0 -22"><span class='ocrx_word' id='word_1_88' title='bbox 79 1682 252 1767; x_wconf 92' lang='lat' dir='ltr'>calonum,</span> <span class='ocrx_word' id='word_1_89' title='bbox 274 1704 399 1768; x_wconf 87' lang='lat' dir='ltr'>magna</span> <span class='ocrx_word' id='word_1_90' title='bbox 421 1685 474 1749; x_wconf 90' lang='lat' dir='ltr'>vis</span> <span class='ocrx_word' id='word_1_91' title='bbox 496 1684 735 1768; x_wconf 89' lang='lat' dir='ltr'>iumentorum,</span> <span class='ocrx_word' id='word_1_92' title='bbox 765 1705 851 1770; x_wconf 92' lang='lat' dir='ltr'>quae</span> <span class='ocrx_word' id='word_1_93' title='bbox 874 1686 909 1749; x_wconf 91' lang='lat' dir='ltr'>in</span> <span class='ocrx_word' id='word_1_94' title='bbox 933 1685 1056 1749; x_wconf 89' lang='lat' dir='ltr'>castris</span> 
     </span>
     <span class='ocr_line' id='line_1_15' title="bbox 81 1786 812 1881; baseline 0 -30"><span class='ocrx_word' id='word_1_95' title='bbox 81 1786 326 1881; x_wconf 79' lang='lat' dir='ltr'>subsederant,</span> <span class='ocrx_word' id='word_1_96' title='bbox 339 1787 433 1854; x_wconf 84' lang='lat' dir='ltr'>facta</span> <span class='ocrx_word' id='word_1_97' title='bbox 455 1796 627 1874; x_wconf 89' lang='lat' dir='ltr'>potestate</span> <span class='ocrx_word' id='word_1_98' title='bbox 651 1789 812 1873; x_wconf 89' lang='lat' dir='ltr'>sequitur.</span> 
     </span>
    </p>

    <p class='ocr_par' dir='ltr' id='par_1_3' title="bbox 81 1889 1090 3648">
     <span class='ocr_line' id='line_1_16' title="bbox 168 1889 1057 1978; baseline 0.003 -24"><span class='ocrx_word' id='word_1_99' title='bbox 168 1890 218 1957; x_wconf 81' lang='grc'>37.</span> <span class='ocrx_word' id='word_1_100' title='bbox 246 1891 322 1958; x_wconf 92' lang='lat' dir='ltr'>Hoc</span> <span class='ocrx_word' id='word_1_101' title='bbox 338 1893 412 1978; x_wconf 93' lang='lat' dir='ltr'>ipso</span> <span class='ocrx_word' id='word_1_102' title='bbox 428 1901 578 1978; x_wconf 87' lang='lat' dir='ltr'>tempore</span> <span class='ocrx_word' id='word_1_103' title='bbox 594 1902 627 1959; x_wconf 85' lang='lat' dir='ltr'>et</span> <span class='ocrx_word' id='word_1_104' title='bbox 643 1914 727 1958; x_wconf 90' lang='lat' dir='ltr'>casu</span> <span class='ocrx_word' id='word_1_105' title='bbox 742 1889 904 1958; x_wconf 82' lang='lat' dir='ltr'>Germani</span> <span class='ocrx_word' id='word_1_106' title='bbox 928 1892 1057 1978; x_wconf 90' lang='lat' dir='ltr'>equites</span> 
     </span>
     <span class='ocr_line' id='line_1_17' title="bbox 81 1995 1056 2084; baseline 0.001 -23"><span class='ocrx_word' id='word_1_107' title='bbox 81 1998 311 2063; x_wconf 88' lang='lat' dir='ltr'>interveniunt</span> <span class='ocrx_word' id='word_1_108' title='bbox 325 1999 544 2084; x_wconf 90' lang='lat' dir='ltr'>protinusque</span> <span class='ocrx_word' id='word_1_109' title='bbox 561 1995 679 2062; x_wconf 90' lang='lat' dir='ltr'>eodem</span> <span class='ocrx_word' id='word_1_110' title='bbox 702 1995 771 2080; x_wconf 92' lang='lat' dir='ltr'>illo,</span> <span class='ocrx_word' id='word_1_111' title='bbox 796 2018 859 2082; x_wconf 93' lang='lat' dir='ltr'>quo</span> <span class='ocrx_word' id='word_1_112' title='bbox 883 2006 1056 2079; x_wconf 90' lang='lat' dir='ltr'>venerant,</span> 
     </span>
     <span class='ocr_line' id='line_1_18' title="bbox 81 2101 1058 2187; baseline -0.005 -17"><span class='ocrx_word' id='word_1_113' title='bbox 81 2124 183 2170; x_wconf 86' lang='lat' dir='ltr'>cursu</span> <span class='ocrx_word' id='word_1_114' title='bbox 204 2101 249 2168; x_wconf 92' lang='lat' dir='ltr'>ab</span> <span class='ocrx_word' id='word_1_115' title='bbox 273 2101 460 2167; x_wconf 87' lang='lat' dir='ltr'>decumana</span> <span class='ocrx_word' id='word_1_116' title='bbox 482 2110 580 2187; x_wconf 92' lang='lat' dir='ltr'>porta</span> <span class='ocrx_word' id='word_1_117' title='bbox 604 2102 639 2166; x_wconf 91' lang='lat' dir='ltr'>in</span> <span class='ocrx_word' id='word_1_118' title='bbox 661 2111 776 2167; x_wconf 89' lang='lat' dir='ltr'>castra</span> <span class='ocrx_word' id='word_1_119' title='bbox 799 2102 981 2186; x_wconf 90' lang='lat' dir='ltr'>irrumpere</span> <span class='ocrx_word' id='word_1_120' title='bbox 1004 2122 1058 2165; x_wconf 89' lang='lat' dir='ltr'>co·</span> 
     </span>
     <span class='ocr_line' id='line_1_19' title="bbox 81 2203 1080 2293; baseline -0.005 -19"><span class='ocrx_word' id='word_1_121' title='bbox 81 2215 218 2292; x_wconf 88' lang='lat' dir='ltr'>uantur,</span> <span class='ocrx_word' id='word_1_122' title='bbox 240 2227 304 2272; x_wconf 89' lang='lat' dir='ltr'>nec</span> <span class='ocrx_word' id='word_1_123' title='bbox 325 2205 418 2293; x_wconf 87' lang='lat' dir='ltr'>prius</span> <span class='ocrx_word' id='word_1_124' title='bbox 448 2214 526 2270; x_wconf 88' lang='lat' dir='ltr'>sunt</span> <span class='ocrx_word' id='word_1_125' title='bbox 548 2206 615 2270; x_wconf 85' lang='lat' dir='ltr'>visi</span> <span class='ocrx_word' id='word_1_126' title='bbox 647 2204 789 2271; x_wconf 86' lang='lat' dir='ltr'>obiectis</span> <span class='ocrx_word' id='word_1_127' title='bbox 819 2203 863 2269; x_wconf 91' lang='lat' dir='ltr'>ab</span> <span class='ocrx_word' id='word_1_128' title='bbox 893 2226 932 2269; x_wconf 90' lang='lat' dir='ltr'>ea</span> <span class='ocrx_word' id='word_1_129' title='bbox 961 2213 1080 2290; x_wconf 73' lang='lat' dir='ltr'>partea</span> 
     </span>
     <span class='ocr_line' id='line_1_20' title="bbox 83 2311 1058 2397; baseline -0.006 -19"><span class='ocrx_word' id='word_1_130' title='bbox 83 2311 191 2394; x_wconf 86' lang='lat' dir='ltr'>silvis,</span> <span class='ocrx_word' id='word_1_131' title='bbox 214 2331 315 2396; x_wconf 88' lang='lat' dir='ltr'>quam</span> <span class='ocrx_word' id='word_1_132' title='bbox 337 2312 460 2376; x_wconf 89' lang='lat' dir='ltr'>castris</span> <span class='ocrx_word' id='word_1_133' title='bbox 477 2311 797 2397; x_wconf 85' lang='lat' dir='ltr'>appropinquarent,</span> <span class='ocrx_word' id='word_1_134' title='bbox 821 2331 925 2394; x_wconf 90' lang='lat' dir='ltr'>usque</span> <span class='ocrx_word' id='word_1_135' title='bbox 950 2331 988 2373; x_wconf 90' lang='lat' dir='ltr'>eo</span> <span class='ocrx_word' id='word_1_136' title='bbox 1011 2317 1058 2392; x_wconf 91' lang='lat' dir='ltr'>ut,</span> 
     </span>
     <span class='ocr_line' id='line_1_21' title="bbox 82 2411 1060 2504; baseline -0.005 -23"><span class='ocrx_word' id='word_1_137' title='bbox 82 2417 140 2504; x_wconf 91' lang='lat' dir='ltr'>qui</span> <span class='ocrx_word' id='word_1_138' title='bbox 164 2413 227 2480; x_wconf 89' lang='lat' dir='ltr'>sub</span> <span class='ocrx_word' id='word_1_139' title='bbox 242 2412 334 2480; x_wconf 88' lang='lat' dir='ltr'>vallo</span> <span class='ocrx_word' id='word_1_140' title='bbox 357 2413 535 2480; x_wconf 88' lang='lat' dir='ltr'>tenderent</span> <span class='ocrx_word' id='word_1_141' title='bbox 556 2423 776 2497; x_wconf 82' lang='lat' dir='ltr'>mercatores,</span> <span class='ocrx_word' id='word_1_142' title='bbox 799 2411 985 2499; x_wconf 88' lang='lat' dir='ltr'>recipiendi</span> <span class='ocrx_word' id='word_1_143' title='bbox 1009 2414 1060 2477; x_wconf 89' lang='lat' dir='ltr'>sui</span> 
     </span>
     <span class='ocr_line' id='line_1_22' title="bbox 83 2516 1083 2604; baseline -0.006 -17"><span class='ocrx_word' id='word_1_144' title='bbox 83 2519 282 2587; x_wconf 81' lang='lat' dir='ltr'>facultatem</span> <span class='ocrx_word' id='word_1_145' title='bbox 292 2539 360 2583; x_wconf 93' lang='lat' dir='ltr'>non</span> <span class='ocrx_word' id='word_1_146' title='bbox 373 2516 546 2584; x_wconf 88' lang='lat' dir='ltr'>haberent.</span> <span class='ocrx_word' id='word_1_147' title='bbox 569 2518 787 2604; x_wconf 88' lang='lat' dir='ltr'>Inopinantes</span> <span class='ocrx_word' id='word_1_148' title='bbox 800 2519 908 2581; x_wconf 90' lang='lat' dir='ltr'>nostri</span> <span class='ocrx_word' id='word_1_149' title='bbox 924 2539 960 2581; x_wconf 91' lang='lat' dir='ltr'>re</span> <span class='ocrx_word' id='word_1_150' title='bbox 971 2533 1083 2581; x_wconf 66' lang='lat' dir='ltr'>novat</span> 
     </span>
     <span class='ocr_line' id='line_1_23' title="bbox 82 2621 1061 2714; baseline -0.006 -23"><span class='ocrx_word' id='word_1_151' title='bbox 82 2622 342 2714; x_wconf 88' lang='lat' dir='ltr'>perturbantur,</span> <span class='ocrx_word' id='word_1_152' title='bbox 371 2647 413 2690; x_wconf 91' lang='lat' dir='ltr'>ac</span> <span class='ocrx_word' id='word_1_153' title='bbox 435 2626 495 2691; x_wconf 89' lang='lat' dir='ltr'>vix</span> <span class='ocrx_word' id='word_1_154' title='bbox 523 2626 665 2711; x_wconf 90' lang='lat' dir='ltr'>primum</span> <span class='ocrx_word' id='word_1_155' title='bbox 692 2625 852 2709; x_wconf 90' lang='lat' dir='ltr'>impetum</span> <span class='ocrx_word' id='word_1_156' title='bbox 876 2621 995 2688; x_wconf 87' lang='lat' dir='ltr'>cohors</span> <span class='ocrx_word' id='word_1_157' title='bbox 1027 2624 1061 2686; x_wconf 91' lang='lat' dir='ltr'>in</span> 
     </span>
     <span class='ocr_line' id='line_1_24' title="bbox 85 2725 1085 2812; baseline -0.005 -17"><span class='ocrx_word' id='word_1_158' title='bbox 85 2729 393 2795; x_wconf 86' lang='lat' dir='ltr'>stationesustinet.</span> <span class='ocrx_word' id='word_1_159' title='bbox 410 2725 735 2794; x_wconf 76' lang='lat' dir='ltr'>Circumfunduntur</span> <span class='ocrx_word' id='word_1_160' title='bbox 746 2750 789 2793; x_wconf 88' lang='lat' dir='ltr'>ex</span> <span class='ocrx_word' id='word_1_161' title='bbox 800 2725 1060 2812; x_wconf 88' lang='lat' dir='ltr'>reliquishostes</span> <span class='ocrx_word' id='word_1_162' title='bbox 1073 2741 1085 2780; x_wconf 83' lang='lat'><strong>⁴</strong></span> 
     </span>
     <span class='ocr_line' id='line_1_25' title="bbox 83 2828 1085 2922; baseline -0.005 -23"><span class='ocrx_word' id='word_1_163' title='bbox 83 2831 252 2922; x_wconf 85' lang='lat' dir='ltr'>partibus,</span> <span class='ocrx_word' id='word_1_164' title='bbox 275 2832 304 2897; x_wconf 87' lang='lat' dir='ltr'>si</span> <span class='ocrx_word' id='word_1_165' title='bbox 326 2853 424 2918; x_wconf 91' lang='lat' dir='ltr'>quem</span> <span class='ocrx_word' id='word_1_166' title='bbox 442 2831 574 2897; x_wconf 88' lang='lat' dir='ltr'>aditum</span> <span class='ocrx_word' id='word_1_167' title='bbox 596 2832 745 2918; x_wconf 87' lang='lat' dir='ltr'>reperire</span> <span class='ocrx_word' id='word_1_168' title='bbox 767 2838 915 2917; x_wconf 90' lang='lat' dir='ltr'>possent.</span> <span class='ocrx_word' id='word_1_169' title='bbox 950 2828 1085 2913; x_wconf 82' lang='lat' dir='ltr'>Aegre⁵</span> 
     </span>
     <span class='ocr_line' id='line_1_26' title="bbox 83 2934 1062 3024; baseline -0.004 -21"><span class='ocrx_word' id='word_1_170' title='bbox 83 2946 202 3024; x_wconf 90' lang='lat' dir='ltr'>portas</span> <span class='ocrx_word' id='word_1_171' title='bbox 224 2936 333 3002; x_wconf 85' lang='lat' dir='ltr'>nostri</span> <span class='ocrx_word' id='word_1_172' title='bbox 361 2944 513 3015; x_wconf 86' lang='lat' dir='ltr'>tuentur,</span> <span class='ocrx_word' id='word_1_173' title='bbox 548 2935 694 3020; x_wconf 92' lang='lat' dir='ltr'>reliquos</span> <span class='ocrx_word' id='word_1_174' title='bbox 723 2935 837 3001; x_wconf 88' lang='lat' dir='ltr'>aditus</span> <span class='ocrx_word' id='word_1_175' title='bbox 866 2934 960 3000; x_wconf 86' lang='lat' dir='ltr'>locus</span> <span class='ocrx_word' id='word_1_176' title='bbox 990 2936 1062 3020; x_wconf 89' lang='lat' dir='ltr'>ipse</span> 
     </span>
     <span class='ocr_line' id='line_1_27' title="bbox 83 3039 1085 3129; baseline -0.005 -22"><span class='ocrx_word' id='word_1_177' title='bbox 83 3064 144 3129; x_wconf 91' lang='lat' dir='ltr'>per</span> <span class='ocrx_word' id='word_1_178' title='bbox 160 3063 197 3109; x_wconf 79' lang='lat' dir='ltr'>se</span> <span class='ocrx_word' id='word_1_179' title='bbox 211 3039 418 3125; x_wconf 88' lang='lat' dir='ltr'>munitioque</span> <span class='ocrx_word' id='word_1_180' title='bbox 434 3039 594 3106; x_wconf 85' lang='lat' dir='ltr'>defendit.</span> <span class='ocrx_word' id='word_1_181' title='bbox 618 3039 713 3105; x_wconf 85' lang='lat' dir='ltr'>Totis</span> <span class='ocrx_word' id='word_1_182' title='bbox 725 3039 916 3125; x_wconf 88' lang='lat' dir='ltr'>trepidatur</span> <span class='ocrx_word' id='word_1_183' title='bbox 928 3041 1085 3123; x_wconf 58' lang='lat' dir='ltr'>castriae</span> 
     </span>
     <span class='ocr_line' id='line_1_28' title="bbox 85 3143 1063 3231; baseline -0.004 -19"><span class='ocrx_word' id='word_1_184' title='bbox 85 3154 189 3231; x_wconf 76' lang='lat' dir='ltr'>atque</span> <span class='ocrx_word' id='word_1_185' title='bbox 203 3143 291 3211; x_wconf 88' lang='lat' dir='ltr'>alius</span> <span class='ocrx_word' id='word_1_186' title='bbox 308 3166 351 3210; x_wconf 87' lang='lat' dir='ltr'>ex</span> <span class='ocrx_word' id='word_1_187' title='bbox 366 3143 434 3211; x_wconf 91' lang='lat' dir='ltr'>alio</span> <span class='ocrx_word' id='word_1_188' title='bbox 450 3167 587 3210; x_wconf 88' lang='lat' dir='ltr'>oausam</span> <span class='ocrx_word' id='word_1_189' title='bbox 603 3143 766 3210; x_wconf 91' lang='lat' dir='ltr'>tumultus</span> <span class='ocrx_word' id='word_1_190' title='bbox 785 3147 932 3230; x_wconf 77' lang='lat' dir='ltr'>quaerit3</span> <span class='ocrx_word' id='word_1_191' title='bbox 956 3165 1063 3229; x_wconf 91' lang='lat' dir='ltr'>neque</span> 
     </span>
     <span class='ocr_line' id='line_1_29' title="bbox 86 3247 1063 3336; baseline -0.006 -20"><span class='ocrx_word' id='word_1_192' title='bbox 86 3271 150 3336; x_wconf 91' lang='lat' dir='ltr'>quo</span> <span class='ocrx_word' id='word_1_193' title='bbox 167 3251 267 3334; x_wconf 84' lang='lat' dir='ltr'>signa</span> <span class='ocrx_word' id='word_1_194' title='bbox 282 3248 435 3315; x_wconf 84' lang='lat' dir='ltr'>ferantur</span> <span class='ocrx_word' id='word_1_195' title='bbox 457 3270 566 3335; x_wconf 87' lang='lat' dir='ltr'>nsque</span> <span class='ocrx_word' id='word_1_196' title='bbox 589 3269 689 3334; x_wconf 92' lang='lat' dir='ltr'>quam</span> <span class='ocrx_word' id='word_1_197' title='bbox 712 3248 746 3313; x_wconf 94' lang='lat' dir='ltr'>in</span> <span class='ocrx_word' id='word_1_198' title='bbox 769 3257 900 3335; x_wconf 87' lang='lat' dir='ltr'>partem</span> <span class='ocrx_word' id='word_1_199' title='bbox 924 3247 1063 3333; x_wconf 90' lang='lat' dir='ltr'>quisque</span> 
     </span>
     <span class='ocr_line' id='line_1_30' title="bbox 86 3352 1086 3443; baseline -0.007 -22"><span class='ocrx_word' id='word_1_200' title='bbox 86 3355 278 3440; x_wconf 85' lang='lat' dir='ltr'>conveniat,</span> <span class='ocrx_word' id='word_1_201' title='bbox 289 3352 478 3443; x_wconf 86' lang='lat' dir='ltr'>provident.</span> <span class='ocrx_word' id='word_1_202' title='bbox 495 3352 591 3419; x_wconf 88' lang='lat' dir='ltr'>Alius</span> <span class='ocrx_word' id='word_1_203' title='bbox 608 3354 907 3439; x_wconf 88' lang='lat' dir='ltr'>iamoastracapta</span> <span class='ocrx_word' id='word_1_204' title='bbox 918 3363 1086 3438; x_wconf 77' lang='lat' dir='ltr'>pronun-⁷</span> 
     </span>
     <span class='ocr_line' id='line_1_31' title="bbox 86 3455 1063 3543; baseline -0.004 -21"><span class='ocrx_word' id='word_1_205' title='bbox 86 3458 163 3543; x_wconf 87' lang='lat' dir='ltr'>tiat,</span> <span class='ocrx_word' id='word_1_206' title='bbox 177 3458 266 3526; x_wconf 74' lang='lat' dir='ltr'>alius</span> <span class='ocrx_word' id='word_1_207' title='bbox 286 3456 397 3524; x_wconf 87' lang='lat' dir='ltr'>deleto</span> <span class='ocrx_word' id='word_1_208' title='bbox 410 3457 564 3523; x_wconf 87' lang='lat' dir='ltr'>exercitu</span> <span class='ocrx_word' id='word_1_209' title='bbox 579 3466 682 3542; x_wconf 87' lang='lat' dir='ltr'>atque</span> <span class='ocrx_word' id='word_1_210' title='bbox 699 3457 900 3542; x_wconf 89' lang='lat' dir='ltr'>imperatore</span> <span class='ocrx_word' id='word_1_211' title='bbox 915 3455 1063 3519; x_wconf 90' lang='lat' dir='ltr'>victores</span> 
     </span>
     <span class='ocr_line' id='line_1_32' title="bbox 87 3557 1090 3648; baseline -0.006 -21"><span class='ocrx_word' id='word_1_212' title='bbox 87 3559 253 3630; x_wconf 78' lang='lat' dir='ltr'>barbaros</span> <span class='ocrx_word' id='word_1_213' title='bbox 265 3561 600 3645; x_wconf 78' lang='lat' dir='ltr'>venisseoontendit3</span> <span class='ocrx_word' id='word_1_214' title='bbox 612 3560 758 3648; x_wconf 88' lang='lat' dir='ltr'>plerique</span> <span class='ocrx_word' id='word_1_215' title='bbox 765 3581 867 3625; x_wconf 88' lang='lat' dir='ltr'>novas</span> <span class='ocrx_word' id='word_1_216' title='bbox 876 3557 938 3624; x_wconf 90' lang='lat' dir='ltr'>sibi</span> <span class='ocrx_word' id='word_1_217' title='bbox 945 3557 1090 3622; x_wconf 72' lang='lat' dir='ltr'>exleeoa</span> 
     </span>
    </p>
   </div>
   <div class='ocr_carea' id='block_1_3' title="bbox 0 0 1207 3924">
    <p class='ocr_par' dir='ltr' id='par_1_4' title="bbox 0 0 1207 3924">
     <span class='ocr_line' id='line_1_33' title="bbox 0 0 1207 3924; baseline 0 0"><span class='ocrx_word' id='word_1_218' title='bbox 0 0 1207 3924; x_wconf 95' lang='lat' dir='ltr'> </span> 
     </span>
    </p>
   </div>
  </div>
 </body>
</html>
