2376 3924
381 218 491 271 aranu
508 218 572 285 1111,
592 211 669 268 oar.
688 217 798 267 aa--as
1031 211 1071 274 ot

94 416 233 482 barbari
257 414 481 481 constiterunt
504 433 545 477 ac
568 411 704 497 paulum
719 410 817 476 modo
832 409 952 497 pedem
969 420 1072 476 rettu-

94 520 216 586 lerunt.
239 514 1094 605 Atquenostrismilitibuscunctantibus,maximas

92 631 231 711 propter
260 620 476 687 altitudinem
510 620 628 705 maris,
657 621 715 707 qui
745 619 897 685 decimae
929 619 1072 704 legionis

93 725 244 813 aquilam
260 724 402 809 ferebat,
425 733 637 791 contestatus
654 725 745 808 deos,
768 733 804 789 ut
822 746 862 789 ea
878 746 932 789 res
948 722 1072 807 legioni

93 830 241 896 feliciter
248 830 408 913 eveniret,
427 822 598 911 ‘desilite',
607 818 882 914 inquit,‘milites,
896 828 962 891 nisi
971 825 1073 891 vultis

97 934 247 1021 aquilam
268 930 425 998 hostibus
447 930 607 1017 prodere:
631 952 693 1015 ego
716 939 807 996 certe
831 952 938 994 meum
956 930 1075 1014 reipu-

95 1038 210 1104 blicae
233 1045 335 1123 atque
359 1034 555 1121 imperatori
574 1034 717 1099 officium
735 1029 953 1119 praestitero?
1002 1032 1096 1096 Hocs

96 1164 171 1207 cum
186 1161 271 1206 voce
286 1159 412 1224 magna
427 1138 584 1221 dixisset,
609 1160 645 1203 so
661 1161 704 1204 ex
720 1138 799 1203 navi
816 1138 957 1224 proiecit
974 1144 1076 1221 atque

97 1247 131 1309 in
153 1245 268 1310 hostes
293 1242 441 1329 aquilam
464 1242 552 1307 ferre
575 1244 697 1328 eoepit.
720 1242 804 1306 Tum
828 1243 935 1307 nostri
959 1239 1099 1304 cohor-s

96 1350 161 1413 tati
186 1350 275 1414 inter
292 1370 337 1430 se,
361 1369 404 1411 ne
419 1353 553 1411 tantum
570 1345 716 1411 dedecus
733 1345 978 1430 admitteretur,
1003 1345 1075 1411 uni·

95 1453 186 1517 versi
211 1474 254 1517 ex
276 1452 356 1517 navi
382 1450 602 1515 desiluerunt.
647 1450 719 1515 Hos
743 1451 822 1515 item
847 1472 889 1514 ex
913 1453 1098 1537 proximisr

95 1554 601 1641 navibuscumconspexissent,
615 1552 786 1620 subsecuti
795 1553 948 1620 hostibus
958 1576 1075 1642 appro-

94 1662 313 1747 pinquarunt.

181 1760 234 1827 26.
256 1762 449 1848 Pugnatum
473 1772 525 1829 est
547 1761 591 1829 ab
615 1764 766 1849 utrisque
791 1764 926 1829 acriter.
960 1763 1076 1828 Nostri

96 1875 220 1951 tamen,
244 1866 333 1953 quod
354 1888 463 1953 neque
487 1865 622 1933 ordines
647 1889 784 1933 servare
806 1889 914 1954 nequo
935 1868 1077 1933 firmiter

96 1970 253 2037 insistere
267 1991 376 2057 neque
393 1972 491 2055 signa
508 1969 667 2057 subsequi
682 1979 850 2057 poterant,
874 1979 975 2057 atque
990 1970 1076 2035 alius

96 2072 166 2138 alia
190 2096 233 2139 ex
255 2074 354 2157 navi,
376 2071 640 2159 quibuscumque
670 2074 776 2157 signis
801 2084 1011 2157 occurrerat,
1041 2096 1077 2137 se

98 2174 321 2261 aggregabat,
343 2196 550 2262 magnopere
572 2176 831 2262 perturbentur,
857 2177 972 2242 hostes
995 2190 1099 2242 vero2

96 2282 186 2346 notis
200 2277 353 2345 omnibus
366 2278 477 2363 vadis,
492 2277 549 2345 ubi
563 2301 606 2345 ex
618 2278 717 2345 litore
733 2279 864 2366 aliquos
882 2278 1072 2364 singulares

98 2407 140 2448 ex
163 2385 243 2449 navi
267 2382 482 2468 egredientes
506 2391 771 2470 conspexerant,
803 2385 955 2449 incitatis
980 2385 1073 2468 equis

97 2485 277 2573 impeditos
293 2484 550 2571 adoriebantur,
572 2485 685 2572 plures
708 2508 835 2574 paucos
852 2488 1077 2552 circumsiste-

97 2591 190 2673 bant,
213 2590 273 2656 alii
297 2590 340 2657 ab
363 2590 471 2657 latere
494 2599 611 2678 aperto
634 2591 668 2657 in
692 2594 866 2658 universos
890 2592 958 2659 tela
983 2592 1100 2656 coni-³

96 2695 245 2760 ciebant.
269 2694 370 2779 Quod
381 2716 458 2762 cum
469 2695 769 2762 animadvertisset
779 2694 918 2780 Caesar,
933 2695 1099 2779 scaphast

97 2798 431 2884 longarumnavium,
440 2800 519 2865 item
531 2798 1078 2885 speculatorianavigiamilitibus

96 2900 258 2988 compleri
274 2901 374 2968 iussit
397 2910 441 2985 et,
464 2922 547 2988 quos
562 2900 760 2967 laborantes
775 2912 1010 2989 conspexerat,
1026 2902 1078 2967 his

98 3003 253 3071 subsidia
277 3003 510 3071 submittebat.
548 3004 676 3090 Nostri,
701 3005 800 3071 simul
823 3008 857 3071 in
882 3005 978 3072 arido
1001 3020 1102 3071 con-⁵

97 3110 270 3192 stiterunt,
283 3110 352 3174 suis
366 3107 523 3175 omnibus
535 3111 728 3175 consecutis
741 3111 776 3174 in
788 3110 902 3176 hostes
919 3112 1079 3195 impetum

96 3212 251 3277 feceruut
264 3220 368 3298 atque
384 3233 441 3278 eos
454 3214 487 3278 in
500 3212 617 3297 fugam
631 3212 808 3298 dederunt,
824 3236 932 3300 neque
944 3213 1061 3297 longiu

96 3315 257 3405 prosequi
290 3324 488 3403 potuerunt,
524 3315 612 3402 quod
643 3318 771 3402 equites
802 3339 934 3383 cursum
963 3327 1079 3383 tenere

100 3428 204 3507 atque
221 3419 367 3486 insulam
382 3441 505 3507 capere
520 3442 587 3485 non
602 3429 793 3506 potuerant.
827 3421 902 3487 Hoc
918 3443 1020 3486 unum
1036 3421 1081 3486 ad

99 3524 283 3609 pristinam
305 3520 475 3591 fortunam
497 3520 638 3589 Caesari
663 3521 779 3591 defuit.

154 3630 244 3677 aaa.
256 3628 276 3675 1.
294 3630 318 3675 r.
331 3630 359 3675 a.
884 3646 903 3701 q
