2376 3924
482 248 558 300 crr.
580 251 689 299 ro-ra.
960 293 961 297 ,
1015 225 1077 314 '185

94 450 235 526 querunt
267 448 300 503 et
332 461 450 524 magno
478 460 575 502 cursu
604 439 727 502 incitati
755 437 799 502 ad
821 460 922 502 naves
945 447 1073 503 conten-

95 545 222 608 derunt.
268 544 416 624 Quorum
438 564 516 627 pars
538 543 704 628 proximas
726 549 824 606 nacta
845 563 948 606 naves
970 543 1097 614 multi-e

95 648 206 712 tudine
228 647 396 711 hominum
418 654 516 731 atque
545 667 642 710 onere
665 644 819 731 depressa
841 653 905 728 est,
930 668 1005 731 pars
1027 670 1074 711 re·

95 753 209 814 sistens
232 759 264 814 et
293 748 454 831 dubitans,
478 748 556 833 quid
571 757 656 813 esset
671 746 864 834 capiendum
879 748 1009 832 consilii,
1034 750 1075 814 ab

96 853 330 918 Alexandrinis
358 853 529 924 interfecta
558 862 622 937 est;
650 853 794 918 nonnulli
822 853 963 917 feliciore
986 855 1097 925 exitur

96 959 265 1043 expeditas
281 957 323 1022 ad
339 979 493 1023 ancoram
514 979 615 1022 naves
638 959 801 1021 consecuti
817 956 991 1022 incolumes
1015 957 1077 1021 dis-

95 1072 275 1145 cesserunt,
301 1064 397 1148 pauci
431 1060 576 1126 allevatis
605 1063 704 1125 scutis
726 1069 759 1124 et
781 1064 887 1125 animo
904 1061 947 1125 ad
963 1084 1077 1126 conan-

97 1166 175 1230 dum
197 1168 258 1230 nisi
281 1165 324 1237 ad
347 1166 497 1250 proxima
520 1166 652 1247 navigia
675 1163 884 1229 adnotarunt.

184 1269 235 1332 21.
271 1267 408 1350 Caesar,
442 1266 551 1352 quoad
579 1268 683 1353 potuit
711 1266 909 1335 cohortando
939 1291 1013 1334 suos
1036 1271 1079 1335 ad

98 1380 230 1456 pontem
253 1394 291 1435 ac
314 1372 507 1436 munitiones
531 1372 710 1453 continere,
740 1371 854 1436 eodem
882 1373 916 1436 in
939 1373 1079 1457 periculo

98 1485 246 1541 versatus
261 1484 326 1557 est,
343 1483 515 1560 postquam
530 1478 699 1539 universos
712 1474 828 1539 cedere
841 1475 1079 1559 animadvertit,

100 1584 133 1644 in
150 1602 244 1643 suum
259 1580 427 1663 navigium
439 1600 474 1642 se
486 1580 618 1662 recepit.
637 1579 711 1661 Quo
727 1577 899 1643 multitudo
914 1578 1102 1646 hominums

101 1688 246 1749 insecuta
269 1705 343 1748 cum
366 1685 569 1767 irrumperet,
592 1703 698 1766 neque
714 1680 960 1747 administrandi
975 1706 1081 1770 neque

102 1786 279 1873 repellendi
302 1810 322 1850 a
344 1795 432 1851 terra
458 1784 595 1851 facultas
624 1785 773 1869 daretur,
804 1785 888 1869 fore,
918 1786 1004 1872 quod
1033 1811 1083 1853 ac-

103 1891 190 1972 cidit,
215 1891 396 1976 suspicatus
418 1910 490 1954 sese
512 1911 555 1953 ex
577 1890 707 1973 navigio
730 1890 823 1953 eiecit
839 1898 937 1975 atque
959 1891 1082 1966 adeas,

104 2016 187 2079 quae
220 1993 347 2079 longius
380 1995 605 2076 constiterant,
640 2014 741 2057 naves
776 1992 952 2059 adnatavit.
998 1997 1106 2062 Hincr

103 2100 169 2162 suis
192 2097 414 2163 laborantibus
437 2096 580 2162 subsidio
603 2097 740 2183 scaphas
763 2099 893 2161 mittens
915 2099 1084 2165 nonnullos

104 2203 318 2266 conservavit.
357 2201 534 2286 Navigium
557 2201 689 2286 quidem
712 2203 780 2264 eius
803 2201 1008 2266 multitudine
1031 2203 1084 2268 de-

105 2325 252 2390 pressum
280 2304 417 2369 militum
445 2327 511 2368 una
534 2327 608 2368 cum
631 2303 814 2369 hominibus
836 2306 966 2368 interiit.
1012 2307 1107 2371 Hocr

106 2406 227 2492 proelio
262 2406 437 2471 desiderati
477 2416 552 2471 sunt
585 2429 628 2471 ex
664 2428 798 2470 numero
836 2407 1085 2490 legionariorum

106 2513 243 2576 militum
272 2513 400 2576 circiter
424 2526 508 2575 cccc
531 2519 565 2574 et
586 2509 683 2595 paulo
705 2512 795 2571 altra
818 2532 892 2573 eum
914 2533 1086 2577 numerum

108 2615 262 2679 classiarii
284 2624 317 2679 et
338 2616 485 2698 remiges.
531 2612 746 2679 Alexandrini
769 2635 806 2676 eo
830 2613 898 2677 loco
921 2615 1109 2680 castellums

107 2721 233 2802 maguis
245 2718 475 2783 munitionibus
490 2716 663 2802 multisque
675 2706 842 2781 tormentis
854 2717 1089 2784 confirmarunt

109 2832 207 2907 atque
232 2825 349 2906 egestis
373 2845 416 2886 ex
430 2823 513 2886 mari
528 2819 689 2906 lapidibus
705 2819 805 2884 libero
822 2829 897 2885 sunt
913 2823 962 2885 usi
977 2830 1088 2907 postea

109 2926 151 2991 ad
174 2925 332 2990 mittenda
355 2926 496 3009 navigia.

123 3096 126 3101 ,
196 3030 247 3093 22.
277 3030 350 3094 Hoc
373 3029 567 3093 detrimento
590 3026 707 3093 milites
730 3029 832 3092 nostri
853 3036 980 3093 tantum
1003 3028 1089 3093 afue-

111 3143 188 3199 runt
220 3142 257 3197 ut
290 3131 577 3218 perturbarentur,
611 3139 648 3195 ut
677 3127 811 3216 [incensi
840 3139 938 3216 atque
966 3133 1090 3195 incitati

112 3260 249 3322 magnas
272 3237 472 3301 accessiones
494 3235 630 3299 fecerint
652 3235 685 3298 in
708 3233 859 3318 operibus
883 3232 1023 3298 hostium
1038 3256 1091 3297 ex·

113 3337 308 3429 pugnandis]
330 3343 364 3404 in
381 3339 509 3426 proeliis
532 3337 710 3421 cotidianis,
734 3336 1004 3422 quandocumque
1026 3338 1115 3402 forsa

115 3445 291 3527 obtulerat,
326 3441 590 3530 procurrentibus
619 3450 652 3505 et
680 3439 923 3526 erumpentibus
952 3438 1094 3506 Alexan·

114 3549 216 3615 drinis
250 3545 395 3634 [manum
425 3595 560 3611 .....
587 3543 818 3629 comprehendi
851 3542 988 3609 multum
1021 3566 1094 3631 ope-
