2376 3924
393 237 502 290 menn
520 237 552 300 v,
572 235 649 290 cnr.
671 238 743 287 1-2.
999 236 1060 300 105

76 427 308 515 praefecerat,
339 427 399 509 uti,
434 447 533 511 quam
566 424 730 511 plurimas
762 434 916 511 possent,
951 426 1058 491 hieme

77 555 182 597 naves
206 529 435 595 aedificandas
453 538 650 614 veteresque
673 529 873 594 reficiendas
889 539 1058 594 curarent.

77 635 203 698 Earum
226 632 360 697 modum
382 632 589 717 formamque
614 631 832 697 demonstrat.
867 632 921 697 Ad
943 632 1079 697 celeri-2

79 746 184 802 tatem
208 734 371 800 onerandi
396 733 703 821 subductionesque
725 734 825 821 paulo
849 734 933 799 facit
955 734 1059 800 humi·

78 842 190 922 liores,
207 862 306 925 quam
323 839 444 925 quibus
461 840 496 905 in
512 848 630 905 nostro
646 841 730 906 mari
747 841 798 904 uti
814 840 1060 918 consuevimus,

79 955 180 1030 atque
204 944 239 1009 id
262 966 300 1008 eo
323 944 449 1027 magis,
478 943 568 1028 quod
591 953 728 1029 propter
756 943 893 1009 crebras
916 965 1059 1008 commu·

80 1050 225 1114 tationes
260 1056 413 1113 aestuum
447 1049 557 1113 minus
591 1068 732 1132 magnos
762 1047 809 1112 ibi
837 1048 959 1114 fluctus
988 1049 1060 1112 fieri

80 1160 302 1235 cognoverat3
325 1151 371 1216 ad
389 1172 491 1216 onera
509 1172 549 1216 ac
565 1151 815 1217 multitudinem
839 1153 1061 1216 iumentorum

82 1256 380 1343 transportandam
413 1253 512 1341 paulo
546 1253 704 1338 latiores,
738 1277 838 1340 quam
872 1255 992 1341 quibus
1027 1257 1060 1319 in

80 1361 218 1447 reliquis
241 1362 366 1425 utimur
387 1358 549 1429 maribus.
572 1358 645 1423 Has
669 1379 783 1423 omnes
807 1361 978 1424 actuarias
1003 1360 1083 1424 im-³

80 1473 175 1550 perat
190 1464 273 1546 fieri,
290 1484 389 1548 quam
411 1461 456 1528 ad
476 1485 545 1527 rem
560 1460 701 1526 multum
717 1460 890 1526 humilitas
911 1463 1060 1529 adiuvat.

80 1568 142 1650 Ea,
158 1589 244 1653 quae
260 1575 338 1631 sunt
354 1568 428 1632 usui
445 1566 491 1632 ad
506 1566 686 1631 armandas
702 1588 819 1649 naves,
835 1589 878 1631 ex
894 1567 1083 1652 Hispania*

79 1672 252 1756 apportari
274 1668 376 1735 iubet.
402 1671 479 1756 Ipse
501 1669 722 1736 conventibus
738 1667 873 1735 Galliae
893 1672 1083 1735 citerioris⁵

56 1782 59 1787 ’
81 1775 227 1859 peractis
251 1775 286 1838 iu
308 1772 483 1858 Illyricum
504 1773 739 1859 proficiscitur,
764 1774 852 1858 quod
876 1796 895 1838 a
918 1774 1061 1839 Pirustis

80 1877 256 1941 finitimam
279 1885 408 1962 partem
431 1877 629 1962 provinciae
652 1876 901 1943 incursionibus
932 1878 1061 1942 vastari

80 1979 252 2046 audiebat.
275 1979 325 2044 Eo
349 2002 425 2045 oum
447 1981 607 2063 venisset,
635 1979 831 2046 civitatibus
855 1981 978 2045 milites
1004 1982 1083 2045 im-*i

80 2094 176 2171 perat
200 2093 392 2169 certumque
415 2085 449 2148 in
473 2082 583 2148 locum
599 2085 779 2149 convenire
803 2083 905 2149 iubet.
929 2084 1003 2165 Qua
1027 2100 1083 2147 rot

81 2189 238 2252 nuntiata
253 2188 408 2253 Pirustae
432 2186 564 2271 legatos
589 2187 634 2252 ad
657 2209 732 2253 eum
753 2189 902 2267 mittunt,
926 2189 981 2272 qui
1006 2187 1062 2251 do·

82 2299 182 2356 ceant
206 2290 289 2356 nihil
313 2313 428 2356 earum
456 2314 567 2356 rerum
594 2291 727 2377 publico
757 2292 883 2356 factum
911 2291 1062 2371 consilio,

82 2416 222 2480 seseque
252 2403 391 2480 paratos
422 2417 497 2460 esse
520 2394 754 2460 demonstrant
783 2395 936 2459 omnibus
960 2396 1061 2459 ratio·

81 2495 181 2563 tribus
217 2497 259 2562 de
292 2497 423 2563 iniuriis
461 2498 669 2563 satisfacere.
713 2497 877 2583 Percepta
912 2499 1084 2563 orationes

82 2623 195 2666 eorum
220 2599 348 2667 Caesar
377 2601 512 2667 obsides
537 2604 680 2688 imperat
712 2624 833 2688 eosque
862 2603 907 2667 ad
936 2612 1062 2666 certam

82 2706 171 2770 diem
193 2703 319 2771 adduci
335 2703 446 2789 iubet3
462 2707 528 2771 nisi
546 2707 595 2771 ita
610 2705 762 2789 fecerint,
780 2729 853 2771 sese
875 2704 964 2770 bollo
981 2707 1062 2770 eivi-

83 2817 189 2875 tatem
212 2816 467 2895 persecuturum
492 2808 709 2874 demonstrat.
754 2810 800 2874 Iis
825 2809 870 2874 ad
894 2809 981 2874 diem
1004 2809 1084 2874 eil-⁰

83 2913 205 2997 ductis,
227 2920 266 2977 ut
288 2913 525 2998 imperaverat,
541 2912 689 2978 arbitros
713 2913 801 2977 inter
817 2913 974 2978 civitates
993 2913 1062 2993 dat,

81 3016 138 3101 qui
162 3016 256 3081 litem
279 3017 458 3082 aestiment
481 3037 689 3102 poenamque
711 3015 931 3081 constituant.

168 3119 198 3185 2.
222 3120 286 3185 His
302 3120 465 3187 confectis
488 3120 587 3186 rebus
604 3120 892 3206 conventibusque
915 3122 1062 3207 peractis

81 3225 116 3289 in
132 3225 323 3290 citeriorem
336 3221 486 3289 Galliam
498 3226 679 3290 revertitur
696 3233 797 3310 atque
813 3226 892 3290 inde
908 3225 952 3289 ad
969 3247 1063 3289 exer·

81 3329 187 3393 citum
207 3328 442 3413 proficiscitur.
464 3326 515 3392 Eo
539 3349 614 3392 oum
636 3329 796 3411 venisset,
820 3329 971 3393 circuitis
997 3343 1084 3391 cmc

80 3430 181 3497 nibus
205 3430 354 3497 hibernis
378 3429 545 3515 singulari
568 3431 711 3497 militum
735 3431 847 3497 studio
877 3434 911 3496 in
935 3452 1062 3495 summa

82 3533 230 3600 omnium
241 3555 353 3601 rerum
368 3534 483 3620 inopia
500 3535 636 3601 circiter
649 3544 821 3601 sescentas
835 3537 905 3600 eius
918 3535 1061 3618 generis,
