2376 3924
144 219 205 284 172
459 219 510 268 uu
527 219 649 270 nunno
667 217 826 270 onnmco

141 411 338 497 priusquam
367 433 481 476 eorum
510 409 725 477 claudestina
754 409 898 476 consilia
927 410 1118 493 efferantur,

119 523 178 581 rut
195 512 323 580 Caesar
338 513 383 580 ab
399 516 552 582 exercitu
567 512 825 580 intercludatur.
859 513 900 578 Id
917 536 991 579 esse
1006 514 1118 598 facile,

141 619 231 705 quod
252 641 361 705 neque
389 617 540 703 legiones
570 617 719 684 audeaut
747 616 888 683 absente
916 619 1119 704 imperatore

140 747 183 789 ex
207 723 356 788 hibernis
381 723 507 808 egredi,
529 745 638 809 neque
661 725 843 810 imperator
859 724 932 788 sine
948 723 1118 810 praesidio

119 828 186 893 aad
215 827 365 912 legiones
393 829 569 914 pervenire
601 828 720 914 possit.
763 827 939 894 Postremo
974 829 1010 892 in
1044 828 1119 894 acie

141 941 318 1018 praestare
345 931 507 1015 interfici,
536 952 636 1016 quam
663 953 732 997 non
761 941 911 998 veterem
939 930 1021 997 belli
1046 931 1118 1016 glo·

141 1039 227 1101 riam
248 1034 517 1120 libertatemque,
541 1055 641 1119 quam
664 1057 685 1100 a
706 1034 890 1101 maioribus
913 1037 1119 1122 acceperint,

141 1161 350 1225 recuperare.

227 1243 258 1309 2.
291 1243 356 1308 His
379 1241 479 1308 rebus
503 1244 645 1328 agitatis
669 1242 869 1329 profitentur
892 1241 1058 1310 Carnutes
1083 1266 1119 1309 se

141 1347 269 1414 nullum
284 1347 469 1435 periculum
484 1349 669 1413 communis
686 1346 807 1413 salutis
823 1370 928 1413 causa
951 1369 1119 1432 recusare,

141 1452 376 1539 principesque
410 1475 454 1519 ex
487 1451 641 1518 omnibus
674 1450 800 1517 bellum
833 1452 983 1518 facturos
1020 1451 1118 1537 polli-

120 1566 260 1623 2centur
283 1567 325 1640 et,
349 1558 507 1643 quoniam
530 1558 565 1621 iu
588 1557 782 1642 praesentia
806 1552 981 1622 obsidibus
997 1577 1119 1622 cavere

141 1663 230 1726 inter
253 1685 289 1727 se
311 1683 379 1726 non
401 1662 548 1747 possint,
576 1683 619 1727 ne
647 1682 702 1725 res
731 1660 905 1744 efferatur,
932 1664 968 1725 'ut
997 1660 1119 1726 iureiu-

142 1766 249 1831 rando
265 1788 306 1832 ac
321 1765 388 1832 fide
404 1765 588 1849 sanciatur,
610 1774 739 1851 petunt,
762 1764 897 1832 collatis
912 1765 1119 1832 militaribus

142 1869 261 1955 siguis,
283 1891 348 1957 quo
363 1891 455 1935 more
471 1891 584 1935 eorum
599 1868 802 1953 gravissima
818 1871 1022 1935 caerimonia
1041 1893 1118 1936 cou-

141 1977 278 2058 tinetur,
301 1997 344 2041 ne
358 1975 450 2041 facto
466 1974 563 2040 initio
583 1973 662 2041 belli
679 1972 723 2038 ab
746 1973 884 2060 reliquis
909 1973 1119 2041 deserantur.

121 2078 227 2149 ³Tum
255 2078 459 2144 collaudatis
483 2076 690 2144 Carnutibus
720 2077 800 2144 dato
828 2078 1045 2144 iureiurando
1074 2079 1119 2144 ab

143 2183 307 2268 omnibus,
330 2185 386 2270 qui
408 2182 563 2267 aderant,
593 2191 742 2268 tempore
766 2183 837 2248 eius
860 2183 910 2249 rei
933 2183 1119 2249 constituto

143 2288 186 2354 ab
209 2288 352 2354 concilio
377 2287 573 2354 disceditur.

228 2392 258 2456 3.
282 2391 351 2460 Ubi
366 2415 407 2458 ea
421 2392 493 2457 dies
505 2394 608 2476 veuit,
625 2389 792 2458 Carnutes
806 2389 975 2459 Cutruato
987 2399 1021 2458 et
1032 2388 1118 2456 Cou-

143 2496 412 2563 counetodumno
426 2497 579 2581 ducibus,
593 2496 781 2583 desperatis
794 2495 995 2579 homiuibus,
1009 2493 1119 2562 Gena-

142 2599 324 2685 bumsiguo
334 2600 414 2668 dato
427 2610 631 2668 concurrunt
639 2601 1050 2687 civesqueRomanos,qui
1061 2621 1119 2665 ne-

143 2691 297 2789 gotiandi
309 2725 412 2771 causa
425 2704 473 2770 ibi
486 2705 719 2787 constiterant,
733 2705 767 2769 iu
784 2703 838 2769 his
852 2701 976 2769 Gaium
986 2703 1120 2769 Fufium

143 2808 265 2893 Citam,
280 2808 458 2874 honestum
473 2809 619 2894 equitem
630 2808 825 2890 Romanum,
842 2809 898 2894 qui
914 2809 964 2874 rei
975 2807 1119 2875 frumen-

142 2917 252 2981 tariae
267 2917 361 2980 iussu
377 2912 535 2980 Caesaris
550 2921 718 2998 praeerat,
742 2912 948 2978 interficiunt
964 2910 1120 2998 bonaque

121 3041 256 3086 reorum
274 3017 445 3104 diripiunt.
484 3015 648 3083 Celeriter
671 3015 715 3082 ad
740 3038 853 3081 omnes
877 3013 1013 3082 Gallice
1035 3015 1118 3078 civi-

143 3133 232 3190 tates
248 3122 339 3187 fama
353 3119 530 3206 perfertur.
554 3121 641 3186 Nam
664 3120 864 3206 ubicumque
886 3121 995 3187 maior
1017 3127 1119 3204 atque

145 3225 307 3292 illustrior
322 3223 442 3290 incidit
458 3247 523 3308 res,
546 3223 693 3290 clamore
709 3246 769 3311 per
784 3245 886 3309 agros
897 3224 1118 3308 regionesque

144 3331 355 3415 significant3
370 3328 459 3394 huuc
475 3326 536 3395 alii
553 3328 711 3414 deinceps
725 3330 898 3415 excipiunt
910 3336 943 3395 et
955 3327 1118 3413 proximis

123 3434 296 3518 stradunt,
318 3443 356 3499 ut
378 3442 450 3499 tum
472 3431 610 3500 accidit.
633 3432 721 3498 Nam
736 3455 823 3519 quae
839 3430 972 3501 Cenabi
989 3431 1119 3497 oriente

137 3538 208 3604 sole
231 3547 329 3622 gesta
354 3547 477 3624 esseut,
500 3545 581 3604 ante
603 3538 745 3623 primam
760 3536 949 3605 confectam
964 3533 1119 3620 vigiliam
