2376 3924
276 246 325 304 sn
345 244 443 307 oens.
461 246 565 306 nent.
584 237 690 308 usun-
707 244 780 321 vrit,
799 246 909 309 ee-ti.
1016 250 1081 310 xm

100 439 162 495 teri
183 442 310 495 sidentur
335 442 487 496 musenius
515 445 677 496 structuram
704 443 837 512 sperum.
863 474 898 488 -
922 424 979 499 risu·
994 437 1080 500 *idem

101 526 243 582 metuerim
261 530 359 581 iisdem
377 524 517 582 codicibus
535 523 623 600 (dit
638 534 704 583 cute
717 530 740 595 ς.
759 526 776 583 t
799 539 848 600 pro
872 526 1008 601 recipit
1030 525 1079 586 im·-

101 616 297 684 be'rmctqsse
314 617 428 683 perierit
444 618 574 684 temporis
591 616 692 670 termes
709 610 865 683 exhiberint
889 628 957 687 quus
976 620 1080 672 Holder

101 704 231 770 reposuit.

205 833 227 866 c.
239 814 281 878 48,
295 817 324 865 ⁸1:
343 813 417 881 qmod
435 813 486 868 ibi
503 814 608 869 melem
626 814 687 870 dmm
705 815 768 885 equi
785 816 931 870 uelocitate
946 804 1080 888 evitavit}

99 899 145 954 ibi
164 901 260 967 scripsi
278 917 326 967 pro
344 899 418 969 mbi,
446 902 518 968 quod
537 903 613 956 codd.
632 903 747 968 hubent,
775 904 939 955 recentiores
964 904 1080 956 editores

100 991 212 1053 excepto
225 986 354 1038 Diibnero
368 987 522 1039 omiserunt.
536 1017 570 1027 -
587 989 624 1040 ib.
643 1004 682 1042 ec
699 987 751 1042 sic
764 988 905 1058 proelio
924 991 1080 1044 secmmdo

98 1072 225 1143 praviter
254 1072 295 1126 ab
326 1088 360 1127 co
389 1072 556 1128 omimerutms
582 1073 773 1145 praefectus]
800 1077 829 1126 in
857 1078 943 1143 Bong.
969 1093 1004 1129 ιιι.
1030 1095 1080 1144 pr.,

98 1160 192 1211 Moiss.
215 1164 242 1211 et
263 1160 442 1212 deterioribus
461 1161 567 1228 aliquot
584 1160 662 1212 libris
681 1163 765 1213 verbu
791 1177 831 1215 ac
852 1161 921 1230 scic)
938 1162 1079 1229 proelio

99 1245 253 1300 secondo
272 1252 299 1298 et
318 1246 359 1300 ab
378 1261 413 1301 eo
431 1248 536 1310 desunt,
555 1250 649 1315 itaque
667 1254 694 1300 et
712 1250 747 1300 eb
767 1250 952 1315 superioribus
971 1249 1080 1301 editori·

99 1334 151 1384 bus
170 1339 275 1399 etpost
295 1334 488 1400 Nipperdeium
506 1350 523 1386 c
540 1334 681 1402 Frigellio‚
701 1335 842 1401 Diibnero,
861 1336 1080 1403 Dittenbergero,

99 1419 220 1471 Holdero
239 1422 339 1472 omissa
357 1426 428 1472 sunt.
458 1426 486 1473 et
504 1437 574 1488 queo
593 1423 633 1472 sic
651 1423 751 1475 restitit
768 1422 851 1476 lectio
874 1420 1000 1492 praviter
1019 1421 1079 1476 umi-

98 1509 217 1559 merotms
232 1506 397 1574 praefectus
410 1511 473 1561 cett.
491 1509 572 1560 nimis
585 1514 679 1574 aperte
688 1509 805 1573 ridetur,
824 1525 906 1577 quem
918 1514 949 1560 ut
961 1509 1081 1576 genuine

99 1593 196 1644 haberi
213 1596 306 1660 possit.
326 1596 417 1661 itaque
436 1595 512 1646 utin
532 1596 671 1662 superiore
690 1596 809 1650 editione
827 1595 878 1648 ille
894 1595 989 1659 verbu,
1009 1610 1079 1661 quoe

98 1682 127 1730 in
145 1680 223 1731 libris
242 1686 284 1732 sat
302 1681 381 1732 bonis
400 1681 518 1735 Florice.
537 1687 565 1733 et
581 1681 642 1734 vm
661 1686 689 1733 et
707 1698 790 1750 supro
808 1699 917 1734 versum
940 1683 970 1733 in
993 1683 1079 1748 Bong.

99 1772 213 1830 exstent,
233 1783 294 1818 eum
306 1767 470 1834 Nipperdeio
489 1767 632 1820 retinendo
650 1785 710 1820 esse
727 1768 801 1824 duxi.
818 1767 870 1823 sic
887 1784 958 1820 unus
970 1769 1080 1820 Norvic.

98 1854 190 1917 hebet,
208 1854 309 1920 reliqui
326 1852 366 1905 si.

203 1991 225 2024 c.
244 1976 285 2038 51,
304 1976 333 2024 3:
355 1974 624 2042 spectatissimi
643 1973 804 2046 triumphi]
824 1992 892 2028 corr.
911 1977 1078 2044 Nipperdey;

97 2059 220 2126 Frigell,
255 2061 368 2111 Diibuer
399 2061 523 2111 codicum
554 2063 714 2128 scripturum
747 2061 985 2130 exspectatissimi
1015 2066 1078 2115 reti-

97 2152 223 2197 nuerunt.

201 2274 223 2309 c.
242 2258 283 2321 52,
301 2260 331 2308 4:
359 2274 441 2328 socpc
460 2264 522 2313 eret
540 2260 655 2314 smcetmi
669 2260 824 2330 pollicitus,
852 2260 878 2315 si
896 2277 976 2329 quem
994 2260 1078 2315 timor

97 2359 242 2396 armorum
261 2342 393 2397 Caesaris
417 2344 547 2414 laederet,
574 2349 615 2399 mt
638 2346 771 2413 poemiam
789 2346 904 2416 Pompei
922 2346 1078 2401 dominatio

97 2435 182 2497 otqme
206 2446 288 2483 orme
308 2445 367 2484 mom
389 2431 536 2484 ocissimum
563 2436 697 2485 terrorem
719 2431 784 2498 foro
806 2432 961 2502 inferrent,
990 2433 1077 2487 disec-

98 2516 176 2569 cicret
199 2521 315 2584 mtcrqme
342 2516 377 2571 ab
405 2517 517 2588 armis]
545 2523 600 2577 mir
613 2522 641 2570 in
669 2522 806 2585 superiore
835 2522 890 2572 ium
917 2522 1076 2587 scripseram

98 2603 217 2654 editione
236 2621 283 2668 pro
302 2608 343 2667 et,
368 2606 440 2672 quod
459 2606 536 2656 codd.
557 2605 667 2660 liabent.
697 2609 730 2659 et
747 2608 928 2658 recentiorum
945 2607 1076 2658 editorum

96 2705 168 2739 unus
188 2689 293 2740 Holder
311 2692 431 2755 retinuit,
453 2691 553 2758 reliqui
564 2691 679 2742 Whittio
698 2698 725 2743 ot
738 2692 902 2759 Nipperdeio
920 2693 1077 2743 auctoribus

97 2775 265 2826 deleverunt.
284 2805 318 2816 -
336 2779 360 2839 ς.
382 2780 411 2828 5:
430 2781 578 2830 semotus
597 2776 796 2831 cousmltmm
810 2793 863 2846 per
883 2777 1077 2832 discessionem

96 2860 190 2927 facere
214 2861 327 2932 coepit]
352 2880 419 2917 corr.
444 2865 494 2915 Th.
513 2865 676 2929 Mommsen3
702 2863 768 2916 libri
791 2880 844 2932 per
867 2879 902 2918 sc
926 2864 995 2919 disc.
1013 2864 1035 2931 f.
1054 2881 1076 2918 c.

96 2948 205 2998 hebent.
224 2978 259 2987 -
275 2950 312 3000 ib.
332 2947 406 3016 pmod
423 2965 458 3002 me
475 2948 560 3018 ficret,
585 2948 712 3003 consules
731 2949 868 3019 amicique
887 2951 1002 3020 Pompei
1020 2979 1076 3004 sss

95 3034 260 3104 imsscrmmtll
287 3052 335 3101 pro
358 3033 540 3088 iussermmt
557 3036 663 3088 Holder
680 3053 713 3087 ex
730 3037 896 3104 Pentsgsthi
922 3040 1077 3090 coniectura

95 3120 383 3175 iuter-cesserunt
402 3121 499 3183 edidit3
517 3122 629 3190 Madvig
647 3122 832 3177 euiccrmmt
850 3125 975 3189 coniecit,
994 3125 1075 3191 idque

95 3209 224 3272 Dittenb.‚
243 3209 426 3259 Dob.-Dinter
443 3214 612 3274 receperunt.
632 3209 680 3260 sed
699 3210 834 3274 eonsules,
852 3215 883 3260 ut
900 3210 1004 3262 mittum
1023 3212 1075 3276 pri·

94 3303 171 3347 vetos
184 3295 248 3345 illos
259 3295 374 3362 Pompei
385 3296 497 3359 amicos,
515 3311 604 3362 neque
622 3302 735 3363 coeptae
754 3313 771 3349 e
788 3298 897 3350 tribuno
917 3297 1076 3347 discessioni

94 3380 330 3450 intercedere,
356 3398 444 3450 neque
469 3397 503 3433 ne
527 3381 563 3433 ed
584 3381 665 3434 finem
693 3384 888 3450 perduceretur
913 3382 969 3434 alio
994 3382 1074 3432 modo

93 3467 253 3520 ceirscere
274 3474 435 3535 potuerunt,
463 3468 516 3520 nisi
539 3472 569 3519 ut
587 3468 671 3520 elium
689 3470 829 3521 tribunum
848 3467 1016 3520 intercedere
1034 3469 1073 3519 iu-

94 3555 198 3606 berent.
225 3557 265 3605 sic
283 3556 367 3623 igitur
384 3555 469 3608 verbe
488 3560 645 3621 comparatu
663 3555 747 3608 fuisse
765 3556 902 3623 suspicor,
924 3569 993 3623 quae
1012 3559 1075 3605 ente
