2376 3924
123 237 142 301 8
452 236 502 286 DE
520 237 641 288 BELLO
661 237 774 289 CIVILI

122 428 219 492 armis
242 435 410 491 notaretur
439 434 537 511 atque
566 429 818 512 opprimeretur,
853 450 936 514 quae
967 418 1131 515 superio-⁸

98 529 211 601 aribus
235 532 328 594 annis
351 548 390 593 ex
412 531 510 593 armis
533 539 618 595 esset
640 534 798 596 restituta.
838 532 960 597 Sullam
982 532 1108 600 nudata

122 635 270 699 omnibus
301 632 398 697 rebus
426 630 599 698 tribunicia
628 643 786 719 potestate
812 644 921 699 tamen
955 637 1107 702 interces-

99 741 247 807 rsioncm
277 737 411 803 liberam
439 735 620 822 reliquisse3
655 738 862 824 Pompeium,
897 741 952 824 qui
986 742 1107 806 amissa

124 844 300 906 restituisse
315 842 476 923 videatur,
500 841 585 906 dona
600 843 706 925 etiam,
731 864 813 926 quae
829 853 904 908 ante
920 843 1106 928 habuerint,

99 946 292 1014 redemisse.
325 947 621 1032 Quotienscumque
637 947 677 1009 sit
693 946 870 1030 decretum,
894 947 1011 1014 darent
1034 971 1106 1035 ope-

122 1072 193 1114 ram
227 1053 445 1134 magistratuS,
480 1073 520 1116 ne
545 1049 623 1135 quid
645 1049 827 1136 respublica
850 1050 1033 1117 detrimenti
1056 1076 1106 1118 ca·

122 1163 214 1239 peret
258 1150 337 1239 (qua
370 1175 450 1217 voce
488 1163 521 1218 et
557 1175 620 1238 quo
657 1154 932 1219 senatusconsulto
970 1156 1107 1241 populus

123 1259 288 1322 Romanus
317 1257 359 1321 ad
388 1280 479 1321 arma
509 1259 550 1322 sit
570 1253 736 1343 vocatus),
765 1257 887 1322 factum
915 1261 948 1324 in
971 1263 1106 1345 pernici-

124 1363 186 1425 osis
216 1361 356 1446 legibus,
391 1363 424 1425 in
445 1363 479 1425 vi
507 1360 692 1445 tribunicia,
727 1365 760 1425 in
788 1365 967 1427 secessione
997 1363 1107 1449 populi

123 1464 250 1551 templis
284 1465 424 1550 locisque
458 1464 645 1530 editioribus
680 1468 858 1551 occupatis3
893 1476 990 1552 atquc
1024 1467 1107 1532 haec

126 1572 300 1655 superioris
334 1571 448 1634 aetatis
482 1569 632 1654 exempla
659 1573 790 1656 expiata
813 1571 977 1636 Saturnini
1007 1565 1105 1656 atquc

125 1674 349 1739 Gracchorum
372 1671 500 1736 casibus
524 1671 632 1755 docet3
658 1695 795 1757 quarum
817 1695 927 1737 rerum
949 1673 1002 1737 illo
1025 1684 1104 1738 tem-

125 1799 202 1861 pore
225 1776 303 1840 nihil
318 1776 450 1856 factum,
473 1797 514 1839 ne
538 1777 714 1860 cogitatum
737 1775 868 1860 quidem
890 1773 917 1862 [z
940 1775 1027 1841 nulla
1051 1777 1106 1841 lex

125 1879 338 1965 promulgata,
362 1900 426 1943 non
449 1901 523 1943 cum
545 1878 661 1964 populo
685 1881 737 1964 agi
760 1889 918 1964 coeptum,
948 1879 1036 1945 nulla
1059 1902 1105 1945 se-

98 1985 220 2052 ccessio
243 1978 350 2068 factal.
375 1982 543 2064 Hortatur,
567 1985 657 2048 cuius
680 1985 881 2068 imperatoris
904 1983 1004 2048 ductu
1026 2001 1105 2048 vnn

10 2159 14 2169 ,
120 2090 212 2153 annis
241 2085 472 2170 rempublicam
500 2086 681 2150 felicissime
709 2088 867 2170 gesserint
901 2078 1109 2172 plurimaque

120 2192 241 2277 proelia
256 2190 398 2256 secunda
413 2191 558 2272 fecerint,
582 2212 710 2255 omnem
726 2190 865 2255 Galliam
882 2190 1104 2255 Germaniam·

120 2320 183 2384 que
211 2298 415 2382 pacaverint,
445 2304 480 2360 ut
508 2297 576 2358 eius
605 2295 875 2359 existimationem
898 2293 1102 2379 dignitatem-

121 2423 183 2487 que
222 2399 264 2465 ab
302 2401 438 2465 inimicis
476 2398 660 2462 defendant.
719 2396 930 2464 Conclamant
967 2398 1102 2483 legionis

99 2495 211 2587 lxm,
246 2525 329 2590 quae
357 2503 486 2585 aderat,
516 2501 632 2566 milites
655 2538 697 2546 —
719 2501 803 2565 lianc
832 2503 919 2567 enim
940 2503 1030 2566 initio
1052 2511 1101 2568 tu-

119 2607 238 2673 multus
261 2617 455 2672 evocaverat
467 2642 508 2651 -
521 2602 674 2692 [reliquae
697 2604 840 2669 nondum
856 2602 1103 2690 convenerantl:

121 2733 189 2775 sese
213 2720 342 2795 paratos
365 2733 435 2775 esse
458 2709 660 2795 imperatoris
684 2710 732 2773 sui
754 2707 1022 2794 tribunorumque
1038 2707 1101 2794 ple-

119 2814 169 2879 bis
192 2816 323 2879 iniurias
344 2812 527 2877 defendere.

207 2917 235 2980 8.
275 2915 411 3000 Cognita
444 2915 580 2980 militum
613 2914 779 2980 voluntate
808 2912 992 2980 Ariminum
1025 2937 1101 2979 cum

121 3044 160 3085 ea
190 3020 313 3104 legione
342 3020 554 3103 proficiscitur
582 3018 690 3104 ibique
719 3016 865 3083 tribunos
893 3016 1012 3103 plebis,
1047 3019 1104 3104 qui

121 3124 164 3190 ad
187 3146 260 3188 eum
283 3124 508 3208 profugerant,
533 3125 698 3202 convenit3
728 3123 867 3207 reliquas
896 3123 1037 3208 legiones
1060 3145 1103 3188 ox

101 3228 265 3312 thibernis
282 3236 396 3291 evocat
419 3236 451 3292 ct
476 3227 628 3312 subsequi
647 3227 744 3291 iubet.
769 3228 817 3291 Eo
833 3227 872 3291 L.
890 3226 1010 3293 Caesar
1026 3226 1103 3293 adu·-

121 3333 245 3398 lescens
267 3332 376 3415 venit,
400 3332 489 3396 cuius
512 3340 605 3416 pater
628 3330 776 3396 Caesaris
799 3341 870 3396 erat
892 3331 1025 3417 legatus.
1071 3331 1104 3397 Is

121 3438 243 3524 reliquo
274 3460 420 3504 sermone
450 3438 611 3519 confecto,
648 3439 738 3501 cuius
767 3438 814 3500 rei
837 3458 936 3502 causa
957 3445 1104 3518 venerat,

122 3541 243 3608 habere
259 3564 292 3605 se
316 3543 504 3627 aPompcio
527 3540 569 3606 ad
593 3562 667 3604 eum
690 3542 807 3625 privati
831 3540 927 3604 officii
948 3538 1104 3605 mandata
