2376 3924
136 223 175 287 88
455 219 506 268 DE
529 216 649 267 BELLO
673 215 785 268 cltum

135 432 235 474 cornu
263 406 398 472 circuire
427 409 530 471 aciem
558 413 760 470 nostramet
788 404 919 468 aversos
940 407 1115 489 'proterere

113 514 254 598 sincipit.
294 509 376 575 Oum
399 509 547 574 cohortes
570 530 612 572 ex
635 509 704 572 acie
727 508 1013 592 procucurrissent,
1047 507 1115 570 Nu-

134 614 241 679 midae
263 615 380 698 integri
404 611 566 676 celeritate
593 614 749 696 impeturn
778 619 961 675 nostrorum
983 610 1114 694 effugie-

134 719 214 784 bant
242 738 419 802 rursusque
448 715 490 780 ad
518 715 646 781 ordines
676 736 750 778 suos
778 736 813 779 se
840 716 1032 800 recipientes
1055 716 1114 777 cir·

135 819 268 885 cuibant
290 829 323 883 et
345 819 386 884 ab
411 820 479 882 acie
503 816 730 882 excludebant.
777 819 830 883 Sic
858 824 964 903 neque
987 819 1020 880 in
1043 817 1114 883 loco

135 946 266 989 manere
278 923 472 1007 ordinesque
484 943 614 985 servare
630 942 735 1006 neque
752 942 941 1005 procurrere
957 929 990 985 et
1001 942 1114 985 casum

112 1028 243 1092 rsubire
272 1037 377 1090 tutum
399 1024 581 1090 videbatur.
627 1025 777 1089 Hostium
807 1027 918 1110 copiae
946 1024 1114 1089 submissis

134 1131 176 1195 ab
200 1152 277 1214 rege
306 1128 433 1193 auxiliis
449 1128 580 1193 *crebro
614 1127 834 1213 augebantur3
872 1138 999 1193 nostros
1027 1131 1115 1193 vires

135 1233 322 1298 lassitudine
346 1231 550 1315 deficiebant,
574 1231 668 1296 simul
690 1234 721 1315 ii,
746 1234 801 1317 qui
823 1231 959 1296 vulnera
982 1254 1113 1319 accepe-

135 1348 218 1420 rant,
252 1357 358 1421 neque
381 1338 449 1400 acie
472 1334 631 1399 excedere
665 1355 771 1418 neque
803 1336 842 1398 in·
870 1334 975 1399 locum
1006 1343 1115 1399 tutum

135 1441 248 1505 referri
277 1449 436 1525 poterant,
472 1436 558 1523 quod
586 1447 654 1502 tota
682 1440 767 1501 acies
795 1442 941 1524 equitatu
973 1439 1114 1504 hostium

113 1544 335 1608 scircumdata
357 1541 538 1607 tenebatur.
562 1542 607 1606 Hi
629 1540 670 1606 de
693 1563 752 1606 sua
775 1541 876 1606 salute
893 1542 1113 1629 desperantes,

135 1659 171 1712 ut
186 1659 332 1713 extremo
348 1649 434 1711 vitae
457 1655 601 1730 tempore
623 1645 769 1711 homines
784 1646 891 1711 facere
907 1656 1113 1731 consuerunt,

135 1760 192 1815 aut
220 1773 313 1816 suam
345 1759 482 1814 mortem
515 1747 754 1813 miserabantur
781 1758 838 1814 aut
865 1761 1016 1835 parentes
1039 1772 1114 1817 suos

135 1854 415 1936 commendabant,
444 1856 471 1917 si
493 1873 574 1938 quos
597 1874 699 1917 exeo
728 1853 870 1939 periculo
898 1853 1027 1918 fortuna
1049 1876 1114 1919 ser-

135 1981 213 2023 vare
237 1961 400 2043 potuisset.
424 1955 526 2021 Plena
548 1963 641 2021 erant
664 1959 770 2021 omnia
797 1959 921 2023 timoris
944 1967 976 2022 et
998 1955 1112 2022 luctus.

236 2060 288 2125 42.
313 2059 420 2142 Curio,
443 2059 500 2124 ubi
522 2061 701 2144 perterritis
718 2060 865 2126 omnibus
881 2081 986 2145 neque
1000 2061 1114 2125 cohor·

134 2167 271 2229 tationes
299 2186 374 2229 suas
401 2172 507 2248 neque
535 2184 647 2248 preces
677 2163 783 2228 audiri
814 2164 979 2249 intellegit,
1014 2187 1115 2228 unam

133 2277 171 2333 ut
192 2271 225 2333 in
247 2270 371 2333 miseris
400 2267 498 2332 rebus
527 2287 618 2353 spem
647 2266 805 2353 reliquam
833 2267 944 2334 salutis
972 2290 1042 2333 esse
1065 2292 1114 2334 ar-

134 2372 281 2456 bitratus,
305 2375 468 2458 proximos
492 2370 587 2447 colles
611 2393 727 2456 capere
745 2374 924 2438 'universos
953 2382 1052 2457 atque
1075 2359 1121 2438 eo

112 2479 226 2561 rsigna
248 2476 359 2540 inferri
382 2474 480 2540 iubet.
516 2460 585 2541 Hos
609 2496 737 2560 quoque
759 2486 976 2563 praeoccupat
997 2479 1115 2542 missus

134 2603 154 2644 a
177 2580 322 2646 Saburra
345 2582 515 2664 equitatus.
547 2580 632 2644 Tum
655 2601 733 2644 vero
756 2579 799 2644 ad
822 2602 981 2645 summam
1002 2579 1115 2667 despe

133 2686 291 2747 rationem
325 2685 426 2747 nostri
458 2684 653 2768 perveniunt
676 2691 709 2747 et
730 2685 849 2768 partim
882 2684 1043 2769 fugientes
1070 2684 1115 2752 ab

134 2788 279 2869 equitatu
308 2787 555 2870 interficiuntur,
590 2789 709 2872 partim
737 2789 854 2872 integri
887 2786 1114 2872 procumbunt.

112 2889 292 2954 ³Hortatur
321 2889 494 2955 Curionem
523 2889 581 2955 On.
612 2891 783 2974 Domitius,
818 2892 1001 2977 praefectus
1028 2895 1116 2978 equi·

134 3002 213 3075 tum,
249 3015 323 3057 cum
353 2996 465 3079 paucis
495 2994 658 3079 equitibus
689 2996 937 3079 circumsistens,
971 3004 1008 3061 ut
1036 2995 1116 3080 iuga

134 3095 271 3161 salutem
299 3106 388 3182 petat
416 3108 514 3181 atque
542 3100 575 3161 in
604 3106 711 3162 castra
741 3098 925 3182 contendat,
959 3107 1049 3162 etse
1071 3098 1115 3165 ab

112 3216 172 3263 seo
195 3221 259 3263 non
282 3199 499 3264 discessurum
527 3200 702 3286 pollicetur.
748 3201 795 3266 At
816 3200 914 3266 Curio
936 3202 1116 3286 numquam

135 3325 169 3366 se
192 3305 310 3368 amisso
333 3305 490 3385 exercitu,
515 3325 612 3388 quem
627 3327 647 3368 a
663 3303 802 3369 Caesare
818 3303 895 3370 fidei
910 3306 1116 3371 commissum

134 3408 305 3491 acceperit,
327 3409 361 3470 in
384 3409 452 3470 eius
475 3415 684 3491 conspectum
713 3430 922 3474 reversurum
945 3408 1117 3475 confirmat

111 3518 232 3594 satque
255 3512 300 3574 ita
328 3509 488 3595 proelians
516 3510 715 3609 interficitur.
761 3512 896 3598 Equites
925 3534 968 3578 ex
993 3511 1116 3600 proelio
