2376 3924
125 226 187 292 152
423 226 473 277 DE
491 225 612 276 BELLO
636 224 793 277 GALLICO

120 416 194 483 loeo
217 426 427 483 consecrato.
457 417 532 483 Huc
556 438 670 482 omnes
698 415 858 503 undique,
887 419 944 502 qui
966 426 1096 482 contro·
1169 440 1170 443 ¹

119 524 250 589 versiae
273 521 411 606 habent,
435 523 640 588 conveniunt
657 543 834 608 eorumque
852 520 997 587 decretis
1013 523 1100 588 iudi·

85 647 109 686 11
120 628 250 713 ciisque
263 636 396 714 parent.
412 625 605 712 Disciplina
618 627 654 689 in
665 626 844 690 Britannia
857 635 1100 712 repertaatque

86 731 200 797 1²inde
216 733 251 796 in
268 729 417 797 Galliam
432 729 602 795 translata
618 753 692 795 esse
709 730 934 813 existimatur,
951 741 984 795 et
999 753 1099 814 nune,

120 836 176 923 qui
185 835 381 920 diligentius
390 856 464 899 eam
476 833 895 919 remoognoscerevolunt‚
905 833 1100 920 plerumque

118 938 177 1005 illo
204 938 357 1005 discendi
381 962 486 1005 causa
512 940 783 1027 proficiscuntur.

226 1042 275 1106 14.
298 1042 447 1108 Druides
472 1066 492 1108 a
515 1042 604 1109 bello
628 1043 748 1110 abesse
770 1053 974 1110 consuerunt
990 1065 1099 1129 neque

118 1145 247 1212 tributa
268 1168 336 1211 una
359 1169 435 1212 oum
457 1145 596 1235 reliquis
624 1133 786 1233 pendunt,
820 1147 974 1232 [militiae
996 1170 1098 1213 vaca-

117 1250 254 1334 tionem]
291 1251 503 1338 omniumque
537 1274 648 1317 rerum
681 1250 807 1317 habent
842 1252 1097 1316 immunitatem.

96 1354 237 1420 2Tantis
262 1355 405 1420 excitati
428 1356 591 1441 praemiis
609 1365 642 1421 et
659 1378 719 1421 sna
733 1365 852 1441 sponte
866 1353 963 1420 multi
980 1356 1014 1418 in
1031 1353 1098 1419 dis·

116 1457 277 1544 ciplinam
293 1460 500 1524 conveniunt
524 1469 556 1524 et
582 1482 602 1524 a
624 1458 822 1545 parentibus
837 1459 1098 1545 propinquisque

96 1564 305 1628 omittuntur.
329 1563 491 1648 Magnum
513 1562 560 1627 ibi
583 1584 757 1629 numerum
772 1584 929 1627 versuum
946 1562 1099 1628 ediscere

119 1666 286 1732 dicuntur.
301 1667 537 1753 Itaqueannos
550 1666 704 1732 nonnulli
718 1669 856 1732 vicenos
869 1668 904 1731 in
918 1665 1097 1752 disciplina

116 1779 324 1855 permanent.
370 1770 488 1856 Neque
511 1770 564 1834 fas
588 1791 662 1835 esse
686 1771 883 1834 existimant
908 1791 948 1835 ea
971 1769 1096 1835 litteris

117 1872 291 1957 mandare,
315 1875 441 1938 cumin
458 1873 598 1960 reliquis
611 1873 681 1938 fere
698 1872 808 1955 rebus,
824 1871 969 1958 publicis
985 1875 1097 1958 priva·

94 1978 227 2063 rtisque
251 1975 440 2042 rationibus
466 1975 609 2043 Graecis
634 1976 757 2044 litteris
781 1986 929 2043 utantur.
952 1976 993 2041 Id
1014 1977 1097 2042 mihi

117 2079 248 2146 duabus
275 2079 315 2145 de
339 2082 452 2146 causis
477 2082 666 2158 instituisse
683 2079 853 2165 videntur,
877 2079 967 2166 quod
990 2101 1097 2167 neque

116 2185 151 2248 in
174 2183 313 2268 vulgum
339 2183 553 2270 disciplinam
578 2185 686 2250 efferri
701 2183 809 2249 velint
825 2206 933 2271 neque
950 2205 1017 2266 eos,
1041 2187 1097 2270 qui

117 2287 263 2371 discunt,
287 2287 412 2352 litteris
436 2289 582 2355 confisos
607 2289 716 2352 minus
740 2290 922 2353 memoriae
946 2288 1097 2374 studere3

116 2390 205 2477 quod
227 2390 297 2456 fere
319 2391 489 2479 plerisque
505 2391 642 2476 accidit,
665 2399 701 2455 ut
718 2391 889 2477 praesidio
906 2391 1097 2459 litterarum

117 2493 331 2577 diligentiam
347 2496 382 2560 in
399 2495 625 2580 perdiscendo
643 2517 683 2559 ao
699 2497 894 2561 memoriam
910 2499 1096 2564 remittant.

93 2598 281 2682 sImprimis
294 2597 482 2664 hocvolunt
495 2598 708 2685 persuadere,
722 2620 789 2663 non
802 2600 941 2664 interire
953 2603 1096 2686 animas,

116 2700 177 2766 sed
199 2700 243 2767 ab
267 2701 344 2767 aliis
368 2711 444 2789 post
468 2711 611 2769 mortem
634 2703 782 2767 transire
806 2701 851 2767 ad
874 2703 971 2788 alios,
995 2715 1096 2791 atquo

114 2805 177 2869 hoc
190 2807 337 2870 maxime
349 2803 395 2869 ad
406 2805 568 2870 virtutem
581 2805 727 2869 excitari
738 2812 862 2890 putant
874 2815 966 2871 metu
978 2809 1095 2872 mortis

93 2907 282 2992 onegleoto.
306 2907 415 2973 Multa
432 2917 609 2994 praeterea
627 2907 669 2973 de
686 2907 853 2973 sideribus
867 2917 969 2995 atque
983 2932 1095 2976 eorum

113 3020 216 3096 motu,
234 3011 276 3076 de
291 3011 408 3077 mundi
425 3033 465 3076 ao
482 3020 648 3077 terrarum
664 3011 909 3097 magnitudine,
927 3012 968 3078 de
984 3035 1095 3077 rerum

113 3124 249 3197 natura,
267 3114 308 3179 de
326 3114 463 3179 deorum
480 3114 718 3180 immortalium
733 3117 768 3179 vi
785 3138 825 3181 ao
842 3124 1010 3202 potestate
1028 3115 1095 3180 dia·

114 3227 236 3305 putant
260 3227 293 3283 et
317 3220 486 3283 iuventuti
508 3217 660 3284 tradunt.

220 3321 269 3387 15.
293 3321 446 3387 Alterum
470 3343 576 3407 genus
602 3332 653 3389 est
677 3325 835 3409 equitum.
863 3324 920 3407 Hi,
944 3345 1020 3387 cum
1044 3335 1096 3389 est

113 3450 194 3494 usus
218 3437 319 3514 atque
342 3426 481 3513 aliquod
503 3425 629 3493 bellum
652 3427 773 3493 incidit
798 3427 900 3516 (quod
922 3427 992 3492 fere
1015 3435 1095 3491 ante

115 3529 274 3597 Caesaris
297 3531 481 3598 adventum
504 3533 683 3618 quotannis
709 3532 864 3599 accidere
881 3531 1022 3616 solebat,
1045 3532 1096 3597 uti
