2376 3924
353 234 464 285 menn
482 235 518 295 11,
538 233 615 284 ose.
633 234 742 283 sr-sr.
760 228 762 233 '
993 232 1034 296 59

58 425 340 493 flumenRhenum
352 425 512 511 depositis
529 425 718 491 custodiam
738 448 779 490 ex
796 426 864 490 suis
881 446 921 489 ac
939 446 1035 509 prae-

60 530 184 596 sidium
200 552 263 594 sex
277 529 371 595 milia
388 529 556 594 hominum
571 551 639 594 una
657 528 875 615 reliquerunt.
898 529 943 593 Hi
958 538 1058 614 posts

60 656 174 700 eorum
198 632 327 698 obitum
354 631 477 699 multos
507 654 613 697 annos
638 654 658 695 a
681 633 831 697 finitimis
856 634 1035 717 exagitati,

61 761 133 803 cum
146 736 237 801 alias
253 736 378 802 bellum
385 737 557 819 inferrent,
570 736 657 801 alias
666 736 797 802 illatum
806 736 1043 820 defenderent,·

60 863 229 906 consensu
246 862 359 905 eorum
376 842 521 906 omnium
537 862 621 926 pace
633 841 728 906 facta
743 840 833 905 huno
849 840 914 906 sibi
932 840 1035 906 domi-

60 944 137 1010 cilio
162 942 275 1009 locum
300 942 508 1028 delegerunt.

143 1044 198 1111 30.
227 1045 279 1112 Ac
295 1048 401 1132 primo
418 1046 567 1113 adventu
585 1049 755 1113 exercitus
770 1050 877 1113 nostri
897 1048 1034 1114 crebras

59 1175 99 1217 ex
111 1149 238 1237 oppido
251 1152 469 1216 excursiones
482 1151 655 1217 faciebant
669 1152 886 1237 parvulisque
898 1151 1034 1237 proeliis

59 1278 131 1320 cum
156 1255 283 1319 nostris
302 1254 569 1338 contendebant3
592 1265 709 1340 postea
731 1254 822 1320 vallo
845 1254 967 1341 pedum
983 1273 1056 1319 x112

59 1357 251 1422 incircuitu
264 1356 453 1442 quindecim
466 1357 593 1422 milium
601 1357 795 1443 crebrisque
807 1356 958 1422 castellis
971 1359 1034 1422 oir-

60 1461 259 1527 cummuniti
273 1459 395 1547 oppido
409 1482 482 1525 sese
495 1459 727 1526 continebant.
742 1461 809 1527 Ubi
821 1463 930 1526 vineis
947 1462 1055 1527 actiss

59 1585 184 1649 aggere
209 1572 383 1629 exstructo
406 1567 526 1629 turrim
549 1565 665 1650 procul
688 1566 849 1629 constitui
865 1565 1033 1647 viderunt,

59 1670 201 1753 primum
217 1668 360 1732 irridere
377 1690 421 1732 ex
434 1690 528 1733 muro
546 1679 647 1755 atque
663 1671 866 1754 increpitare
882 1668 1034 1752 vocibus,

60 1771 146 1858 quod
158 1780 258 1837 tanta
270 1771 477 1837 machinatio
495 1771 538 1838 ab
554 1781 650 1838 tanto
668 1774 777 1857 spatio
794 1774 1035 1836 instrueretur:

59 1874 259 1962 quibusnam
282 1874 439 1941 manibus
462 1885 521 1940 aut
545 1875 665 1963 quibus
682 1876 811 1940 viribus
834 1864 1056 1960 praesertims

58 1978 208 2046 homines
217 1978 372 2045 tantulae
381 1988 532 2045 staturae
545 1981 636 2062 (nam
642 1979 1033 2066 plerumquehominibus

60 2081 167 2150 Gallis
191 2104 274 2168 prae
289 2082 523 2166 magnitudine
540 2106 715 2169 corporum
732 2105 866 2147 suorum
881 2082 1033 2147 brevitas

14 2224 19 2235 ·
57 2196 173 2253 nostra
196 2188 405 2271 contemptui
422 2191 484 2266 est)
507 2189 596 2251 tanti
613 2188 722 2252 oneris
739 2190 857 2252 turrim
881 2188 916 2251 in
940 2209 1032 2253 muro

58 2313 130 2357 sese
154 2288 326 2355 collocare
349 2289 580 2355 confiderent?

141 2393 195 2457 31.
212 2391 280 2459 Ubi
292 2416 372 2459 vero
388 2396 516 2459 moveri
530 2403 562 2459 et
576 2397 846 2482 appropinquare
858 2397 1034 2462 moenibus

55 2498 225 2579 viderunt,
241 2518 330 2562 nova
346 2508 447 2585 atque
457 2499 622 2565 inusitata
643 2502 754 2585 specie
770 2503 927 2566 commoti
941 2501 1033 2585 lega·

54 2611 106 2668 tos
131 2601 178 2667 ad
201 2598 383 2667 Caesarem
407 2601 448 2667 de
470 2623 556 2687 pace
577 2603 756 2684 miserunt,
791 2605 847 2690 qui
879 2605 1033 2670 adhunc

54 2705 191 2771 modum
215 2704 335 2770 locuti:
368 2726 435 2771 non
465 2707 661 2771 existimare
683 2707 851 2772 Romanos
876 2711 948 2775 sine
972 2732 1054 2795 opes

56 2808 174 2874 divina
185 2807 445 2893 bellumgerere,
458 2811 514 2896 qui
526 2818 645 2875 tantae
657 2810 848 2877 altitudinis
861 2814 1032 2878 machina·

54 2912 164 2977 tiones
178 2921 276 2978 tanta
287 2911 465 2979 celeritate
476 2935 672 2999 promovere
684 2925 837 3000 possent3
855 2939 890 2981 se
907 2939 1054 3002 suaques

55 3017 168 3081 omnia
184 3035 299 3081 eorum
321 3018 484 3102 potestati
507 3019 701 3102 permittere
718 3018 887 3084 dixerunt.
922 3021 1054 3088 Unumr

54 3129 168 3205 petere
185 3139 227 3183 ac
245 3118 436 3205 deprecari:
460 3122 489 3184 si
512 3121 599 3186 forte
621 3143 680 3207 pro
705 3144 766 3186 sua
789 3122 968 3191 elementia
992 3149 1032 3190 ac

54 3220 326 3305 mansuetudine,
340 3244 439 3308 quam
451 3224 515 3310 ipsi
528 3224 571 3289 ab
584 3224 661 3289 aliis
675 3226 843 3308 audirent,
857 3229 1032 3295 statuisset

53 3324 253 3392 Aduatucos
278 3346 352 3393 esse
374 3328 638 3411 conservandos,
661 3352 704 3393 ne
728 3351 763 3393 se
787 3332 889 3394 armis
915 3331 1031 3418 despo-

52 3426 164 3495 liaret.
199 3426 272 3493 Sibi
296 3450 411 3494 omnes
435 3428 505 3494 fere
527 3431 689 3496 finitimos
715 3453 788 3496 esse
812 3432 967 3499 inimicos
992 3454 1054 3500 acs

52 3554 135 3599 suae
146 3532 268 3599 virtuti
284 3532 453 3618 invidere3
470 3556 491 3599 a
508 3533 628 3620 quibus
646 3557 681 3599 se
699 3535 879 3601 defendere
895 3537 1031 3605 traditis
