2376 3924
360 201 471 253 uranu
490 202 525 266 11,
545 200 623 252 cnr.
642 201 751 253 10-14.
1000 200 1042 264 49

65 397 250 466 contendit.
288 395 329 462 Id
352 417 395 460 ex
416 396 537 461 itinere
561 414 754 480 oppugnare
777 392 1065 480 conatus,·qu0dr

64 524 207 570 vacuum
224 499 268 566 ab
286 498 517 565 defensoribus
535 520 610 564 esse
626 497 798 583 audiebat,
812 506 951 584 propter
966 497 1042 562 lati·

63 605 215 671 tudinem
226 605 339 670 fossae
348 604 500 689 murique
512 600 727 667 altitudinem
734 602 851 687 paucis
864 601 1043 667 defenden-

62 708 150 775 tibus
175 727 374 794 expugnare
390 727 457 771 non
472 705 592 792 potuit.
616 702 747 770 Castris
770 706 907 769 munitis
924 707 1064 773 vineass

63 833 174 897 agere,
192 831 345 899 quaeque
360 808 405 876 ad
421 809 681 896 oppugnandum
698 810 773 875 usui
787 817 893 892 erant,
910 831 1042 895 compa-

62 937 136 980 rare
166 916 290 1000 coepit.
334 913 475 979 Interim
505 914 612 978 omnis
643 936 686 978 ex
714 912 796 997 fuga
825 911 1065 978 Suessionumr

61 1016 243 1083 multitudo
256 1018 291 1082 in
304 1016 461 1103 oppidum
476 1015 630 1102 proxima
645 1024 746 1081 nocte
762 1017 929 1082 convenit.
947 1014 1063 1082 Cale-s

62 1122 142 1186 riter
165 1121 278 1184 vineis
301 1120 345 1185 ad
369 1118 527 1205 oppidum
555 1121 652 1202 actis,
680 1140 806 1203 aggere
829 1120 918 1187 iacto
942 1123 1041 1186 turri·

61 1224 191 1311 busque
206 1225 402 1290 constitutis
418 1222 655 1307 magnitudine
671 1245 816 1309 operum,
833 1246 919 1311 quae
934 1247 1042 1310 neque

61 1327 221 1394 viderant
244 1335 324 1391 ante
348 1323 571 1412 Galliaeque
595 1325 785 1410 audierant,
810 1337 843 1392 et
866 1326 1042 1392 celeritate

61 1433 289 1498 Romanorum
305 1429 447 1515 permoti
470 1427 602 1512 legatos
619 1429 664 1493 ad
680 1427 860 1495 Caesarem
885 1431 925 1495 de
950 1430 1041 1495 dedi-

61 1538 152 1601 tione
164 1536 305 1600 mittunt
319 1543 353 1598 et
364 1532 557 1619 petentibus
568 1533 688 1616 Remis,
701 1541 738 1597 ut
751 1542 1041 1617 conservarentur,

62 1641 257 1725 impetrant.

148 1741 200 1806 13.
225 1739 354 1807 Caesar
377 1739 552 1806 obsidibus
577 1743 726 1827 acceptis
750 1742 866 1827 primis
890 1742 1040 1807 civitatis

63 1855 163 1933 atque
193 1846 298 1932 ipsius
322 1842 455 1910 Galbae
484 1847 575 1929 regis
605 1845 735 1911 duobus
764 1845 842 1910 filiis
874 1848 1041 1932 armisque

63 1948 217 2014 omnibus
231 1971 273 2013 ex
286 1946 408 2034 oppido
421 1949 559 2014 traditis
576 1949 609 2013 in
625 1948 828 2014 deditionem
843 1948 1040 2014 Suessiones

63 2053 195 2139 accepit
211 2053 461 2138 exercitumque
478 2053 511 2116 in
528 2050 727 2117 Bellovacos
745 2053 848 2118 ducit.
880 2053 944 2134 Qui
967 2075 1063 2118 cumr

62 2178 95 2221 se
120 2176 249 2242 suaque
265 2156 377 2220 omnia
400 2155 435 2219 in
459 2156 616 2242 oppidum
633 2155 908 2243 Bratuspantium
925 2166 1040 2220 contu·

61 2257 198 2336 iissent,
228 2267 328 2344 atque
358 2258 402 2324 ab
425 2280 463 2323 eo
494 2258 616 2345 oppido
640 2259 866 2324 Caesareum
890 2261 1042 2325 exercitu

61 2361 1040 2448 circitermiliapassuumquinqueabesset,omnesmaiores

60 2476 144 2533 natu
161 2488 205 2531 ex
221 2465 343 2552 oppido
360 2466 489 2550 egressi
508 2488 625 2531 manus
643 2466 687 2531 ad
704 2464 886 2532 Caesarem
902 2467 1041 2532 tendere

61 2580 94 2636 et
112 2591 198 2635 voce
218 2569 410 2654 significare
426 2578 618 2655 coeperunt,
644 2592 716 2634 sese
733 2572 767 2635 in
791 2571 862 2636 eius
885 2570 984 2635 fidem
1000 2592 1041 2636 ac

59 2681 266 2760 potestatem
280 2675 396 2740 venire
418 2695 526 2759 neque
549 2683 667 2738 contra
682 2674 841 2759 populum
855 2675 1042 2740 Romanum

61 2778 166 2843 armis
189 2775 403 2844 contendere.
448 2775 551 2860 Item,
580 2775 723 2841 eumad
747 2776 904 2862 oppidum
927 2798 1062 2843 acces-s

61 2882 164 2945 sisset
185 2888 366 2966 castraque
389 2877 437 2944 ibi
460 2886 609 2965 poneret,
636 2879 730 2964 pueri
752 2878 975 2965 mulieresque
998 2903 1041 2946 ex

60 3004 155 3048 muro
178 2984 290 3068 passis
314 2981 470 3048 manibus
496 3004 553 3047 suo
577 3004 669 3047 more
684 3003 803 3067 pacem
820 2982 863 3049 ab
879 2983 1041 3049 Romanis

60 3088 243 3172 petierunt.

149 3188 201 3252 14.
213 3189 278 3253 Pro
293 3187 346 3253 his
358 3188 551 3255 Divitiacus
570 3192 660 3267 (nam
675 3198 750 3274 post
767 3188 952 3255 discessum
965 3190 1039 3255 Bel-

60 3315 180 3379 garum
198 3293 346 3360 dimissis
358 3293 552 3360 Aeduorum
564 3294 671 3378 copiis
688 3295 823 3359 adeum
840 3295 1039 3375 reverterat)

58 3398 145 3465 facit
159 3397 283 3465 verba:
304 3397 505 3464 Bellovacos
522 3398 610 3464 omni
633 3407 781 3484 tempore
800 3401 835 3463 iu
857 3399 922 3463 fide
938 3409 1061 3484 atqueo

59 3501 214 3569 amicitia
238 3503 390 3568 civitatis
413 3501 553 3569 Aeduae
576 3502 697 3588 fuisse,
720 3502 878 3588 impulsos
903 3503 945 3568 ab
971 3504 1061 3568 suisa

112 3608 203 3655 041111.
221 3608 242 3652 1.
254 3608 276 3652 b.
292 3608 317 3654 (i.
889 3624 909 3674 4
