2378 3922
98 363 210 428 sensio
235 362 433 428 documento
458 372 524 448 est,
558 363 685 429 frustra
709 362 752 428 ab
775 385 841 429 uno
864 363 963 430 modo
986 364 1072 430 libro

98 486 192 551 opem
222 464 267 530 ad
298 465 509 531 emendanda
541 464 698 532 Caesaris
732 466 837 532 verba
871 471 1072 555 exspectari,

95 567 266 655 multoque
287 571 414 635 rectius
437 571 466 635 is
489 570 581 654 fecit,
605 572 660 656 qui
678 572 882 636 novissimus
898 569 1071 637 Commen-

95 674 202 738 tarios
227 673 268 738 de
290 672 379 738 bello
397 671 530 738 Gallico
554 684 720 760 apparatu
743 676 863 741 critico
887 677 1071 742 instructos

95 775 221 862 publici
245 778 327 842 iuris
350 777 447 863 fecit,
481 777 696 845 Alfredum
726 778 950 846 Holderum
985 780 1071 862 dico,

96 880 152 966 qui
175 879 256 947 licet
278 903 345 947 non
369 883 495 969 apertis
518 882 631 947 verbis
653 885 935 970 pronuntiaverit,
958 893 1070 949 tamen

97 985 238 1051 eandem
261 985 331 1050 fere
354 987 519 1052 rationem
542 985 716 1073 amplexus
733 995 794 1070 est,
818 1008 916 1072 quam
932 987 1070 1073 Nipper-

97 1090 161 1176 dey
183 1091 340 1175 Prolcgg.
357 1112 388 1177 p.
404 1088 446 1155 48
469 1090 651 1156 tenendam
675 1111 749 1156 esse
772 1091 1011 1157 contenderat:
1034 1100 1070 1156 ut

94 1195 202 1280 prima
226 1196 371 1260 omnium
393 1181 475 1260 cura
498 1193 706 1260 conferretur
729 1194 773 1259 ad
796 1195 996 1280 scripturam
1016 1216 1071 1260 oo·

97 1296 182 1364 dicis
212 1298 388 1384 archetypi
417 1297 665 1364 inveniendam.
704 1321 777 1364 eam
800 1320 879 1363 vero
908 1299 942 1363 in
975 1296 1071 1363 libris

97 1401 128 1466 d.
151 1401 184 1467 b.
208 1399 249 1467 G.
273 1402 362 1467 effici
390 1413 450 1469 aut
481 1426 523 1467 cx
553 1404 699 1467 omnium
728 1403 881 1468 codicum
904 1392 1071 1468 consensu

97 1506 143 1588 (X
163 1504 317 1590 Holdcr),
340 1516 398 1572 aut
422 1509 456 1571 in
481 1507 637 1572 dissensu
659 1507 833 1592 utriusque
855 1505 1006 1572 familiae
1029 1529 1072 1571 ex

96 1611 237 1694 integris
263 1611 297 1692 (a
312 1609 465 1695 Holder),
489 1619 547 1675 aut
572 1610 715 1697 denique
735 1633 778 1675 ex
799 1632 965 1675 consensu
988 1609 1070 1675 alte·

95 1715 165 1779 rius
189 1715 395 1797 integrorum
418 1716 525 1801 partis
549 1724 583 1779 et
605 1713 884 1800 interpolatorum
907 1715 962 1797 (β).
995 1736 1071 1779 cum

95 1818 157 1884 hoc
173 1819 243 1883 fere
258 1817 356 1882 modo
373 1820 475 1882 etiarn
488 1817 617 1882 Holder
632 1819 667 1882 in
683 1818 899 1883 recensendis
912 1814 1070 1884 Caesaris

95 1922 207 1988 verbis
230 1921 427 2008 procederet
459 1932 492 1986 et
526 1921 796 1987 accuratioribus
831 1921 1070 1988 collationibus

97 2028 293 2113 optimorum
315 2024 493 2109 librorum,
516 2026 622 2109 Bong.
642 2035 675 2090 et
691 2027 798 2090 Paris.
815 2026 939 2109 Moiss„
962 2036 1071 2092 utere·

95 2141 160 2216 tur,
183 2131 355 2216 praestitit
378 2139 480 2211 certe,
508 2138 546 2195 ut
570 2129 681 2215 quoad
702 2131 775 2195 fieri
798 2140 923 2217 posset,
947 2132 982 2196 in
1004 2153 1072 2197 me·

97 2235 217 2300 liorum
251 2233 413 2300 librorum
447 2235 601 2317 vestigiis
640 2235 828 2316 insisteret,
866 2234 956 2300 haud
993 2258 1070 2301 raro

95 2349 209 2404 tamen
244 2340 315 2423 ipse
349 2339 452 2403 etiarn
486 2346 625 2404 coactus
660 2349 728 2422 est,
762 2349 799 2403 ut
828 2338 883 2403 vel
917 2339 1071 2404 codicum

96 2444 272 2508 deterioris
295 2452 397 2507 notae
420 2443 622 2528 scripturam
644 2445 823 2528 reciperet,
846 2441 901 2507 vel
924 2442 969 2507 ad
992 2465 1071 2507 con-

96 2549 242 2612 iecturas
265 2546 473 2629 confugeret.

198 2651 313 2736 Neque
342 2672 403 2734 ego
434 2652 467 2715 in
496 2652 689 2716 universum
717 2650 820 2716 aliam
842 2651 933 2715 viam
956 2659 1071 2715 tenere

94 2755 206 2840 potui3
230 2775 315 2840 quae
331 2777 410 2819 vcro
434 2755 551 2819 invitis
575 2754 671 2820 libris
694 2753 887 2840 reponenda
907 2754 1071 2835 duxerim,

97 2857 312 2944 sequentibus
336 2857 613 2924 adnotationibus
637 2859 847 2942 consignavi.

896 3151 941 3231 ll.
969 3152 1020 3231 H.
1089 3199 1093 3209 ·
