2376 3924
121 240 162 304 68
447 240 497 290 na
518 237 638 290 senno
659 237 772 291 crvrnr

118 433 152 495 in
175 429 283 494 hostes
310 431 465 515 impetus;
499 429 557 494 sed
585 429 626 494 de
656 450 749 494 muro
772 429 897 514 sagittis
920 431 1107 494 tormentis·

94 556 182 620 aque
205 534 356 618 fugiente
384 535 536 619 persequi
558 531 779 618 probibentur.
812 531 863 596 Illi
885 530 946 597 sub
968 553 1106 597 murum

118 659 153 702 se
181 639 340 723 recipiunt
368 635 477 723 ibique
503 634 684 701 musculum
712 637 891 720 turrimque
922 633 1106 700 latericiam

117 741 217 806 libere
239 739 425 805 incendunt.
470 740 522 804 Ita
550 739 723 805 multorum
745 740 904 804 mensium
932 738 1024 805 labor
1047 738 1106 805 bo-

118 847 214 910 stium
236 842 373 929 perfidia
396 851 428 906 et
449 843 482 906 vi
505 843 705 928 tempestatis
734 850 853 928 puncto
876 844 1030 928 temporis
1056 845 1104 906 in-

93 950 211 1019 steriit.
256 948 514 1033 Temptaverunt
534 946 596 1011 hoe
614 946 702 1011 idem
723 945 940 1011 Massilienses
961 953 1095 1031 postero

118 1050 180 1116 die.
209 1050 359 1115 Eandem
381 1051 469 1115 nacti
491 1057 717 1135 tempestatem
738 1051 860 1115 maiore
883 1070 957 1114 oum
978 1047 1105 1114 fiducia

118 1153 161 1217 ad
176 1152 311 1217 alteram
325 1154 441 1217 turrim
456 1173 675 1238 aggeremque
691 1154 858 1237 eruptione
870 1162 1105 1237 pugnaverunt

94 1256 317 1341 amultumque
339 1259 448 1340 ignem
463 1255 647 1321 intulerunt.
679 1255 745 1322 Sed
766 1265 803 1320 ut
825 1257 998 1342 superioris
1021 1263 1103 1320 tem-

117 1363 203 1447 poris
236 1362 473 1425 contentionem
510 1362 611 1424 nostri
650 1382 778 1424 omnem
810 1363 1019 1444 remiserant,
1056 1363 1105 1426 ita

116 1467 256 1552 proximi
285 1463 349 1528 diei
377 1485 455 1529 casu
482 1464 638 1529 admoniti
667 1467 774 1530 omnia
806 1464 850 1529 ad
878 1464 1104 1530 defensionem

117 1578 322 1656 paraverant.
346 1569 463 1654 Itaque
486 1568 594 1634 multis
616 1569 794 1634 interfectis
816 1568 957 1656 reliquos
978 1568 1104 1634 infecta

116 1696 153 1737 re
175 1678 209 1739 in
232 1671 387 1758 oppidum
409 1671 630 1758 reppulerunt.

205 1776 254 1841 15.
277 1775 462 1841 Trebonius
479 1797 528 1859 ea,
552 1796 637 1862 quae
660 1783 735 1840 sunt
757 1776 887 1858 amissa,
910 1772 1010 1840 multo
1034 1798 1103 1841 ma-

115 1883 181 1944 iore
204 1879 340 1944 militum
362 1878 468 1944 studio
491 1878 717 1943 administrare
739 1888 772 1944 et
793 1877 928 1942 reficere
951 1880 1101 1945 instituit.

115 1984 200 2048 Nam
222 1982 278 2047 ubi
301 1991 408 2047 tantos
432 2003 506 2047 suos
528 1981 656 2048 labores
684 1991 718 2046 et
744 1989 921 2068 apparatus
942 1981 1027 2047 male
1050 2006 1102 2048 ce·

116 2087 231 2153 cidisse
253 2086 407 2153 viderunt
428 2086 625 2172 indutiisque
648 2109 707 2172 per
729 2086 834 2151 scelus
856 2085 983 2151 violatis
1006 2107 1102 2151 suam

114 2195 268 2258 virtutem
290 2193 397 2256 irrisui
420 2191 489 2256 fore
507 2189 747 2277 perdoluerunt,
771 2189 868 2276 quod,
892 2188 979 2255 unde
995 2211 1100 2277 agger

115 2298 242 2360 omnino
266 2295 460 2380 comportari
482 2302 600 2379 posset,
623 2293 702 2358 nihil
719 2303 790 2358 erat
806 2293 975 2380 reliquum,
1000 2297 1100 2357 omni-

115 2400 176 2465 bus
199 2399 370 2464 arboribus
392 2398 487 2484 longe
509 2397 638 2483 lateque
660 2400 693 2463 in
714 2396 833 2462 finibus
848 2395 1100 2462 Massiliensium

115 2506 230 2568 excisis
254 2513 286 2568 ct
308 2505 481 2585 convectis,
505 2524 660 2587 aggerem
682 2503 758 2566 novi
780 2503 909 2587 generis
932 2509 1030 2587 atque
1053 2502 1099 2566 in-

115 2607 261 2672 auditum
290 2631 333 2671 ex
360 2607 512 2671 latericiis
541 2605 668 2670 duobus
701 2607 802 2671 muris
835 2627 949 2672 senum
976 2604 1100 2693 pedum

115 2710 328 2776 crassitudine
352 2719 450 2796 atque
473 2732 586 2774 eorum
608 2731 775 2774 murorum
791 2711 1030 2795 contignatione
1052 2709 1098 2775 sa-

115 2835 188 2877 cere
221 2816 428 2879 instituerunt
461 2836 566 2899 aequa
599 2813 667 2879 fere
695 2812 879 2898 altitudine,
913 2823 1011 2900 atque
1045 2812 1098 2878 ille

92 2919 328 3000 ²congesticius
351 2939 393 2980 ex
415 2918 552 2980 materia
574 2916 681 2981 fuerat
703 2938 813 3002 agger.
858 2915 925 2981 Ubi
948 2924 1005 2980 aut
1026 2937 1098 3002 spa·

113 3022 195 3084 tium
217 3021 300 3083 inter
322 3040 430 3083 muros
454 3028 510 3083 aut
532 3018 732 3084 imbecillitas
754 3021 910 3084 materiae
932 3017 1096 3105 postulare

113 3121 290 3205 videretur,
314 3120 396 3206 pilae
419 3125 682 3208 interponuntur,
711 3125 910 3189 traversaria
937 3125 1029 3208 tigna
1050 3125 1097 3196 in·

113 3228 267 3300 minatur,
291 3247 375 3310 quae
398 3226 601 3291 firmamento
625 3250 694 3293 esse
717 3229 854 3314 possint,
885 3236 918 3294 et
940 3227 1097 3315 quicquid

114 3340 163 3394 est
197 3331 419 3415 contignatum
452 3328 596 3394 cratibus
626 3333 859 3415 consternitur,
893 3339 999 3396 crates
1028 3329 1097 3396 luto

91 3437 311 3519 tinteguntrn.
335 3432 404 3500 Sub
426 3442 512 3500 tecto
534 3433 625 3498 miles
648 3433 766 3499 dextra
789 3457 828 3499 ac
851 3436 980 3500 sinistra
1001 3455 1097 3500 muro

114 3546 236 3622 tectus,
270 3537 428 3624 adversus
451 3538 550 3625 plutei
574 3536 717 3622 obiectu,
753 3539 843 3624 operi
870 3558 1097 3624 quaecumque
