2376 3924
319 220 367 270 AD
387 218 860 284 oaus,ssu1.1..01v.111,a-s.
992 217 1080 268 XXIX

98 427 158 460 esse
177 410 322 459 videbatur
334 411 364 477 ¹),
387 408 493 473 reliqua
512 406 612 456 menda
630 421 721 457 secum
740 407 863 456 traxisse.
892 411 987 470 parata
1006 407 1078 456 enim

97 497 242 546 videbatur
260 495 413 545 emendatio
432 493 575 544 scribendo

232 653 266 702 ut
284 651 404 716 enpuste
423 601 942 716 [mlxv.curma.teero²rib‘.ub¹idvrues

96 769 296 838 (iepionariura
314 769 400 832 abi).
429 768 497 818 haec
522 785 583 818 curn
608 768 838 832 describerentur,
866 771 1076 834 superscriptum

96 857 167 907 illud
185 855 266 907 milia
298 857 331 905 ab
351 856 413 905 aliis
432 855 550 905 librariis
569 863 631 920 post
649 853 848 922 iepioraarium,
875 855 909 904 ab
929 853 992 904 aliis
1009 869 1075 904 vero

96 946 157 994 loco
176 943 252 991 vocis
271 940 390 1006 sortitas,
415 941 492 989 cuius
511 946 665 990 correctura
684 956 744 990 esse
762 940 920 1001 videbatur,
945 941 1076 989 insertum

98 1036 139 1079 est
156 1028 275 1092 indeque
294 1027 403 1088 factum,
431 1031 461 1075 ut
479 1026 508 1075 in
526 1025 674 1091 archetypo
692 1031 844 1076 nostrorum
863 1025 986 1076 codicum
1004 1031 1077 1075 utro·

97 1131 149 1180 que
169 1114 229 1163 loco
254 1112 323 1163 illud
341 1111 506 1163 vocabulum
529 1118 712 1177 reponeretur.
743 1128 836 1162 omnes
860 1113 932 1161 enim
957 1111 1077 1162 melioris

97 1207 179 1250 notae
198 1198 306 1248 codices
328 1199 460 1263 praebent
484 1196 670 1265 iepionurium
688 1196 810 1250 militum
834 1213 864 1249 .1)
882 1197 992 1250 milites.
1023 1213 1078 1247 una

97 1303 158 1337 cum
178 1297 269 1339 eoum.
289 1285 370 1334 etiam
390 1284 552 1334 antecedens
572 1285 678 1334 numeri
696 1285 837 1349 signum(
861 1284 997 1334 sublatum
1017 1299 1076 1334 esse

95 1372 213 1431 videtur,
237 1371 291 1420 nisi
309 1371 363 1420 iam
382 1376 464 1420 antea
481 1377 590 1436 propter
608 1371 815 1421 similitudinem
834 1387 895 1421 cum
914 1375 1044 1436 sequente
1063 1387 1076 1423 ε

97 1458 244 1509 exciderat.

202 1595 224 1627 c.
242 1579 267 1638 4,
285 1579 314 1626 4:
334 1576 434 1630 DCCC
450 1593 484 1630 eu
503 1577 590 1630 seruis
609 1576 723 1644 suisque
738 1580 942 1644 pastorumque
960 1591 1077 1628 suorum

97 1681 209 1714 numero
222 1663 365 1733 coeperat]
385 1681 531 1726 numero,
552 1665 623 1730 quod
642 1666 696 1715 iam
714 1665 850 1730 inpriore
869 1664 987 1714 editione
1006 1664 1077 1714 inse-

96 1765 218 1813 rueram,
250 1753 352 1816 recepit
382 1751 465 1801 etiam
494 1750 624 1810 Diibner3
659 1750 815 1816 Nipperdey
845 1765 960 1815 eumque
991 1751 1077 1800 secuti

96 1837 211 1898 Kraner,
225 1836 328 1897 Dinter,
342 1836 373 1886 F.
386 1837 524 1886 Hofmann
543 1851 577 1889 eu
596 1836 684 1889 seruis
699 1835 981 1902 pastoribusque
1000 1835 1078 1888 suis

96 1936 306 1986 suorumque
333 1923 512 1986 scripserunt3
540 1922 652 1987 Madvig
673 1923 812 1987 proposuit
840 1937 873 1973 ex
900 1919 988 1973 seruis
1015 1921 1078 1974 suis

92 2005 313 2074 pastoribusque
332 2006 538 2073 caricarumque
556 2022 681 2059 suorum.

202 2137 224 2170 c.
243 2122 267 2183 6,
285 2123 313 2169 2:
338 2118 480 2186 postridie
504 2123 608 2171 terram
632 2118 738 2186 attipit.
769 2119 864 2172 inter
887 2119 1077 2176 Ceraunio-

96 2222 172 2258 rum
194 2220 284 2257 saaa
309 2209 335 2257 et
358 2203 418 2256 alia
441 2204 502 2257 ioca
521 2204 684 2272 periculosa
707 2204 830 2271 quietam
853 2210 956 2259 unctus
975 2209 1077 2261 statio-

95 2292 176 2362 nem]
195 2309 243 2358 pro
256 2293 368 2358 vulgata
380 2293 514 2356 scriptura
532 2295 638 2343 terram
656 2289 756 2358 attipit
770 2290 982 2344 Cerauniorum.
1001 2293 1076 2347 iuter

96 2395 172 2433 suaa
191 2396 212 2432 e.
226 2394 249 2444 q.
263 2393 284 2430 s,
310 2377 466 2443 Nipperdey
485 2376 634 2427 seeundum
653 2376 731 2427 codd.
752 2377 836 2427 edidit
854 2381 960 2429 terrum
978 2378 1077 2446 arripit

100 2464 309 2520 Cermiuiorum
327 2479 349 2515 e.
367 2478 390 2528 q.
410 2477 432 2514 s.
463 2467 491 2512 at
514 2463 537 2512 si
560 2463 726 2526 Nipperdeio
746 2460 952 2515 Cerauniorum
976 2470 1007 2514 ut
1029 2482 1076 2529 po-

95 2553 156 2620 puli
174 2565 271 2601 nomen
289 2549 438 2614 displicuit,
462 2549 549 2614 magis
568 2549 650 2598 etiam
669 2548 815 2614 displicent
836 2546 983 2616 Cerminii,
1008 2567 1077 2616 quos

96 2654 177 2689 nemo
201 2637 283 2689 novit.
315 2638 343 2684 in
367 2640 482 2700 utraque
506 2649 570 2685 vero
595 2634 713 2684 lectione
740 2634 769 2684 id
796 2635 878 2684 etiam
901 2651 982 2702 aegre
1011 2637 1077 2687 ferri

97 2739 211 2775 necesse
230 2728 283 2786 est,
312 2721 383 2786 quod
401 2720 437 2770 ad
460 2734 549 2772 saraa
571 2736 624 2770 non
644 2720 767 2770 additum
787 2721 834 2784 sit,
863 2737 915 2785 quo
933 2722 989 2771 illis
1008 2721 1076 2776 aliis

97 2810 166 2864 loeis
185 2806 355 2876 periculosis
383 2812 562 2872 opponentur.
591 2807 685 2872 itaque
710 2823 771 2858 cum
797 2823 829 2857 ex
852 2809 976 2873 Appiano
999 2809 1035 2877 (b.
1054 2826 1077 2861 c.

96 2898 133 2959 11,
152 2896 196 2964 54)
215 2900 242 2945 et
255 2894 350 2944 Cassio
363 2894 451 2943 Dione
465 2893 546 2956 (XLI,
559 2887 604 2958 44)
623 2897 736 2954 constet,
757 2891 901 2943 Caesarem
919 2894 954 2944 ad
972 2901 1078 2946 montes

98 2983 247 3034 Ceraunios
265 2980 412 3045 appulisse,
430 2981 562 3044 potiorem
581 2979 645 3029 duxi
663 2979 817 3040 lectionem,
841 2995 922 3045 quam
941 2981 1078 3047 inpriore

97 3071 152 3119 iam
171 3067 346 3119 exhibueram
366 3064 483 3116 editione
501 3063 577 3116 iuter
596 3062 802 3117 Cerauniorum
819 3078 901 3118 sana.
923 3066 994 3116 male
1014 3082 1077 3116 exa·

98 3157 164 3205 ratis
187 3153 283 3204 mediis
310 3153 338 3201 in
360 3168 427 3202 voce
450 3149 656 3204 Cerauniorum
680 3150 777 3201 litteris
801 3167 861 3202 cum
884 3153 948 3202 inde
970 3149 1077 3203 Germi-

97 3240 211 3293 niorum
230 3239 295 3306 (ai)
314 3240 357 3289 vel
380 3238 596 3291 Germaniarum
617 3239 647 3305 (h
656 3239 676 3301 1)
697 3239 857 3300 exstitisset,
885 3239 1013 3288 librarius
1033 3240 1077 3288 cui

200 3464 217 3514 1)
238 3462 273 3504 Sic
294 3461 317 3503 in
340 3462 386 3504 cod.
410 3461 478 3504 Paris.
502 3471 518 3504 a
537 3462 558 3502 b.
578 3473 596 3503 c.
617 3462 637 3511 3,
657 3463 690 3511 79,
709 3463 721 3502 7
742 3463 812 3502 exstat
831 3458 955 3500 ‘vunnu
973 3458 1074 3499 horarum

98 3532 177 3586 spatio’
191 3543 230 3584 pro
252 3527 305 3573 ‘ur'a‘
329 3534 381 3573 cett.
