2376 3924
369 193 481 246 numu
497 195 518 258 1,
538 193 602 260 cap.
620 160 731 246 42444.
993 196 1035 261 33

57 384 107 450 ad.
120 385 306 449 amicitiam
320 382 433 469 populi
445 383 589 449 Romani
605 383 810 468 attulissent,
834 384 870 449 id
892 387 934 450 iis
951 387 1035 471 eripi

57 489 132 574 quis
156 489 228 575 pati
250 487 388 573 posset?
425 487 616 554 Postulavit
641 487 763 552 deinde
787 487 921 572 eadem,
949 510 1055 575 quaec

56 593 181 677 legatis
193 593 229 665 in
241 592 412 672 mandatis
425 591 576 676 dederat,
591 613 634 656 ne
647 601 706 658 aut
712 590 841 658 Aeduis
854 602 913 660 aut
921 615 1035 659 eorum

57 699 160 762 sociis
182 696 308 762 bellum
331 696 487 779 inferret3
512 695 647 761 obsides
664 695 837 762 redderet:
862 699 891 762 si
907 696 1035 764 nullam

55 810 188 886 partem
213 798 457 865 Germanorum
480 800 614 865 domum
640 802 810 867 remittere
832 810 963 886 posset,
999 812 1033 867 at

40 918 99 969 'ne
124 926 206 989 quos
230 902 374 989 amplius
396 903 550 968 Rhenum
572 904 719 969 transire
741 913 925 990 pateretur.

160 1005 212 1072 44.
241 1006 434 1072 Ariovistus
461 1007 509 1072 ad
536 1006 708 1094 postulata
737 1005 895 1074 Caesaris
925 1031 1034 1095 pauca

56 1109 246 1197 respondit,
282 1110 323 1176 de
352 1111 421 1174 suis
449 1108 632 1176 virtutibus
665 1110 772 1176 multa
805 1112 1049 1196 praedicavit:-

57 1217 223 1282 transisse
245 1213 396 1279 Rhenum
426 1236 500 1279 sese
532 1236 599 1279 non
635 1237 695 1279 sua
719 1224 853 1302 sponte,
890 1216 950 1282 sed
982 1240 1056 1284 roe

55 1328 175 1404 gutum
203 1329 237 1384 et
264 1319 466 1383 arcessitum
494 1340 514 1381 a
545 1315 673 1401 Gallis3
710 1340 778 1384 non
807 1322 880 1384 sine
908 1342 1033 1404 magna

56 1447 117 1509 spe
138 1423 337 1508 magnisque
352 1422 508 1507 praemiis
526 1421 660 1486 domum
673 1422 943 1509 propinquosque
958 1424 1034 1490 reli-

56 1528 187 1614 quisse3
211 1525 308 1592 sedes
332 1524 459 1590 habere
482 1525 517 1589 in
529 1522 643 1590 Gallia
668 1525 711 1591 ab
734 1528 818 1610 ipsis
842 1548 1034 1612 concessas,

56 1629 193 1696 obsides
218 1631 365 1715 ipsorum
392 1628 568 1693 voluntate
599 1629 714 1712 datos3
753 1630 955 1716 stipendium
978 1654 1034 1697 ca·

54 1757 135 1820 pere
155 1734 227 1799 iure
247 1730 340 1816 belli,
363 1730 453 1817 quod
475 1732 622 1797 victores
646 1733 747 1798 victis
763 1734 933 1818 imponere
956 1757 1034 1801 con·

56 1839 196 1904 suerint.
240 1837 315 1902 Non
338 1858 412 1901 sese
436 1832 563 1918 Gallis,
593 1835 654 1900 sed
677 1833 796 1902 Gallos
820 1837 886 1903 sibi
908 1837 1056 1906 belluma
1135 1904 1138 1909 .

55 1940 227 2024 intulisse3
252 1962 365 2005 omnes
383 1937 517 2005 Galliae
540 1940 698 2005 civitates
721 1940 818 2007 adse
840 1963 1047 2028 oppugnan-⁴

57 2047 138 2112 dum
166 2046 299 2110 venisse
332 2066 373 2109 ac
408 2052 526 2109 contra
555 2065 590 2108 se
623 2055 739 2111 castra
761 2045 937 2130 habuisse;
975 2070 1033 2114 eas

55 2172 172 2216 omnes
195 2147 310 2234 copias
326 2171 346 2212 a
363 2169 399 2211 se
414 2168 480 2212 uno
503 2146 629 2233 proelio
653 2147 768 2231 pulsas
792 2172 832 2214 ac
856 2159 1033 2235 superatas

56 2278 142 2321 esee.
165 2251 202 2318 Si
224 2253 346 2317 iterum
370 2251 516 2337 experiri
539 2250 656 2335 velint,
681 2274 717 2316 se
734 2253 854 2317 iterum
877 2263 1056 2338 paratums

56 2382 132 2425 esse
155 2357 344 2440 decertar03
368 2356 397 2421 si
419 2376 504 2441 pace
526 2357 576 2420 uti
591 2354 708 2440 velint,
731 2357 879 2443 iniquum
897 2379 971 2422 esse
993 2358 1034 2424 de

57 2459 226 2548 stipendio
242 2480 410 2542 recusare,
426 2457 517 2543 quod
533 2480 594 2524 sua
606 2459 782 2525 voluntate
795 2460 840 2539 ad
856 2461 890 2526 id
903 2471 1033 2548 tempus

55 2563 286 2653 pependerint.
324 2560 521 2627 Amicitiam
544 2560 658 2648 populi
680 2562 823 2628 Romani
847 2564 912 2630 sibi
936 2584 1056 2631 orna-s

55 2679 169 2736 mento
193 2676 226 2733 et
249 2665 432 2754 praesidio,
450 2687 523 2741 ,non
547 2664 748 2731 detrimento
772 2688 846 2732 esse
871 2678 1033 2753 oportere,

54 2773 158 2860 idque
182 2796 217 2838 se
241 2795 280 2837 ea
304 2793 363 2856 spe
384 2770 519 2855 petisse.
544 2768 580 2834 Si
601 2791 662 2855 per
676 2769 833 2856 populum
848 2772 1035 2839 Romanum

56 2877 262 2965 stipendium
276 2876 469 2956 remittatur
482 2882 514 2939 et
528 2873 682 2940 dediticii
699 2875 951 2961 subtrahantur,
966 2900 1034 2944 non

55 2985 166 3048 minus
181 2980 327 3046 libenter
344 3000 418 3045 sese
429 2988 661 3044 recusaturum
672 2980 787 3066 populi
798 2981 940 3047 Romani
953 2984 1034 3047 ami-

55 3089 182 3169 citiam,
198 3108 298 3172 quam
312 3083 500 3170 appetierit.
516 3082 615 3164 Quod
631 3083 881 3164 multitudinem
896 3084 1057 3152 Germa-c

55 3215 175 3259 norum
196 3192 235 3256 -in
260 3188 409 3256 Galliam
437 3186 614 3270 traducat,
648 3187 684 3252 id
712 3210 749 3253 se
776 3191 828 3254 sui
851 3190 1033 3273 muniendi,

55 3318 123 3362 non
148 3293 283 3360 Galliae
311 3289 562 3377 impugnandae
590 3312 695 3358 eausa
723 3291 852 3358 facere:
890 3295 961 3358 eius
984 3295 1034 3357 rei

56 3400 286 3467 testimonium
308 3418 391 3479 esse,
415 3393 504 3481 quod
526 3395 592 3459 nisi
615 3403 755 3480 rogatus
772 3420 839 3462 non
855 3397 985 3462 venerit
1000 3405 1034 3461 et

53 3504 146 3591 quod
167 3501 293 3575 bellum
314 3521 382 3566 non
397 3495 560 3574 intulerit,
584 3498 643 3569 sed
660 3498 859 3567 defenderit.
883 3497 926 3566 Se
941 3499 1055 3585 priust

108 3621 194 3664 cm.
208 3620 227 3662 1.
240 3621 262 3662 i.
273 3619 298 3660 e.
873 3603 893 3652 s
