2376 3924
363 230 475 282 ursan
492 230 543 294 ιιι,
563 228 639 280 cnr.
659 230 786 280 ιιι-ιιι.
1003 228 1063 294 159

87 434 220 517 tumque
243 445 318 487 eum
340 431 454 487 nactus
477 421 571 487 nullis
594 421 746 487 custodiis
769 441 874 506 neque
898 419 1064 485 ordinibus

89 529 195 608 certis,
219 548 337 610 magno
360 535 458 591 vento
481 535 513 590 et
536 525 679 591 secundo
702 524 877 611 completas
900 525 1064 589 onerarias

88 652 188 694 naves
211 631 307 694 taeda
330 638 362 695 et
383 631 454 715 pice
477 639 509 694 et
531 639 626 715 stupa
640 629 835 714 reliquisque
849 627 958 709 rebus,
981 648 1064 712 quae

89 744 164 799 sunt
186 734 228 798 ad
251 732 411 814 incendia,
445 735 479 797 in
502 735 756 818 Pomponianam
779 731 914 796 classem
935 732 1065 794 immisit

89 849 186 923 atque
220 857 330 902 omnes
363 859 465 902 naves
493 837 637 902 incendit
660 854 768 918 xxxv,
792 858 810 900 e
833 834 950 921 quibus
973 843 1066 898 erant

89 961 137 1004 xx
161 949 351 1006 constratae.
397 942 587 1025 Tantusque
610 962 648 1004 eo
676 939 762 1005 facto
796 941 892 1004 timor
925 939 1088 1020 incessite

88 1055 134 1127 ut,
159 1067 232 1109 cum
256 1054 341 1110 esset
373 1044 456 1130 legio
490 1044 651 1129 praesidio
674 1044 855 1125 Messanae,
888 1045 946 1107 vix
980 1044 1066 1127 oppi-

89 1148 168 1212 dum
190 1147 428 1229 defenderetur,
467 1156 499 1211 et
520 1149 582 1210 nisi
605 1168 642 1210 eo
664 1148 733 1231 ipso
756 1154 900 1231 tempore
934 1145 1067 1231 quidam

89 1254 192 1315 nuntii
225 1250 266 1315 de
299 1249 448 1315 Caesaris
482 1251 616 1315 victoria
649 1271 708 1334 per
740 1249 910 1334 dispositos
943 1251 1067 1334 equites

90 1364 196 1418 essent
219 1354 315 1434 allati,
339 1352 571 1417 existimabant
602 1352 748 1438 plerique
780 1352 926 1417 futurum
958 1352 1066 1434 fuisse,

89 1461 137 1521 nti
159 1460 371 1521 amitteretur.
418 1456 483 1523 Sed
506 1459 776 1542 opportunissime
810 1459 930 1521 nuntiis
964 1456 1090 1520 allatis*

91 1560 245 1645 oppidum
268 1570 316 1625 est
338 1560 522 1643 defensum3
561 1558 756 1645 Cassiusque
785 1559 828 1625 ad
850 1559 1068 1646 Sulpicianam

91 1663 166 1727 inde
200 1664 335 1728 classem
369 1664 531 1749 profectus
559 1673 609 1729 est
630 1664 801 1745 Vibonem,
836 1663 1068 1749 applicatisque

91 1769 208 1830 nostris
230 1767 273 1831 ad
295 1776 418 1832 terram
432 1766 571 1833 navibus
595 1765 738 1855 [propter
753 1768 893 1833 eundem
908 1764 1067 1854 timorem]

92 1874 162 1955 pari
185 1880 282 1956 atque
305 1881 401 1936 antea
423 1873 548 1937 ratione
583 1868 718 1959 [egerat]
753 1872 932 1938 secundum
953 1880 1068 1937 nactus

91 1984 225 2039 ventum
247 1978 411 2041 onerarias
433 1998 534 2042 naves
557 1972 696 2062 [circiter
711 1972 769 2062 xo]
793 1984 1004 2062 praeparatas
1027 1976 1070 2041 ad

91 2079 275 2143 incendium
311 2081 452 2161 immisit,
491 2088 524 2144 et
555 2079 687 2146 flamma
720 2079 764 2144 ab
797 2089 935 2165 utroque
968 2102 1069 2145 cornu

92 2204 282 2267 comprensa
304 2205 404 2248 naves
427 2192 503 2248 sunt
525 2182 713 2249 combustae
737 2184 888 2269 quinque.
922 2183 1090 2268 Cumqueo

92 2288 174 2367 ignis
196 2285 419 2370 magnitudine
440 2288 531 2351 venti
553 2286 647 2351 latius
671 2297 824 2372 serperet,
858 2287 983 2369 milites,
1014 2290 1070 2372 qui

93 2412 135 2452 ex
158 2389 322 2454 veteribus
345 2389 524 2473 legionibus
547 2399 641 2455 erant
662 2389 765 2455 relicti
792 2390 952 2476 praesidio
981 2394 1069 2455 navi-

92 2493 153 2556 bus
176 2516 219 2556 ex
240 2514 376 2557 numero
392 2514 575 2578 aegrorum,
599 2495 808 2578 ignominiam
829 2516 895 2558 non
916 2493 1069 2577 tulerunt,

93 2595 150 2659 sed
174 2618 232 2662 sua
256 2605 369 2681 sponte
391 2618 493 2661 naues
525 2595 783 2661 conscenderunt
805 2604 837 2661 et
859 2619 879 2660 a
901 2604 989 2661 terra
1012 2596 1070 2662 sol·

93 2708 211 2763 verunt
233 2702 420 2784 impetuque
442 2699 529 2764 facto
552 2701 586 2763 in
608 2697 799 2764 Cassianam
822 2699 958 2765 classem
979 2703 1069 2786 quin·

94 2825 263 2887 queremes
287 2802 378 2885 duas,
401 2805 435 2867 in
458 2825 597 2888 quarum
619 2801 721 2867 altera
736 2820 807 2868 erat
822 2801 963 2887 Cassius,
980 2826 1070 2891 cepe·

93 2916 182 2989 1·unt;
218 2906 276 2972 sed
298 2904 429 2972 Cassius
463 2916 618 2992 exceptus
653 2906 774 2992 scapha
806 2907 942 2992 refugit3
980 2929 1070 2994 prae-

93 3020 183 3075 terea
206 3009 290 3074 duae
317 3019 391 3075 sunt
419 3010 599 3096 deprensae
626 3011 783 3075 triremes.
828 3012 942 3096 Neque
968 3012 1091 3078 multos

94 3122 165 3199 post
188 3113 229 3178 de
252 3112 372 3199 proelio
395 3113 480 3178 facto
502 3115 536 3178 in
559 3113 727 3180 Thessalia
760 3117 924 3199 cognitum
952 3124 1010 3197 est,
1033 3126 1070 3182 ut

94 3220 169 3303 ipsis
192 3219 396 3303 Pompeianis
428 3217 511 3283 fides
543 3217 652 3302 fieret3
686 3239 762 3283 nam
790 3226 864 3283 ante
886 3217 920 3284 id
942 3228 1069 3304 tempus

93 3322 172 3406 fingi
206 3344 226 3385 a
259 3320 372 3406 legatis
410 3322 586 3408 amicisque
623 3320 771 3387 Caesaris
815 3321 1068 3388 arbitrabantur.

95 3424 221 3507 Quibus
255 3426 354 3491 rebus
388 3426 524 3513 cognitis
556 3447 601 3493 sx
633 3425 684 3491 his
716 3424 794 3491 locis
828 3423 958 3491 Cassius
996 3448 1070 3491 cum

94 3529 195 3593 classe
218 3528 373 3595 discessit
