2376 3924
482 250 558 302 cnr.
577 252 687 303 sa-ao.
872 212 874 217 ¹
1006 251 1069 317 231

94 444 236 508 maximo
259 463 333 505 oum
355 441 492 506 stridore
509 462 670 526 cursuque
686 463 861 506 conversus
877 442 920 507 ad
935 442 1075 528 rehquas

93 546 214 612 bestias
237 567 271 610 se
294 547 424 631 recepit.

181 649 231 715 85.
248 650 383 714 Interim
398 648 529 734 Thapso
545 651 600 734 qui
615 659 709 714 erant
723 651 883 737 praesidio
899 672 942 714 ex
958 649 1076 736 oppido

96 757 297 840 eruptionem
319 761 413 838 porta
435 754 598 817 maritima
620 753 743 818 faciunt
772 763 819 837 et,
854 757 923 818 sive
951 763 987 818 ut
1009 756 1076 818 suis

96 856 239 922 subsidio
273 864 496 938 occurrerent,
531 858 599 919 sive
628 865 664 920 ut
691 858 808 942 oppido
837 858 964 923 deserto
998 858 1076 943 fuga

97 961 233 1026 salutem
249 959 310 1024 sibi
326 968 490 1046 parerent,
508 960 720 1045 egrediuntur
736 973 834 1048 atque
851 965 897 1027 ita
912 986 970 1048 per
985 986 1075 1028 mare

96 1064 240 1129 umbilici
255 1066 320 1130 fine
335 1066 472 1149 ingressi
495 1073 616 1128 terram
633 1065 795 1149 petebant.
822 1068 886 1148 Qui
903 1090 922 1130 a
937 1069 1097 1131 servitiisa

98 1170 278 1255 pauorisque,
314 1170 368 1254 qui
401 1171 435 1233 in
463 1171 577 1232 castris
610 1177 719 1250 erant,
756 1168 917 1254 lapidibus
941 1169 1076 1254 pilisque

98 1273 250 1360 prohibiti
273 1283 394 1339 terram
410 1275 570 1355 attingere
592 1294 706 1336 rursus
721 1274 753 1336 in
771 1273 925 1358 oppidum
941 1295 975 1336 se
991 1295 1077 1336 reee-

98 1386 223 1463 perunt.
246 1378 382 1442 Interim
398 1377 557 1462 Scipionis
580 1377 679 1461 copiis
701 1378 870 1460 prostratis
893 1378 1098 1462 passimques

98 1490 164 1545 toto
193 1503 307 1565 campo
334 1479 531 1565 fugientibus
559 1479 726 1544 confestim
755 1478 903 1544 Caesaris
938 1479 1078 1563 legiones

98 1585 251 1669 consequi
285 1586 489 1669 spatiumque
513 1606 547 1648 se
581 1606 645 1648 non
674 1583 753 1648 dare
787 1584 966 1670 colligendi.
1013 1584 1099 1665 Quis

100 1696 270 1773 postquam
293 1687 336 1751 ad
358 1709 397 1751 ea
420 1695 536 1770 castra,
561 1709 644 1772 quae
668 1687 831 1773 petebant,
855 1687 1076 1773 perfugerunt,

98 1799 135 1855 ut
156 1790 284 1854 refectis
308 1792 421 1854 castris
436 1812 548 1854 rursus
564 1812 634 1854 sese
650 1790 872 1874 defenderent,
897 1791 1078 1875 ducemque

100 1893 240 1978 aliquem
261 1895 480 1977 requirerent,
504 1915 601 1978 quem
623 1896 830 1980 respicerent,
860 1896 950 1958 cuius
973 1904 1079 1960 aucto·

99 1999 195 2062 ritate
217 1998 416 2082 imperioque
438 2018 507 2060 rem
522 2006 683 2082 gererent,
700 1993 777 2083 [qui]
794 2007 965 2083 postquam
981 2001 1101 2063 anim-⁵

102 2098 312 2164 adverterunt
353 2101 516 2164 neminem
557 2098 602 2164 ibi
636 2122 706 2165 esse
729 2101 905 2186 praesidio,
935 2104 1080 2186 protinus

101 2205 198 2268 armis
232 2200 365 2266 abiectis
398 2204 431 2266 in
464 2205 555 2287 regia
590 2211 697 2267 castra
723 2204 836 2289 fugere
871 2204 1078 2268 contendunt.

101 2307 175 2389 Quo
197 2313 368 2392 postquam
391 2315 624 2391 pervenerunt,
659 2328 698 2369 ea
725 2327 854 2391 quoque
884 2306 925 2371 ab
948 2307 1101 2372 luhaniso

100 2411 204 2475 teneri
237 2407 357 2473 vident.
409 2410 593 2494 Desperata
626 2408 728 2473 salute
761 2412 795 2473 in
828 2410 970 2496 quodam
1003 2410 1081 2474 colle

101 2515 279 2578 consistunt
312 2522 410 2597 atque
438 2515 535 2578 armis
564 2513 710 2577 demissis
739 2512 964 2579 salutationem
991 2537 1081 2579 more

101 2616 230 2681 mihtari
252 2617 384 2680 faciunt.
430 2616 558 2699 Quibus
581 2619 706 2681 miseris
729 2640 768 2681 ea
790 2639 842 2681 res
865 2641 967 2703 parvo
991 2641 1101 2703 prae-r

103 2719 184 2784 sidio
206 2720 275 2783 fuit.
321 2720 471 2805 Namque
505 2720 621 2785 milites
643 2723 791 2785 veterani
823 2723 872 2785 ira
906 2731 939 2786 et
972 2721 1081 2786 dolore

103 2826 225 2888 incensi
247 2846 313 2888 non
335 2823 446 2906 modo,
476 2833 512 2888 ut
534 2834 706 2909 parcerent
727 2824 820 2908 hosti,
844 2848 908 2889 non
932 2835 1081 2910 poterant

103 2926 230 3010 adduci,
254 2928 312 2993 sed
335 2932 432 2994 etiam
455 2953 497 2994 ex
519 2953 576 2995 suo
600 2932 746 2995 exercitu
767 2930 905 2995 illustres
928 2928 1081 3012 urbanos,

103 3052 183 3116 quos
205 3041 353 3098 auctores
382 3033 597 3120 appellabant,
633 3035 813 3121 complures
847 3046 903 3100 aut
935 3036 1082 3100 vulnera·

102 3143 179 3197 runt
201 3144 258 3199 aut
280 3137 525 3221 interfecerunt,
559 3140 592 3201 in
621 3159 684 3223 quo
713 3161 847 3202 numero
876 3140 936 3202 fuit
958 3137 1102 3202 Tulliuss

103 3238 206 3301 Rufus
247 3243 464 3324 quaestorius,
504 3244 558 3326 qui
592 3242 655 3327 pilo
689 3245 842 3307 traiectus
880 3241 1023 3305 consulto
1062 3265 1081 3306 a

104 3341 202 3405 mihte
226 3344 361 3424 interiit,
386 3346 463 3408 item
480 3345 651 3429 Pompeius
663 3345 767 3409 Rufus
782 3344 951 3408 brachium
973 3342 1081 3428 gladio

105 3465 293 3530 percussus,
316 3447 377 3511 nisi
400 3446 546 3512 celeriter
575 3446 618 3511 ad
642 3446 814 3512 Caesarem
837 3449 1081 3530 accucurrisset,

105 3548 292 3613 ¹nterfectus
315 3560 408 3615 esset.
454 3551 528 3633 Quo
555 3551 641 3616 facto
670 3549 850 3635 complures
872 3551 997 3634 equites
1019 3552 1102 3616 lto-i
