2376 3924
136 215 197 279 144
435 217 485 268 na
503 217 623 269 annno
643 217 800 270 osnmoo
925 202 927 207 ’

237 407 266 472 3.
279 408 399 495 Itaque
411 407 559 474 nondum
570 408 1108 500 biemeconfectaproximisquat·

135 518 211 575 tuor
233 512 362 577 coactis
385 511 576 596 legionibus
602 512 643 577 de
666 513 846 600 improviso
870 515 904 579 in
927 515 1010 582 fines
1027 517 1109 583 Ner·

115 614 264 680 2viorum
287 615 463 681 contendit
487 625 529 700 et,
552 617 749 703 priusquam
772 615 823 683 illi
846 627 904 683 aut
928 623 1110 686 convenire

136 726 192 783 aut
204 719 383 805 profugere
395 727 543 805 possent,
554 741 676 804 magno
689 722 819 805 pecoris
827 730 928 807 atque
940 722 1110 789 hominum

134 844 270 888 numero
294 831 393 910 capto
417 832 518 910 atque
541 847 581 889 ea
603 823 730 909 praeda
760 822 924 891 militibus
948 847 1109 892 concessa

134 926 346 1012 vastatisque
362 927 455 1010 agris
467 928 502 990 in
516 925 719 992 deditionem
731 929 847 993 venire
859 938 960 1015 atque
973 929 1108 996 obsides

113 1029 201 1095 ssibi
215 1029 296 1094 dare
308 1032 431 1114 coegit.
446 1030 497 1094 Eo
510 1029 666 1097 celeriter
678 1032 832 1097 confecto
844 1035 981 1117 negotio
993 1056 1119 1101 rursus·

113 1134 169 1198 sin
185 1133 327 1199 hiberna
343 1131 494 1218 legiones
511 1134 658 1201 reduxit.
682 1133 834 1202 Concilio
852 1135 987 1205 Galliae
1001 1140 1108 1224 primo

135 1259 224 1322 vere,
240 1246 276 1302 ut
293 1240 500 1323 instituerat,
517 1239 656 1324 indicto,
674 1263 749 1305 cum
765 1240 886 1328 reliqui
901 1251 1035 1329 praeter
1051 1242 1108 1309 Se-

134 1364 250 1426 nones,
262 1340 427 1409 Carnutes
440 1343 672 1431 Treverosque
684 1346 866 1429 venissent,
880 1346 1013 1412 initium
1028 1345 1110 1432 belli

135 1467 177 1511 ac
202 1445 402 1514 defectionis
426 1449 489 1514 hoc
513 1471 588 1515 esse
611 1448 809 1534 arbitratus,
832 1459 869 1515 ut
886 1453 997 1517 omnia
1019 1462 1109 1538 post-

134 1571 259 1635 ponere
282 1553 463 1636 videretur,
499 1552 677 1619 concilium
707 1553 881 1619 Lutetiam
903 1555 1110 1622 Parisiorum

114 1656 306 1721 stransfert.
331 1655 487 1722 Confines
504 1667 600 1723 erant
615 1656 649 1723 hi
665 1656 854 1723 Senonibus
871 1659 1110 1747 civitatemque

134 1768 268 1844 patrum
290 1761 450 1826 memoria
473 1763 730 1843 coniunxerant,
754 1760 815 1826 sed
828 1761 872 1826 ab
889 1761 951 1827 hoc
967 1762 1109 1828 consilio

113 1862 261 1929 saluisse
285 1863 578 1930 existimabantur.
608 1865 683 1930 Hac
707 1887 826 1951 repro
850 1876 1013 1950 suggestu
1034 1888 1109 1953 pro-

133 1967 290 2033 nuntiata
314 1968 430 2035 eodem
455 1969 508 2035 die
523 1991 599 2034 cum
613 1967 804 2053 legionibus
820 1971 854 2034 in
871 1968 1019 2036 Senones
1035 1991 1109 2055 pro-

133 2073 298 2139 ficiscitur
320 2075 518 2161 magnisque
541 2073 720 2138 itineribus
744 2094 782 2138 eo
806 2075 970 2159 pervenit.

237 2173 267 2239 4.
291 2173 436 2260 Cognito
467 2177 537 2242 eius
562 2175 713 2242 adventu
734 2174 840 2260 Acco,
870 2178 927 2263 qui
954 2177 1110 2262 princeps

135 2282 205 2346 eius
230 2280 365 2347 consilii
388 2281 508 2364 fuerat,
532 2280 625 2346 iubet
649 2281 683 2345 in
708 2280 830 2366 oppida
860 2279 1112 2347 multitudinem

133 2385 323 2451 convenire.
348 2382 569 2467 Conantibus,
592 2384 787 2470 priusquam
811 2382 847 2448 id
872 2383 959 2448 effici
981 2391 1108 2468 posset,

113 2489 255 2556 tadesse
266 2489 434 2555 Romanos
447 2489 633 2553 nuntiatur.
649 2486 852 2552 Necessario
869 2487 1040 2552 sententia
1056 2485 1112 2552 de·

134 2594 257 2658 sistunt
280 2592 480 2679 legatosque
503 2590 709 2679 deprecandi
733 2612 839 2656 causa
862 2590 908 2656 ad
930 2588 1112 2656 Caesarem

133 2699 286 2782 mittunt3
304 2697 430 2763 adeunt
444 2718 505 2784 per
514 2694 663 2780 Aeduos,
680 2716 820 2781 quorum
835 2695 1021 2782 antiquitus
1039 2703 1112 2760 erat

111 2802 168 2867 sin
190 2801 257 2866 fide
280 2802 413 2867 civitas.
435 2798 600 2865 Libenter
622 2796 752 2864 Caesar
773 2797 966 2884 petentibus
981 2796 1112 2863 Aeduis

134 2892 193 2971 dat
205 2906 339 2971 veniam
355 2907 675 2990 excusationemque
691 2904 829 2989 accipit,
846 2902 935 2989 quod
947 2903 1114 2969 aestivum

134 3020 264 3096 tempus
280 3011 442 3076 instantis
458 3007 551 3094 belli,
568 3031 635 3074 non
653 3008 862 3095 quaestionis
880 3030 955 3074 esse
967 3004 1113 3071 arbitra-

112 3115 244 3182 4batur.
258 3112 444 3181 Obsidibus
458 3113 632 3198 imperatis
645 3121 780 3178 centum
792 3109 989 3178 hosAeduis
1002 3118 1114 3175 custo-

113 3218 276 3286 5diend0s
292 3217 409 3284 tradit.
432 3217 562 3283 Eodem
577 3215 744 3282 Carnutes
761 3215 894 3299 legatos
911 3212 1114 3299 obsidesque

134 3324 273 3390 mittunt
293 3323 346 3387 usi
362 3319 638 3408 deprecatoribus
655 3320 780 3404 Remis,
804 3339 946 3404 quorum
963 3324 1060 3382 erant
1080 3317 1115 3381 in

113 3425 311 3494 eclientela:
328 3424 445 3492 eadem
460 3424 572 3491 ierunt
587 3445 761 3510 responsa.
777 3423 916 3507 Peragit
931 3418 1115 3487 concilium

133 3530 263 3597 Caesar
286 3531 480 3617 equitesque
502 3530 645 3613 imperat
668 3524 879 3592 civitatibus.
