2376 3924
120 213 160 278 48
419 215 469 264 DE
488 215 607 266 BELLO
626 215 785 267 olomeo

121 404 204 489 deri,
220 415 258 471 ut
274 404 400 470 diutius
416 413 627 471 morarentur
642 427 750 490 neque
768 407 838 471 suis
854 403 1019 470 auxilium
1031 406 1096 471 fer·

119 519 205 593 rent,
227 531 295 574 non
318 517 462 595 poterat.

208 611 256 676 11.
271 613 323 677 Ea
335 636 371 677 re
384 615 569 680 constituta
586 613 734 678 secunda
752 613 869 698 vigilia
885 635 1007 697 magno
1020 636 1095 679 cum

120 717 262 803 strepitu
278 741 318 783 ac
331 718 474 783 tumultu
486 720 609 783 castris
623 721 750 802 egressi
766 718 858 784 nullo
871 728 964 784 certo
978 719 1095 784 ordine

118 843 226 906 neque
249 823 402 906 imperi0,
438 844 513 887 cum
542 820 607 886 sibi
635 823 774 908 quisque
796 824 939 906 primum
962 823 1094 888 itineris

119 925 229 990 locum
244 933 373 1011 peteret
390 935 423 990 et
440 926 574 990 domum
589 927 765 1011 pervenire
781 935 987 1011 properaret,
1008 927 1094 991 fece-

97 1039 206 1112 crunt,
219 1039 256 1094 ut
269 1029 454 1094 consimilis
474 1030 575 1112 fugae
593 1029 945 1114 profectiovideretur.
969 1030 1045 1094 Hac
1057 1054 1095 1095 re

120 1134 236 1218 statim
251 1132 379 1198 Caesar
394 1156 453 1219 per
477 1133 706 1219 speculatores
723 1137 862 1217 cognita
878 1134 1021 1200 insidias
1038 1157 1094 1200 ve·

119 1239 214 1320 ritus,
238 1237 337 1322 quod,
354 1260 420 1323 qua
437 1238 478 1302 de
494 1259 598 1302 causa
615 1237 841 1319 discederent,
857 1237 1005 1303 nondum
1019 1261 1092 1324 per·

119 1349 288 1426 spexerat,
305 1343 492 1407 exercitum
509 1343 761 1428 equitatumque
777 1344 900 1406 castris
916 1343 1093 1407 continuit.

96 1445 229 1509 ePrima
254 1445 329 1510 luce
350 1446 548 1510 confirmata
563 1468 599 1509 re
616 1444 659 1510 ab
677 1444 947 1532 exploratoribus
964 1466 1095 1510 omnem

118 1551 313 1634 equitatum,
329 1551 386 1634 qui
409 1551 627 1614 novissimum
643 1570 763 1632 agmen
780 1559 976 1630 moraretur,
997 1571 1093 1634 prae-

116 1654 218 1717 misit.
232 1653 296 1717 His
310 1653 470 1734 Quintum
482 1653 621 1717 Pedium
634 1663 667 1718 et
680 1652 823 1718 Lucium
830 1652 1092 1718 Aurunculeium

117 1757 253 1822 Cottam
269 1757 400 1839 legatos
416 1757 588 1842 praefecit.
604 1756 718 1821 Titum
739 1756 927 1822 Labienum
943 1756 1093 1841 legatum

96 1879 192 1927 4cum
206 1860 396 1944 legionibus
410 1860 517 1926 tribus
531 1859 691 1946 subsequi
704 1861 812 1926 iussit.
829 1861 875 1925 Hi
891 1862 1092 1927 novissimos

117 1965 228 2030 adorti
252 1974 284 2029 et
308 1964 412 2030 multa
435 1964 529 2029 milia
557 1987 717 2051 passuum
739 1966 909 2050 prosecuti
931 1987 1091 2050 magnam

115 2068 363 2134 multitudinem
376 2091 489 2134 eorum
503 2069 704 2152 fugientium
718 2069 1035 2152 concideruntcum
1046 2070 1090 2134 ab

115 2182 265 2237 extremo
282 2174 425 2256 agmine,
449 2173 494 2238 ad
509 2195 592 2258 quos
610 2182 745 2239 ventum
768 2183 851 2257 erat,
867 2175 1091 2239 consisterent

114 2277 311 2363 fortiterque
326 2279 486 2362 impetum
502 2287 693 2343 nostrorum
708 2277 851 2344 militum
875 2280 1091 2360 sustinerent,

93 2381 253 2466 opriores,
283 2381 372 2466 quod
394 2381 515 2446 abesse
538 2404 558 2446 a
581 2381 729 2466 periculo
759 2381 956 2448 viderentur
983 2405 1090 2470 neque

113 2484 182 2550 ulla
197 2487 403 2550 necessitate
418 2508 526 2571 neque
542 2486 679 2571 imperio
702 2487 963 2571 continerentur,
988 2510 1089 2553 exau·
1139 2543 1142 2549 .

115 2590 184 2654 dito
209 2590 356 2655 clamore
378 2589 585 2675 perturbatis
614 2589 788 2655 ordinibus
813 2613 926 2656 omnes
950 2593 985 2657 in
1008 2593 1089 2677 fuga

91 2694 179 2760 osibi
208 2694 414 2780 praesidium
442 2702 616 2779 ponerent.
661 2694 715 2760 Ita
745 2697 818 2760 sine
846 2694 915 2761 ullo
938 2697 1089 2781 periculo

112 2806 244 2863 tantam
274 2819 387 2863 eorum
415 2798 665 2863 multitudinem
694 2801 804 2866 nostri
837 2800 1088 2884 interfecerunt,

111 2911 273 2986 quantum
301 2902 366 2967 fuit
389 2902 455 2966 diei
479 2905 639 2988 spatium,
675 2903 737 2968 sub
761 2926 984 2991 occasumque
1007 2903 1087 2970 solis

113 3005 316 3072 destiterunt
332 3027 434 3092 seque
451 3009 484 3071 in
508 3018 633 3091 castra,
657 3017 693 3074 ut
713 3018 787 3074 erat
810 3011 1019 3094 imperatum,
1034 3032 1087 3074 re·

111 3120 283 3194 ceperunt.

199 3212 247 3277 12.
270 3213 439 3279 Postridie
468 3216 539 3280 eius
569 3216 637 3281 diei
659 3215 798 3300 Caesar,
828 3217 1024 3303 priusquam
1051 3241 1087 3284 se

110 3316 224 3381 hostes
241 3338 284 3382 ex
298 3326 426 3383 terrore
449 3341 489 3385 ac
513 3320 594 3404 fuga
617 3322 815 3407 reciperent,
839 3323 874 3386 in
888 3322 972 3387 fines
989 3321 1086 3388 Sues·

112 3422 252 3504 sionum,
276 3422 332 3506 qui
354 3423 498 3507 proximi
515 3424 628 3489 Remis
652 3434 761 3510 erant,
777 3426 964 3493 exercitum
988 3425 1087 3493 duxit

111 3533 143 3589 et
167 3545 289 3608 magno
305 3526 426 3591 itinere
445 3527 600 3593 confecto
616 3527 662 3594 ad
676 3529 835 3616 oppidum
849 3529 1087 3597 Noviodunum
