2376 3924
363 219 473 270 ursus
490 220 541 285 ru,
563 219 640 273 cnr.
660 222 734 274 2-c.
996 221 1037 286 65

52 412 168 496 ciendi,
195 411 323 478 sedne
353 413 467 477 saucio
492 411 625 498 quidem
649 414 720 477 eius
737 412 813 495 loci,
836 413 894 479 ubi
913 415 1037 479 consti-

53 525 153 600 terat,
170 513 388 602 relinquendi
401 537 441 580 ao
455 517 506 581 sui
518 517 704 602 recipiendi
720 519 867 584 facultas
882 517 1037 582 dabatur.

137 618 171 685 5.
197 617 284 685 Cum
306 622 374 685 iam
389 621 532 708 amplius
553 621 644 687 horis
667 645 728 687 sex
752 624 964 687 continenter
979 644 1037 707 pu·

57 734 232 810 gnaretur,
248 748 290 791 ac
306 747 373 791 non
390 726 496 791 solum
510 728 611 809 vires,
629 727 688 791 sed
704 728 806 791 etiam
822 727 891 791 tela
903 732 1037 790 nostros

57 829 254 912 deficerent,
267 839 368 915 atque
379 827 494 895 hostes
507 831 619 895 acrius
635 832 803 895 instarent
818 830 1037 914 languidiori-

56 933 188 1019 busque
210 933 338 997 nostris
360 931 488 997 vallum
503 932 658 998 scindere
682 942 714 997 et
738 934 847 998 fossas
872 935 1038 1020 complere

57 1037 261 1122 coepissent,
288 1055 408 1120 resque
424 1044 513 1100 esset
529 1035 596 1100 iam
612 1035 657 1119 ad
673 1045 860 1101 extremum
874 1038 1038 1121 perducta

57 1161 186 1221 casum,
201 1135 343 1203 Publius
359 1135 496 1202 Sextius
512 1139 668 1221 Baculus,
685 1141 784 1223 primi
799 1140 860 1225 pili
877 1144 1061 1225 centurion

59 1265 153 1329 quem
178 1242 325 1308 Nervico
348 1241 476 1328 proelio
500 1241 728 1328 compluribus
752 1243 940 1308 confectum
968 1245 1039 1310 vul·

59 1345 195 1414 neribus
213 1345 374 1428 diximus,
398 1347 527 1411 etitem
544 1343 650 1411 Gaius
667 1345 868 1429 Volusenus,
884 1348 1039 1413 tribunus

61 1448 214 1532 militum,
230 1450 329 1514 viret
346 1448 479 1514 consilii
491 1450 607 1532 magni
624 1459 656 1513 et
673 1451 820 1533 virtutis,
837 1451 881 1514 ad
895 1449 1039 1516 Galbam

62 1561 242 1619 accurrunt
259 1561 361 1638 atque
383 1573 486 1617 unam
509 1575 583 1618 esse
606 1574 697 1639 spem
715 1552 835 1618 salutis
854 1553 985 1638 docent,
1012 1557 1040 1619 si

62 1656 335 1743 eruptionefaotn
342 1665 529 1722 extremum
542 1656 705 1722 auxilium
718 1660 961 1740 experirentur.
973 1660 1062 1724 Ita-³

63 1784 121 1848 que
143 1762 346 1828 convocatis
367 1760 620 1827 centurionibus
644 1760 801 1827 celeriter
823 1762 947 1829 milites
971 1785 1040 1827 cer·

63 1872 162 1936 tiores
175 1866 272 1950 facit,
282 1864 454 1952 paulisper
466 1867 726 1931 intermitterent
740 1866 901 1952 proelium
914 1889 954 1933 uc
966 1876 1041 1932 tan-

62 1969 232 2039 tummodo
263 1968 332 2036 tela
359 1971 464 2036 missa
493 1970 687 2056 exciperent
719 1992 819 2056 seque
855 1994 897 2034 ox
926 1970 1042 2037 labore

62 2077 253 2158 reficerent,
279 2083 358 2160 post
381 2073 461 2140 dato
485 2076 584 2159 signo
615 2098 658 2140 ex
680 2076 803 2140 castris
831 2083 1042 2160 erumperent

61 2191 161 2267 atque
177 2200 310 2246 omnem
332 2200 425 2264 spem
449 2178 569 2245 salutis
594 2180 629 2244 in
652 2180 778 2244 virtute
793 2187 966 2264 ponerent.

144 2282 177 2347 6.
202 2280 301 2363 Quod
324 2281 407 2345 iussi
431 2290 509 2346 sunt
532 2280 672 2365 faciunt,
696 2303 736 2345 ae
760 2280 871 2346 subito
889 2279 1041 2345 omnibus

60 2388 168 2475 portis
180 2385 358 2470 eruptione
369 2383 462 2449 facta
474 2406 582 2471 neque
594 2384 832 2468 cognoscendi,
846 2384 926 2469 quid
937 2384 1042 2467 fieret,

60 2514 170 2581 neque
186 2490 239 2554 sui
254 2487 440 2573 colligendi
455 2487 608 2555 hostibus
625 2487 822 2554 facultatem
839 2487 1042 2572 relinquunt.

61 2600 113 2665 Ita
138 2602 349 2661 commutata
371 2593 507 2659 fortuna
536 2615 608 2676 eos,
638 2593 694 2678 qui
724 2593 759 2657 in
789 2614 881 2678 spem
911 2593 1064 2678 polion-r

61 2701 179 2768 dorum
202 2705 392 2763 castrorum
415 2707 595 2781 venerant,
624 2695 771 2782 undique
794 2697 1042 2759 circumventos

61 2803 269 2873 interficiunt
300 2812 334 2868 et
363 2824 406 2867 ex
435 2799 605 2867 bominum
628 2799 763 2865 milibus
793 2799 935 2885 amplius
959 2817 1043 2889 xxx,

62 2932 159 2999 quem
179 2927 356 2973 numerum
370 2904 592 2970 barbarorum
609 2903 654 2969 ad
670 2913 784 2968 eastra
807 2905 941 2969 venisse
965 2925 1043 2968 con·

64 3014 188 3097 stabat,
200 3011 277 3099 plus
287 3011 493 3096 tertiaparte
501 3009 681 3074 interfecta
693 3007 840 3093 reliquos
847 3010 1043 3093 perterritos

63 3120 94 3185 iu
121 3118 243 3203 fugam
270 3113 443 3180 coniciunt
473 3135 513 3177 ac
536 3135 579 3178 ne
608 3113 642 3176 in
671 3111 755 3176 loeis
786 3111 919 3197 quidem
949 3135 1044 3198 supe·

63 3222 207 3291 rioribus
230 3218 419 3305 consistere
440 3217 625 3303 patiuntur.
651 3215 707 3280 Sic
724 3214 876 3280 omnibus
898 3214 1064 3279 hostium³

63 3327 165 3414 copiis
180 3324 268 3391 fusis
285 3322 454 3407 armisque
470 3321 582 3386 exutis
599 3321 683 3384 sein
699 3328 814 3384 castra
826 3320 1043 3384 munitiones·

64 3452 121 3519 que
136 3450 221 3497 suas
236 3426 418 3512 recipiunt.
442 3424 515 3507 Quo
532 3423 658 3510 proelio
676 3424 783 3505 facto,
803 3422 892 3508 quod
908 3423 1065 3507 saepiunt

64 3532 230 3603 fortunam
253 3538 421 3614 temptare
437 3526 549 3593 Galba
572 3526 709 3593 nolebat
733 3537 834 3612 atque
858 3525 925 3590 alio
950 3548 985 3590 se
1008 3527 1043 3590 in

108 3642 198 3687 om
212 3640 233 3685 1.
246 3638 270 3683 s.
286 3636 314 3681 o.
843 3648 861 3701 δ
