<?xml version="1.0" encoding="UTF-8"?>
<!DOCTYPE html PUBLIC "-//W3C//DTD XHTML 1.0 Transitional//EN"
    "http://www.w3.org/TR/xhtml1/DTD/xhtml1-transitional.dtd">
<html xmlns="http://www.w3.org/1999/xhtml" xml:lang="en" lang="en">
 <head>
  <title>
</title>
<meta http-equiv="Content-Type" content="text/html;charset=utf-8" />
  <meta name='ocr-system' content='tesseract 3.04.00' />
  <meta name='ocr-capabilities' content='ocr_page ocr_carea ocr_par ocr_line ocrx_word'/>
</head>
<body>
  <div class='ocr_page' id='page_1' title='image "./ciuliicaesarisc00hoffgoog/ciuliicaesarisc00hoffgoog_0028.png"; bbox 0 0 2376 3924; ppageno 0'>
   <div class='ocr_carea' id='block_1_1' title="bbox 267 234 1057 297">
    <p class='ocr_par' dir='ltr' id='par_1_1' title="bbox 267 234 1057 297">
     <span class='ocr_line' id='line_1_1' title="bbox 267 234 1057 297; baseline -0.003 -12"><span class='ocrx_word' id='word_1_1' title='bbox 267 237 317 285; x_wconf 84' lang='lat' dir='ltr'><strong>AD</strong></span> <span class='ocrx_word' id='word_1_2' title='bbox 337 234 434 286; x_wconf 81' lang='lat' dir='ltr'>CAES.</span> <span class='ocrx_word' id='word_1_3' title='bbox 454 235 559 286; x_wconf 85' lang='lat' dir='ltr'><strong>BELL.</strong></span> <span class='ocrx_word' id='word_1_4' title='bbox 578 235 683 284; x_wconf 84' lang='lat' dir='ltr'>GALL.</span> <span class='ocrx_word' id='word_1_5' title='bbox 701 234 733 297; x_wconf 90' lang='lat' dir='ltr'><strong>V,</strong></span> <span class='ocrx_word' id='word_1_6' title='bbox 752 235 863 283; x_wconf 77' lang='lat'><strong>27-42.</strong></span> <span class='ocrx_word' id='word_1_7' title='bbox 980 234 1057 284; x_wconf 87' lang='lat' dir='ltr'>XVII</span> 
     </span>
    </p>
   </div>
   <div class='ocr_carea' id='block_1_2' title="bbox 22 423 1105 3593">
    <p class='ocr_par' dir='ltr' id='par_1_2' title="bbox 38 423 1057 908">
     <span class='ocr_line' id='line_1_2' title="bbox 67 423 1055 494; baseline -0.002 -16"><span class='ocrx_word' id='word_1_8' title='bbox 67 427 137 494; x_wconf 88' lang='lat' dir='ltr'><strong>quid</strong></span> <span class='ocrx_word' id='word_1_9' title='bbox 157 426 313 492; x_wconf 88' lang='lat' dir='ltr'><strong>relinquere</strong></span> <span class='ocrx_word' id='word_1_10' title='bbox 333 430 482 490; x_wconf 81' lang='lat' dir='ltr'>cogeretur,</span> <span class='ocrx_word' id='word_1_11' title='bbox 502 425 655 474; x_wconf 88' lang='lat' dir='ltr'><strong>continuari</strong></span> <span class='ocrx_word' id='word_1_12' title='bbox 674 425 768 489; x_wconf 86' lang='lat' dir='ltr'><strong>nequit</strong></span> <span class='ocrx_word' id='word_1_13' title='bbox 786 423 881 475; x_wconf 77' lang='lat' dir='ltr'><strong>ornoeiu</strong></span> <span class='ocrx_word' id='word_1_14' title='bbox 894 424 1055 493; x_wconf 65' lang='lat' dir='ltr'><strong>excogitau-</strong></span> 
     </span>
     <span class='ocr_line' id='line_1_3' title="bbox 68 509 1056 578; baseline -0.003 -12"><span class='ocrx_word' id='word_1_15' title='bbox 68 520 119 566; x_wconf 64' lang='grc' dir='ltr'><strong>ίαν</strong></span> <span class='ocrx_word' id='word_1_16' title='bbox 139 528 164 565; x_wconf 86' lang='lat' dir='ltr'><strong>e.</strong></span> <span class='ocrx_word' id='word_1_17' title='bbox 179 527 202 578; x_wconf 76' lang='lat' dir='ltr'><strong>q.</strong></span> <span class='ocrx_word' id='word_1_18' title='bbox 215 527 237 564; x_wconf 85' lang='lat' dir='ltr'><strong>s.</strong></span> <span class='ocrx_word' id='word_1_19' title='bbox 256 512 383 561; x_wconf 80' lang='lat' dir='ltr'><strong>vitiosam</strong></span> <span class='ocrx_word' id='word_1_20' title='bbox 403 511 487 560; x_wconf 87' lang='lat' dir='ltr'><strong>etiam</strong></span> <span class='ocrx_word' id='word_1_21' title='bbox 506 509 570 559; x_wconf 85' lang='lat' dir='ltr'><strong>duxi</strong></span> <span class='ocrx_word' id='word_1_22' title='bbox 589 510 720 559; x_wconf 91' lang='lat' dir='ltr'><strong>librorum</strong></span> <span class='ocrx_word' id='word_1_23' title='bbox 739 511 900 575; x_wconf 79' lang='lat' dir='ltr'><strong>scripturam</strong></span> <span class='ocrx_word' id='word_1_24' title='bbox 920 509 1056 578; x_wconf 70' lang='lat' dir='ltr'><strong>lurtyuore</strong></span> 
     </span>
     <span class='ocr_line' id='line_1_4' title="bbox 67 595 1057 665; baseline -0.004 -14"><span class='ocrx_word' id='word_1_25' title='bbox 67 598 200 652; x_wconf 75' lang='lat' dir='ltr'><strong>militum</strong></span> <span class='ocrx_word' id='word_1_26' title='bbox 218 601 245 650; x_wconf 77' lang='lat' dir='ltr'><strong>ct</strong></span> <span class='ocrx_word' id='word_1_27' title='bbox 263 595 378 665; x_wconf 62' lang='lat' dir='ltr'><strong>uigiliis,</strong></span> <span class='ocrx_word' id='word_1_28' title='bbox 397 601 560 661; x_wconf 87' lang='lat' dir='ltr'><strong>quapropter</strong></span> <span class='ocrx_word' id='word_1_29' title='bbox 577 599 609 647; x_wconf 80' lang='lat' dir='ltr'><strong>et</strong></span> <span class='ocrx_word' id='word_1_30' title='bbox 626 597 655 645; x_wconf 92' lang='lat' dir='ltr'><strong>in</strong></span> <span class='ocrx_word' id='word_1_31' title='bbox 674 610 712 647; x_wconf 76' lang='lat' dir='ltr'><strong>ex</strong></span> <span class='ocrx_word' id='word_1_32' title='bbox 729 597 841 646; x_wconf 90' lang='lat' dir='ltr'><strong>mutavi.</strong></span> <span class='ocrx_word' id='word_1_33' title='bbox 869 596 974 647; x_wconf 87' lang='lat' dir='ltr'><strong>Holder</strong></span> <span class='ocrx_word' id='word_1_34' title='bbox 985 597 1057 647; x_wconf 84' lang='lat' dir='ltr'><strong>Guil.</strong></span> 
     </span>
     <span class='ocr_line' id='line_1_5' title="bbox 38 681 1056 751; baseline -0.004 -13"><span class='ocrx_word' id='word_1_35' title='bbox 38 734 43 739; x_wconf 92' lang='lat'>.</span> <span class='ocrx_word' id='word_1_36' title='bbox 67 685 192 736; x_wconf 87' lang='lat' dir='ltr'><strong>Paulum</strong></span> <span class='ocrx_word' id='word_1_37' title='bbox 211 690 320 733; x_wconf 91' lang='lat' dir='ltr'><strong>secutus</strong></span> <span class='ocrx_word' id='word_1_38' title='bbox 338 692 425 733; x_wconf 88' lang='lat' dir='ltr'><strong>totum</strong></span> <span class='ocrx_word' id='word_1_39' title='bbox 444 682 534 732; x_wconf 89' lang='lat' dir='ltr'><strong>locum</strong></span> <span class='ocrx_word' id='word_1_40' title='bbox 552 682 615 731; x_wconf 89' lang='lat' dir='ltr'><strong>inde</strong></span> <span class='ocrx_word' id='word_1_41' title='bbox 629 682 664 731; x_wconf 92' lang='lat' dir='ltr'><strong>ab</strong></span> <span class='ocrx_word' id='word_1_42' title='bbox 684 681 778 733; x_wconf 72' lang='lat' dir='ltr'><strong>omitia</strong></span> <span class='ocrx_word' id='word_1_43' title='bbox 795 699 882 748; x_wconf 88' lang='lat' dir='ltr'><strong>usque</strong></span> <span class='ocrx_word' id='word_1_44' title='bbox 901 684 935 733; x_wconf 86' lang='lat' dir='ltr'><strong>ad</strong></span> <span class='ocrx_word' id='word_1_45' title='bbox 955 697 1056 751; x_wconf 69' lang='lat' dir='ltr'><strong>augea-</strong></span> 
     </span>
     <span class='ocr_line' id='line_1_6' title="bbox 68 767 1055 836; baseline -0.002 -13"><span class='ocrx_word' id='word_1_46' title='bbox 68 776 119 824; x_wconf 79' lang='lat' dir='ltr'><strong>tur</strong></span> <span class='ocrx_word' id='word_1_47' title='bbox 138 775 174 820; x_wconf 90' lang='lat' dir='ltr'><strong>ut</strong></span> <span class='ocrx_word' id='word_1_48' title='bbox 191 770 312 835; x_wconf 89' lang='lat' dir='ltr'><strong>spurium</strong></span> <span class='ocrx_word' id='word_1_49' title='bbox 331 769 409 818; x_wconf 88' lang='lat' dir='ltr'><strong>uncis</strong></span> <span class='ocrx_word' id='word_1_50' title='bbox 427 769 539 818; x_wconf 84' lang='lat' dir='ltr'><strong>notavit.</strong></span> <span class='ocrx_word' id='word_1_51' title='bbox 557 796 592 805; x_wconf 95' lang='lat'><em>-</em></span> <span class='ocrx_word' id='word_1_52' title='bbox 611 771 634 830; x_wconf 65' lang='grc' dir='ltr'><strong>ξ.</strong></span> <span class='ocrx_word' id='word_1_53' title='bbox 654 768 683 818; x_wconf 79' lang='lat'><strong>5:</strong></span> <span class='ocrx_word' id='word_1_54' title='bbox 713 767 892 836; x_wconf 67' lang='lat' dir='ltr'><strong>[Ambiorige]</strong></span> <span class='ocrx_word' id='word_1_55' title='bbox 918 769 1055 834; x_wconf 82' lang='lat' dir='ltr'><strong>glossema</strong></span> 
     </span>
     <span class='ocr_line' id='line_1_7' title="bbox 42 855 495 908; baseline -0.013 0"><span class='ocrx_word' id='word_1_56' title='bbox 42 862 45 867; x_wconf 89' lang='lat'>&#39;</span> <span class='ocrx_word' id='word_1_57' title='bbox 68 873 131 908; x_wconf 87' lang='lat' dir='ltr'><strong>esse</strong></span> <span class='ocrx_word' id='word_1_58' title='bbox 152 857 213 906; x_wconf 88' lang='lat' dir='ltr'><strong>iure</strong></span> <span class='ocrx_word' id='word_1_59' title='bbox 232 855 372 905; x_wconf 76' lang='lat' dir='ltr'><strong>contendit</strong></span> <span class='ocrx_word' id='word_1_60' title='bbox 390 855 495 904; x_wconf 80' lang='lat' dir='ltr'><strong>Tittler.</strong></span> 
     </span>
    </p>

    <p class='ocr_par' dir='ltr' id='par_1_3' title="bbox 69 939 1105 1437">
     <span class='ocr_line' id='line_1_8' title="bbox 179 939 1056 1010; baseline -0.001 -19"><span class='ocrx_word' id='word_1_61' title='bbox 179 958 202 991; x_wconf 92' lang='lat' dir='ltr'><strong>c.</strong></span> <span class='ocrx_word' id='word_1_62' title='bbox 220 943 261 1003; x_wconf 88' lang='grc'><strong>33,</strong></span> <span class='ocrx_word' id='word_1_63' title='bbox 281 942 310 990; x_wconf 88' lang='lat'><strong>6:</strong></span> <span class='ocrx_word' id='word_1_64' title='bbox 342 955 427 1006; x_wconf 77' lang='lat' dir='ltr'><strong>quae</strong></span> <span class='ocrx_word' id='word_1_65' title='bbox 455 939 593 1010; x_wconf 74' lang='lat' dir='ltr'><strong>quisquc]</strong></span> <span class='ocrx_word' id='word_1_66' title='bbox 622 943 661 991; x_wconf 87' lang='lat' dir='ltr'><strong>sic</strong></span> <span class='ocrx_word' id='word_1_67' title='bbox 689 941 765 991; x_wconf 83' lang='lat' dir='ltr'><strong>codd.</strong></span> <span class='ocrx_word' id='word_1_68' title='bbox 788 942 877 1006; x_wconf 87' lang='lat' dir='ltr'><strong>Bong.</strong></span> <span class='ocrx_word' id='word_1_69' title='bbox 903 946 929 990; x_wconf 89' lang='lat' dir='ltr'><strong>et</strong></span> <span class='ocrx_word' id='word_1_70' title='bbox 951 942 1056 1005; x_wconf 68' lang='lat' dir='ltr'><strong>bleisa,</strong></span> 
     </span>
     <span class='ocr_line' id='line_1_9' title="bbox 69 1026 1105 1096; baseline -0.004 -16"><span class='ocrx_word' id='word_1_71' title='bbox 69 1042 231 1096; x_wconf 77' lang='lat' dir='ltr'><strong>quaeque</strong></span> <span class='ocrx_word' id='word_1_72' title='bbox 250 1026 366 1093; x_wconf 72' lang='lat' dir='ltr'><strong>quisque</strong></span> <span class='ocrx_word' id='word_1_73' title='bbox 384 1027 482 1092; x_wconf 85' lang='lat' dir='ltr'><strong>reliqui</strong></span> <span class='ocrx_word' id='word_1_74' title='bbox 501 1027 566 1076; x_wconf 87' lang='lat' dir='ltr'><strong>libri</strong></span> <span class='ocrx_word' id='word_1_75' title='bbox 584 1027 686 1077; x_wconf 89' lang='lat' dir='ltr'><strong>habent</strong></span> <span class='ocrx_word' id='word_1_76' title='bbox 704 1028 786 1092; x_wconf 90' lang='lat' dir='ltr'><strong>idque</strong></span> <span class='ocrx_word' id='word_1_77' title='bbox 804 1027 917 1092; x_wconf 84' lang='lat' dir='ltr'><strong>Frigell,</strong></span> <span class='ocrx_word' id='word_1_78' title='bbox 933 1027 1055 1088; x_wconf 83' lang='lat' dir='ltr'><strong>Diibner,</strong></span> <span class='ocrx_word' id='word_1_79' title='bbox 1103 1039 1105 1043; x_wconf 84' lang='lat'>&#39;</span> 
     </span>
     <span class='ocr_line' id='line_1_10' title="bbox 69 1114 1055 1178; baseline -0.002 -14"><span class='ocrx_word' id='word_1_80' title='bbox 69 1117 174 1164; x_wconf 87' lang='lat' dir='ltr'><strong>Dintcr</strong></span> <span class='ocrx_word' id='word_1_81' title='bbox 191 1118 361 1178; x_wconf 88' lang='lat' dir='ltr'><strong>receperunt,</strong></span> <span class='ocrx_word' id='word_1_82' title='bbox 381 1128 477 1178; x_wconf 88' lang='lat' dir='ltr'><strong>parum</strong></span> <span class='ocrx_word' id='word_1_83' title='bbox 495 1119 577 1164; x_wconf 89' lang='lat' dir='ltr'><strong>recte.</strong></span> <span class='ocrx_word' id='word_1_84' title='bbox 597 1129 657 1162; x_wconf 90' lang='lat' dir='ltr'><strong>cum</strong></span> <span class='ocrx_word' id='word_1_85' title='bbox 676 1114 747 1163; x_wconf 89' lang='lat' dir='ltr'><strong>enirn</strong></span> <span class='ocrx_word' id='word_1_86' title='bbox 767 1114 820 1162; x_wconf 89' lang='lat' dir='ltr'><strong>tria</strong></span> <span class='ocrx_word' id='word_1_87' title='bbox 837 1116 892 1163; x_wconf 91' lang='lat' dir='ltr'><strong>sint</strong></span> <span class='ocrx_word' id='word_1_88' title='bbox 905 1114 1055 1176; x_wconf 89' lang='lat' dir='ltr'><strong>enuntiata,</strong></span> 
     </span>
     <span class='ocr_line' id='line_1_11' title="bbox 70 1196 1056 1267; baseline -0.002 -16"><span class='ocrx_word' id='word_1_89' title='bbox 70 1215 143 1267; x_wconf 85' lang='lat' dir='ltr'><strong>quae</strong></span> <span class='ocrx_word' id='word_1_90' title='bbox 163 1199 321 1264; x_wconf 90' lang='lat' dir='ltr'><strong>parimodo</strong></span> <span class='ocrx_word' id='word_1_91' title='bbox 340 1214 373 1248; x_wconf 88' lang='lat' dir='ltr'><strong>ex</strong></span> <span class='ocrx_word' id='word_1_92' title='bbox 397 1198 445 1247; x_wconf 90' lang='lat' dir='ltr'><strong>illo</strong></span> <span class='ocrx_word' id='word_1_93' title='bbox 474 1196 580 1250; x_wconf 79' lang='lat' dir='ltr'><strong>accidit</strong></span> <span class='ocrx_word' id='word_1_94' title='bbox 607 1203 672 1263; x_wconf 89' lang='lat' dir='ltr'><strong>apta</strong></span> <span class='ocrx_word' id='word_1_95' title='bbox 700 1204 775 1259; x_wconf 91' lang='lat' dir='ltr'><strong>sunt,</strong></span> <span class='ocrx_word' id='word_1_96' title='bbox 803 1198 862 1248; x_wconf 87' lang='lat' dir='ltr'><strong>fieri</strong></span> <span class='ocrx_word' id='word_1_97' title='bbox 889 1200 997 1264; x_wconf 88' lang='lat' dir='ltr'><strong>nequit,</strong></span> <span class='ocrx_word' id='word_1_98' title='bbox 1026 1203 1056 1249; x_wconf 91' lang='lat' dir='ltr'><strong>ut</strong></span> 
     </span>
     <span class='ocr_line' id='line_1_12' title="bbox 70 1283 1055 1351; baseline -0.004 -14"><span class='ocrx_word' id='word_1_99' title='bbox 70 1287 188 1337; x_wconf 89' lang='lat' dir='ltr'><strong>alterum</strong></span> <span class='ocrx_word' id='word_1_100' title='bbox 207 1301 257 1351; x_wconf 90' lang='lat' dir='ltr'><strong>per</strong></span> <span class='ocrx_word' id='word_1_101' title='bbox 274 1284 437 1350; x_wconf 87' lang='lat' dir='ltr'><strong>particulam</strong></span> <span class='ocrx_word' id='word_1_102' title='bbox 455 1299 506 1350; x_wconf 77' lang='lat' dir='ltr'><strong>que</strong></span> <span class='ocrx_word' id='word_1_103' title='bbox 524 1284 672 1350; x_wconf 86' lang='lat' dir='ltr'><strong>adiungas,</strong></span> <span class='ocrx_word' id='word_1_104' title='bbox 696 1285 806 1334; x_wconf 89' lang='lat' dir='ltr'><strong>tertium</strong></span> <span class='ocrx_word' id='word_1_105' title='bbox 825 1286 884 1334; x_wconf 88' lang='lat' dir='ltr'><strong>sine</strong></span> <span class='ocrx_word' id='word_1_106' title='bbox 902 1283 1055 1349; x_wconf 85' lang='lat' dir='ltr'><strong>particulae</strong></span> 
     </span>
     <span class='ocr_line' id='line_1_13' title="bbox 69 1371 395 1437; baseline -0.012 -14"><span class='ocrx_word' id='word_1_107' title='bbox 69 1372 185 1424; x_wconf 80' lang='lat' dir='ltr'><strong>vinculo</strong></span> <span class='ocrx_word' id='word_1_108' title='bbox 204 1372 282 1437; x_wconf 89' lang='lat' dir='ltr'><strong>sequi</strong></span> <span class='ocrx_word' id='word_1_109' title='bbox 300 1371 395 1425; x_wconf 87' lang='lat' dir='ltr'><strong>iacias.</strong></span> 
     </span>
    </p>

    <p class='ocr_par' dir='ltr' id='par_1_4' title="bbox 22 1456 1057 2717">
     <span class='ocr_line' id='line_1_14' title="bbox 178 1456 1055 1525; baseline 0.003 -18"><span class='ocrx_word' id='word_1_110' title='bbox 178 1474 200 1510; x_wconf 89' lang='lat' dir='ltr'><strong>c.</strong></span> <span class='ocrx_word' id='word_1_111' title='bbox 219 1458 261 1520; x_wconf 83' lang='grc'><strong>34,</strong></span> <span class='ocrx_word' id='word_1_112' title='bbox 280 1459 309 1507; x_wconf 77' lang='lat'><strong>2:</strong></span> <span class='ocrx_word' id='word_1_113' title='bbox 337 1460 420 1509; x_wconf 81' lang='lat' dir='ltr'><strong>eruut</strong></span> <span class='ocrx_word' id='word_1_114' title='bbox 438 1460 464 1509; x_wconf 87' lang='lat' dir='ltr'><strong>et</strong></span> <span class='ocrx_word' id='word_1_115' title='bbox 481 1456 587 1509; x_wconf 82' lang='lat' dir='ltr'><strong>uirtute</strong></span> <span class='ocrx_word' id='word_1_116' title='bbox 605 1461 631 1509; x_wconf 85' lang='lat' dir='ltr'><strong>et</strong></span> <span class='ocrx_word' id='word_1_117' title='bbox 655 1471 877 1523; x_wconf 74' lang='lat' dir='ltr'><strong>saepenumero</strong></span> <span class='ocrx_word' id='word_1_118' title='bbox 896 1456 1055 1525; x_wconf 71' lang='lat' dir='ltr'><strong>prepotuudo</strong></span> 
     </span>
     <span class='ocr_line' id='line_1_15' title="bbox 68 1539 1056 1612; baseline -0.002 -15"><span class='ocrx_word' id='word_1_119' title='bbox 68 1559 159 1612; x_wconf 80' lang='lat' dir='ltr'><strong>pares</strong></span> <span class='ocrx_word' id='word_1_120' title='bbox 175 1542 330 1610; x_wconf 61' lang='lat' dir='ltr'><strong>ascetria·</strong></span> <span class='ocrx_word' id='word_1_121' title='bbox 347 1541 383 1594; x_wconf 81' lang='lat' dir='ltr'><strong>bi</strong></span> <span class='ocrx_word' id='word_1_122' title='bbox 401 1540 514 1594; x_wconf 80' lang='lat' dir='ltr'><strong>tametsi</strong></span> <span class='ocrx_word' id='word_1_123' title='bbox 531 1558 553 1594; x_wconf 86' lang='lat' dir='ltr'><strong>c.</strong></span> <span class='ocrx_word' id='word_1_124' title='bbox 573 1558 596 1607; x_wconf 77' lang='lat' dir='ltr'><strong>q.</strong></span> <span class='ocrx_word' id='word_1_125' title='bbox 616 1539 662 1610; x_wconf 73' lang='lat' dir='ltr'><strong>a]</strong></span> <span class='ocrx_word' id='word_1_126' title='bbox 682 1543 806 1592; x_wconf 84' lang='lat' dir='ltr'><strong>codicum</strong></span> <span class='ocrx_word' id='word_1_127' title='bbox 825 1544 910 1593; x_wconf 85' lang='lat' dir='ltr'><strong>verba</strong></span> <span class='ocrx_word' id='word_1_128' title='bbox 928 1546 1011 1594; x_wconf 79' lang='lat' dir='ltr'><strong>erunt</strong></span> <span class='ocrx_word' id='word_1_129' title='bbox 1029 1547 1056 1594; x_wconf 86' lang='lat' dir='ltr'><strong>et</strong></span> 
     </span>
     <span class='ocr_line' id='line_1_16' title="bbox 72 1628 1057 1698; baseline -0.006 -13"><span class='ocrx_word' id='word_1_130' title='bbox 72 1632 178 1685; x_wconf 82' lang='lat' dir='ltr'><strong>uirtute</strong></span> <span class='ocrx_word' id='word_1_131' title='bbox 197 1635 224 1683; x_wconf 85' lang='lat' dir='ltr'><strong>et</strong></span> <span class='ocrx_word' id='word_1_132' title='bbox 241 1646 382 1684; x_wconf 76' lang='lat' dir='ltr'><strong>numero</strong></span> <span class='ocrx_word' id='word_1_133' title='bbox 398 1628 590 1698; x_wconf 67' lang='lat' dir='ltr'><strong>pugnandi</strong></span> <span class='ocrx_word' id='word_1_134' title='bbox 605 1644 707 1695; x_wconf 77' lang='lat' dir='ltr'><strong>pares:</strong></span> <span class='ocrx_word' id='word_1_135' title='bbox 724 1629 818 1680; x_wconf 72' lang='lat' dir='ltr'><strong>riustri</strong></span> <span class='ocrx_word' id='word_1_136' title='bbox 830 1666 837 1680; x_wconf 92' lang='lat'><strong>.</strong></span> <span class='ocrx_word' id='word_1_137' title='bbox 848 1669 871 1681; x_wconf 91' lang='grc'><strong>..</strong></span> <span class='ocrx_word' id='word_1_138' title='bbox 885 1631 1057 1680; x_wconf 87' lang='lat' dir='ltr'><strong>retinuerunt</strong></span> 
     </span>
     <span class='ocr_line' id='line_1_17' title="bbox 71 1714 1055 1784; baseline -0.001 -16"><span class='ocrx_word' id='word_1_139' title='bbox 71 1719 177 1784; x_wconf 83' lang='lat' dir='ltr'><strong>Frigell</strong></span> <span class='ocrx_word' id='word_1_140' title='bbox 196 1724 224 1768; x_wconf 91' lang='lat' dir='ltr'><strong>et</strong></span> <span class='ocrx_word' id='word_1_141' title='bbox 241 1717 359 1779; x_wconf 82' lang='lat' dir='ltr'><strong>Holder3</strong></span> <span class='ocrx_word' id='word_1_142' title='bbox 387 1716 486 1766; x_wconf 85' lang='lat' dir='ltr'><strong>vellem</strong></span> <span class='ocrx_word' id='word_1_143' title='bbox 506 1718 589 1766; x_wconf 87' lang='lat' dir='ltr'><strong>etiarn</strong></span> <span class='ocrx_word' id='word_1_144' title='bbox 607 1718 740 1765; x_wconf 82' lang='lat' dir='ltr'><strong>rationem</strong></span> <span class='ocrx_word' id='word_1_145' title='bbox 759 1717 879 1780; x_wconf 85' lang='lat' dir='ltr'><strong>genetivi</strong></span> <span class='ocrx_word' id='word_1_146' title='bbox 900 1714 1055 1783; x_wconf 70' lang='lat' dir='ltr'><strong>pugnandi</strong></span> 
     </span>
     <span class='ocr_line' id='line_1_18' title="bbox 72 1803 1054 1871; baseline -0.001 -16"><span class='ocrx_word' id='word_1_147' title='bbox 72 1806 251 1871; x_wconf 85' lang='lat' dir='ltr'><strong>aperuissent.</strong></span> <span class='ocrx_word' id='word_1_148' title='bbox 289 1806 352 1870; x_wconf 91' lang='lat' dir='ltr'><strong>Hug</strong></span> <span class='ocrx_word' id='word_1_149' title='bbox 372 1805 450 1871; x_wconf 80' lang='lat' dir='ltr'><strong>(Mus.</strong></span> <span class='ocrx_word' id='word_1_150' title='bbox 468 1803 518 1853; x_wconf 87' lang='lat' dir='ltr'><strong>Rb.</strong></span> <span class='ocrx_word' id='word_1_151' title='bbox 532 1803 618 1864; x_wconf 85' lang='lat' dir='ltr'>XVII,</span> <span class='ocrx_word' id='word_1_152' title='bbox 640 1821 664 1868; x_wconf 90' lang='lat' dir='ltr'><strong>p.</strong></span> <span class='ocrx_word' id='word_1_153' title='bbox 685 1803 745 1870; x_wconf 82' lang='lat'>321)</span> <span class='ocrx_word' id='word_1_154' title='bbox 763 1803 848 1853; x_wconf 86' lang='lat' dir='ltr'><strong>verba</strong></span> <span class='ocrx_word' id='word_1_155' title='bbox 867 1807 950 1854; x_wconf 79' lang='lat' dir='ltr'><strong>erurot</strong></span> <span class='ocrx_word' id='word_1_156' title='bbox 968 1819 1054 1868; x_wconf 90' lang='lat' dir='ltr'><strong>usque</strong></span> 
     </span>
     <span class='ocr_line' id='line_1_19' title="bbox 73 1889 1055 1957; baseline -0.003 -17"><span class='ocrx_word' id='word_1_157' title='bbox 73 1891 107 1940; x_wconf 85' lang='lat' dir='ltr'><strong>ad</strong></span> <span class='ocrx_word' id='word_1_158' title='bbox 121 1903 234 1957; x_wconf 79' lang='lat' dir='ltr'><strong>pares</strong></span> <span class='ocrx_word' id='word_1_159' title='bbox 253 1889 369 1939; x_wconf 89' lang='lat' dir='ltr'><strong>delenda</strong></span> <span class='ocrx_word' id='word_1_160' title='bbox 388 1906 447 1940; x_wconf 81' lang='lat' dir='ltr'><strong>esse</strong></span> <span class='ocrx_word' id='word_1_161' title='bbox 467 1891 574 1940; x_wconf 91' lang='lat' dir='ltr'><strong>censuit</strong></span> <span class='ocrx_word' id='word_1_162' title='bbox 592 1895 686 1954; x_wconf 90' lang='lat' dir='ltr'><strong>utpote</strong></span> <span class='ocrx_word' id='word_1_163' title='bbox 705 1904 721 1938; x_wconf 88' lang='lat' dir='ltr'><strong>a</strong></span> <span class='ocrx_word' id='word_1_164' title='bbox 740 1891 841 1939; x_wconf 91' lang='lat' dir='ltr'><strong>lectore</strong></span> <span class='ocrx_word' id='word_1_165' title='bbox 856 1889 972 1954; x_wconf 90' lang='lat' dir='ltr'><strong>quodam</strong></span> <span class='ocrx_word' id='word_1_166' title='bbox 986 1903 1055 1938; x_wconf 89' lang='lat' dir='ltr'><strong>mar-</strong></span> 
     </span>
     <span class='ocr_line' id='line_1_20' title="bbox 72 1975 1056 2042; baseline -0.001 -16"><span class='ocrx_word' id='word_1_167' title='bbox 72 1979 130 2042; x_wconf 90' lang='lat' dir='ltr'><strong>gini</strong></span> <span class='ocrx_word' id='word_1_168' title='bbox 148 1977 266 2042; x_wconf 85' lang='lat' dir='ltr'><strong>adpicta,</strong></span> <span class='ocrx_word' id='word_1_169' title='bbox 285 1975 367 2039; x_wconf 89' lang='lat' dir='ltr'><strong>idque</strong></span> <span class='ocrx_word' id='word_1_170' title='bbox 386 1977 498 2026; x_wconf 90' lang='lat' dir='ltr'><strong>Dintero</strong></span> <span class='ocrx_word' id='word_1_171' title='bbox 517 1977 660 2042; x_wconf 88' lang='lat' dir='ltr'><strong>persuasit.</strong></span> <span class='ocrx_word' id='word_1_172' title='bbox 687 1975 907 2027; x_wconf 87' lang='lat' dir='ltr'><strong>Kran.·Dittenb.</strong></span> <span class='ocrx_word' id='word_1_173' title='bbox 928 1981 954 2024; x_wconf 90' lang='lat' dir='ltr'><strong>ct</strong></span> <span class='ocrx_word' id='word_1_174' title='bbox 972 1975 1056 2028; x_wconf 93' lang='lat' dir='ltr'><strong>Dob.-</strong></span> 
     </span>
     <span class='ocr_line' id='line_1_21' title="bbox 72 2060 1054 2129; baseline -0.006 -14"><span class='ocrx_word' id='word_1_175' title='bbox 72 2065 146 2115; x_wconf 88' lang='lat' dir='ltr'><strong>Dint.</strong></span> <span class='ocrx_word' id='word_1_176' title='bbox 164 2062 274 2113; x_wconf 85' lang='lat' dir='ltr'><strong>Davisii</strong></span> <span class='ocrx_word' id='word_1_177' title='bbox 297 2062 516 2127; x_wconf 86' lang='lat' dir='ltr'><strong>redintegrarunt</strong></span> <span class='ocrx_word' id='word_1_178' title='bbox 543 2064 726 2112; x_wconf 89' lang='lat' dir='ltr'><strong>coniecturam</strong></span> <span class='ocrx_word' id='word_1_179' title='bbox 753 2060 876 2112; x_wconf 79' lang='lat' dir='ltr'><strong>studio</strong></span> <span class='ocrx_word' id='word_1_180' title='bbox 892 2060 1054 2129; x_wconf 69' lang='lat' dir='ltr'><strong>properandi.</strong></span> 
     </span>
     <span class='ocr_line' id='line_1_22' title="bbox 73 2147 1053 2214; baseline -0.004 -14"><span class='ocrx_word' id='word_1_181' title='bbox 73 2157 100 2200; x_wconf 82' lang='lat' dir='ltr'><strong>at</strong></span> <span class='ocrx_word' id='word_1_182' title='bbox 127 2165 192 2200; x_wconf 89' lang='lat' dir='ltr'><strong>cum</strong></span> <span class='ocrx_word' id='word_1_183' title='bbox 219 2155 350 2214; x_wconf 88' lang='lat' dir='ltr'><strong>sequente</strong></span> <span class='ocrx_word' id='word_1_184' title='bbox 377 2149 513 2197; x_wconf 88' lang='lat' dir='ltr'><strong>sententia</strong></span> <span class='ocrx_word' id='word_1_185' title='bbox 540 2154 678 2211; x_wconf 86' lang='lat' dir='ltr'><strong>narretur,</strong></span> <span class='ocrx_word' id='word_1_186' title='bbox 706 2147 839 2213; x_wconf 88' lang='lat' dir='ltr'><strong>quomodo</strong></span> <span class='ocrx_word' id='word_1_187' title='bbox 864 2148 982 2197; x_wconf 88' lang='lat' dir='ltr'><strong>Romani</strong></span> <span class='ocrx_word' id='word_1_188' title='bbox 1004 2148 1053 2196; x_wconf 90' lang='lat' dir='ltr'><strong>mi-</strong></span> 
     </span>
     <span class='ocr_line' id='line_1_23' title="bbox 71 2226 1055 2300; baseline 0 -16"><span class='ocrx_word' id='word_1_189' title='bbox 71 2235 132 2287; x_wconf 88' lang='lat' dir='ltr'><strong>lites</strong></span> <span class='ocrx_word' id='word_1_190' title='bbox 148 2241 209 2286; x_wconf 88' lang='lat' dir='ltr'><strong>tum</strong></span> <span class='ocrx_word' id='word_1_191' title='bbox 228 2250 258 2285; x_wconf 89' lang='lat' dir='ltr'><strong>se</strong></span> <span class='ocrx_word' id='word_1_192' title='bbox 277 2235 412 2300; x_wconf 82' lang='lat' dir='ltr'><strong>gesserint</strong></span> <span class='ocrx_word' id='word_1_193' title='bbox 431 2243 457 2284; x_wconf 90' lang='lat' dir='ltr'><strong>et</strong></span> <span class='ocrx_word' id='word_1_194' title='bbox 475 2249 545 2300; x_wconf 87' lang='lat' dir='ltr'><strong>quae</strong></span> <span class='ocrx_word' id='word_1_195' title='bbox 565 2249 656 2284; x_wconf 92' lang='lat' dir='ltr'><strong>eorum</strong></span> <span class='ocrx_word' id='word_1_196' title='bbox 674 2235 760 2283; x_wconf 87' lang='lat' dir='ltr'><strong>virtus</strong></span> <span class='ocrx_word' id='word_1_197' title='bbox 781 2232 867 2284; x_wconf 85' lang='lat' dir='ltr'><strong>fuerit</strong></span> <span class='ocrx_word' id='word_1_198' title='bbox 884 2261 919 2271; x_wconf 94' lang='lat'>—</span> <span class='ocrx_word' id='word_1_199' title='bbox 937 2226 1055 2284; x_wconf 79' lang='lat' dir='ltr'><strong>‘tametsi</strong></span> 
     </span>
     <span class='ocr_line' id='line_1_24' title="bbox 72 2320 1054 2384; baseline -0.003 -13"><span class='ocrx_word' id='word_1_200' title='bbox 72 2323 106 2371; x_wconf 91' lang='lat' dir='ltr'><strong>ab</strong></span> <span class='ocrx_word' id='word_1_201' title='bbox 124 2323 195 2372; x_wconf 87' lang='lat' dir='ltr'><strong>duce</strong></span> <span class='ocrx_word' id='word_1_202' title='bbox 213 2327 241 2372; x_wconf 88' lang='lat' dir='ltr'><strong>et</strong></span> <span class='ocrx_word' id='word_1_203' title='bbox 259 2337 276 2372; x_wconf 85' lang='lat' dir='ltr'><strong>a</strong></span> <span class='ocrx_word' id='word_1_204' title='bbox 293 2321 403 2371; x_wconf 86' lang='lat' dir='ltr'><strong>fortuna</strong></span> <span class='ocrx_word' id='word_1_205' title='bbox 430 2320 639 2382; x_wconf 85' lang='lat' dir='ltr'><strong>deserebantur,</strong></span> <span class='ocrx_word' id='word_1_206' title='bbox 667 2327 758 2370; x_wconf 89' lang='lat' dir='ltr'><strong>tamen</strong></span> <span class='ocrx_word' id='word_1_207' title='bbox 788 2336 895 2370; x_wconf 91' lang='lat' dir='ltr'><strong>omnem</strong></span> <span class='ocrx_word' id='word_1_208' title='bbox 923 2336 998 2384; x_wconf 91' lang='lat' dir='ltr'><strong>spem</strong></span> <span class='ocrx_word' id='word_1_209' title='bbox 1025 2321 1054 2368; x_wconf 89' lang='lat' dir='ltr'><strong>in</strong></span> 
     </span>
     <span class='ocr_line' id='line_1_25' title="bbox 74 2404 1054 2473; baseline 0.001 -19"><span class='ocrx_word' id='word_1_210' title='bbox 74 2409 172 2459; x_wconf 77' lang='lat' dir='ltr'><strong>virtute</strong></span> <span class='ocrx_word' id='word_1_211' title='bbox 195 2405 344 2473; x_wconf 80' lang='lat' dir='ltr'><strong>ponebant’</strong></span> <span class='ocrx_word' id='word_1_212' title='bbox 362 2435 404 2469; x_wconf 89' lang='lat'><strong>-,</strong></span> <span class='ocrx_word' id='word_1_213' title='bbox 430 2405 622 2456; x_wconf 86' lang='lat' dir='ltr'><strong>antecedentia</strong></span> <span class='ocrx_word' id='word_1_214' title='bbox 640 2406 673 2456; x_wconf 89' lang='lat' dir='ltr'><strong>de</strong></span> <span class='ocrx_word' id='word_1_215' title='bbox 692 2406 815 2456; x_wconf 90' lang='lat' dir='ltr'><strong>hostibus</strong></span> <span class='ocrx_word' id='word_1_216' title='bbox 835 2407 910 2456; x_wconf 88' lang='lat' dir='ltr'><strong>dicta</strong></span> <span class='ocrx_word' id='word_1_217' title='bbox 930 2421 989 2455; x_wconf 92' lang='lat' dir='ltr'><strong>esse</strong></span> <span class='ocrx_word' id='word_1_218' title='bbox 1008 2404 1054 2455; x_wconf 91' lang='lat' dir='ltr'><strong>de-</strong></span> 
     </span>
     <span class='ocr_line' id='line_1_26' title="bbox 22 2488 1054 2558; baseline 0 -18"><span class='ocrx_word' id='word_1_219' title='bbox 22 2488 25 2497; x_wconf 90' lang='lat'>&#39;</span> <span class='ocrx_word' id='word_1_220' title='bbox 78 2491 151 2541; x_wconf 73' lang='lat' dir='ltr'><strong>bem¹</strong></span> <span class='ocrx_word' id='word_1_221' title='bbox 175 2494 270 2558; x_wconf 88' lang='lat' dir='ltr'><strong>itaque</strong></span> <span class='ocrx_word' id='word_1_222' title='bbox 289 2494 439 2558; x_wconf 85' lang='lat' dir='ltr'><strong>respiciens</strong></span> <span class='ocrx_word' id='word_1_223' title='bbox 457 2493 491 2542; x_wconf 89' lang='lat' dir='ltr'><strong>ad</strong></span> <span class='ocrx_word' id='word_1_224' title='bbox 511 2508 557 2555; x_wconf 92' lang='lat' dir='ltr'><strong>ea,</strong></span> <span class='ocrx_word' id='word_1_225' title='bbox 585 2508 655 2558; x_wconf 86' lang='lat' dir='ltr'><strong>quae</strong></span> <span class='ocrx_word' id='word_1_226' title='bbox 679 2493 760 2558; x_wconf 90' lang='lat' dir='ltr'><strong>paulo</strong></span> <span class='ocrx_word' id='word_1_227' title='bbox 779 2498 842 2557; x_wconf 92' lang='lat' dir='ltr'><strong>post</strong></span> <span class='ocrx_word' id='word_1_228' title='bbox 861 2493 894 2541; x_wconf 91' lang='lat' dir='ltr'><strong>de</strong></span> <span class='ocrx_word' id='word_1_229' title='bbox 915 2491 1054 2541; x_wconf 86' lang='lat' dir='ltr'><strong>cotidiana</strong></span> 
     </span>
     <span class='ocr_line' id='line_1_27' title="bbox 76 2576 1052 2643; baseline 0 -17"><span class='ocrx_word' id='word_1_230' title='bbox 76 2576 192 2629; x_wconf 84' lang='lat' dir='ltr'><strong>hostium</strong></span> <span class='ocrx_word' id='word_1_231' title='bbox 208 2579 403 2630; x_wconf 88' lang='lat' dir='ltr'><strong>exercitatione</strong></span> <span class='ocrx_word' id='word_1_232' title='bbox 421 2583 611 2641; x_wconf 86' lang='lat' dir='ltr'><strong>memorantur,</strong></span> <span class='ocrx_word' id='word_1_233' title='bbox 631 2579 714 2628; x_wconf 88' lang='lat' dir='ltr'><strong>verba</strong></span> <span class='ocrx_word' id='word_1_234' title='bbox 732 2584 762 2628; x_wconf 89' lang='lat' dir='ltr'><strong>ut</strong></span> <span class='ocrx_word' id='word_1_235' title='bbox 775 2593 858 2642; x_wconf 89' lang='lat' dir='ltr'><strong>supra</strong></span> <span class='ocrx_word' id='word_1_236' title='bbox 871 2579 949 2643; x_wconf 89' lang='lat' dir='ltr'><strong>posui</strong></span> <span class='ocrx_word' id='word_1_237' title='bbox 963 2591 1052 2627; x_wconf 90' lang='lat' dir='ltr'><strong>emen-</strong></span> 
     </span>
     <span class='ocr_line' id='line_1_28' title="bbox 76 2663 332 2717; baseline 0 -4"><span class='ocrx_word' id='word_1_238' title='bbox 76 2663 166 2714; x_wconf 88' lang='lat' dir='ltr'><strong>danda</strong></span> <span class='ocrx_word' id='word_1_239' title='bbox 181 2679 241 2717; x_wconf 85' lang='lat' dir='ltr'><strong>esse</strong></span> <span class='ocrx_word' id='word_1_240' title='bbox 262 2664 332 2714; x_wconf 90' lang='lat' dir='ltr'><strong>duxi.</strong></span> 
     </span>
    </p>

    <p class='ocr_par' dir='ltr' id='par_1_5' title="bbox 72 2749 1053 2904">
     <span class='ocr_line' id='line_1_29' title="bbox 175 2749 1053 2820; baseline -0.005 -18"><span class='ocrx_word' id='word_1_241' title='bbox 175 2753 261 2815; x_wconf 85' lang='lat' dir='ltr'><strong>c.40,</strong></span> <span class='ocrx_word' id='word_1_242' title='bbox 281 2755 308 2801; x_wconf 88' lang='lat'><strong>1:</strong></span> <span class='ocrx_word' id='word_1_243' title='bbox 336 2751 394 2818; x_wconf 79' lang='lat' dir='ltr'><strong>qui</strong></span> <span class='ocrx_word' id='word_1_244' title='bbox 409 2749 620 2820; x_wconf 64' lang='lat' dir='ltr'><strong>pertulisscutss</strong></span> <span class='ocrx_word' id='word_1_245' title='bbox 648 2749 707 2816; x_wconf 77' lang='lat' dir='ltr'><strong>qui</strong></span> <span class='ocrx_word' id='word_1_246' title='bbox 725 2751 823 2815; x_wconf 87' lang='lat' dir='ltr'><strong>scripsi</strong></span> <span class='ocrx_word' id='word_1_247' title='bbox 841 2767 888 2816; x_wconf 89' lang='lat' dir='ltr'><strong>pro</strong></span> <span class='ocrx_word' id='word_1_248' title='bbox 908 2749 952 2816; x_wconf 77' lang='lat' dir='ltr'><strong>si,</strong></span> <span class='ocrx_word' id='word_1_249' title='bbox 981 2749 1053 2814; x_wconf 89' lang='lat' dir='ltr'><strong>quod</strong></span> 
     </span>
     <span class='ocr_line' id='line_1_30' title="bbox 72 2837 803 2904; baseline -0.003 -17"><span class='ocrx_word' id='word_1_250' title='bbox 72 2837 148 2889; x_wconf 84' lang='lat' dir='ltr'><strong>codd.</strong></span> <span class='ocrx_word' id='word_1_251' title='bbox 166 2841 309 2904; x_wconf 88' lang='lat' dir='ltr'><strong>praebent.</strong></span> <span class='ocrx_word' id='word_1_252' title='bbox 346 2837 417 2888; x_wconf 86' lang='lat' dir='ltr'><strong>Guil.</strong></span> <span class='ocrx_word' id='word_1_253' title='bbox 437 2838 507 2888; x_wconf 91' lang='lat' dir='ltr'><strong>Paul</strong></span> <span class='ocrx_word' id='word_1_254' title='bbox 526 2837 558 2889; x_wconf 77' lang='lat' dir='ltr'><strong>si</strong></span> <span class='ocrx_word' id='word_1_255' title='bbox 577 2837 637 2903; x_wconf 71' lang='lat' dir='ltr'><strong>qui</strong></span> <span class='ocrx_word' id='word_1_256' title='bbox 654 2838 803 2902; x_wconf 90' lang='lat' dir='ltr'><strong>proposuit.</strong></span> 
     </span>
    </p>

    <p class='ocr_par' dir='ltr' id='par_1_6' title="bbox 67 2912 1053 3593">
     <span class='ocr_line' id='line_1_31' title="bbox 174 2912 1052 2991; baseline -0.003 -15"><span class='ocrx_word' id='word_1_257' title='bbox 174 2941 199 2976; x_wconf 88' lang='lat' dir='ltr'><strong>c.</strong></span> <span class='ocrx_word' id='word_1_258' title='bbox 217 2912 262 2991; x_wconf 70' lang='lat'><strong>42,</strong></span> <span class='ocrx_word' id='word_1_259' title='bbox 278 2927 307 2972; x_wconf 74' lang='lat'><strong>2:</strong></span> <span class='ocrx_word' id='word_1_260' title='bbox 336 2923 471 2990; x_wconf 78' lang='lat' dir='ltr'><strong>quosdam</strong></span> <span class='ocrx_word' id='word_1_261' title='bbox 491 2922 524 2976; x_wconf 85' lang='lat' dir='ltr'><strong>de</strong></span> <span class='ocrx_word' id='word_1_262' title='bbox 541 2923 667 2976; x_wconf 80' lang='lat' dir='ltr'><strong>cuercitu</strong></span> <span class='ocrx_word' id='word_1_263' title='bbox 684 2922 784 2976; x_wconf 77' lang='lat' dir='ltr'><strong>nacti</strong></span> <span class='ocrx_word' id='word_1_264' title='bbox 808 2922 935 2988; x_wconf 79' lang='lat' dir='ltr'><strong>captiuos</strong></span> <span class='ocrx_word' id='word_1_265' title='bbox 955 2921 990 2973; x_wconf 86' lang='lat' dir='ltr'><strong>ub</strong></span> <span class='ocrx_word' id='word_1_266' title='bbox 1008 2921 1052 2973; x_wconf 80' lang='lat' dir='ltr'><strong>bis</strong></span> 
     </span>
     <span class='ocr_line' id='line_1_32' title="bbox 70 3007 1053 3080; baseline -0.008 -14"><span class='ocrx_word' id='word_1_267' title='bbox 70 3009 268 3080; x_wconf 63' lang='lat' dir='ltr'><strong>docemur]</strong></span> <span class='ocrx_word' id='word_1_268' title='bbox 296 3013 324 3060; x_wconf 90' lang='lat' dir='ltr'><strong>in</strong></span> <span class='ocrx_word' id='word_1_269' title='bbox 349 3013 438 3076; x_wconf 89' lang='lat' dir='ltr'><strong>priore</strong></span> <span class='ocrx_word' id='word_1_270' title='bbox 462 3012 571 3076; x_wconf 90' lang='lat' dir='ltr'><strong>quidem</strong></span> <span class='ocrx_word' id='word_1_271' title='bbox 594 3010 714 3060; x_wconf 89' lang='lat' dir='ltr'><strong>editione</strong></span> <span class='ocrx_word' id='word_1_272' title='bbox 740 3010 901 3074; x_wconf 89' lang='lat' dir='ltr'><strong>optimorum</strong></span> <span class='ocrx_word' id='word_1_273' title='bbox 920 3007 1053 3058; x_wconf 87' lang='lat' dir='ltr'><strong>librorum</strong></span> 
     </span>
     <span class='ocr_line' id='line_1_33' title="bbox 68 3094 1052 3165; baseline -0.006 -16"><span class='ocrx_word' id='word_1_274' title='bbox 68 3101 232 3165; x_wconf 85' lang='lat' dir='ltr'><strong>scripturam</strong></span> <span class='ocrx_word' id='word_1_275' title='bbox 253 3096 389 3162; x_wconf 79' lang='lat' dir='ltr'><strong>quosdam</strong></span> <span class='ocrx_word' id='word_1_276' title='bbox 408 3096 434 3149; x_wconf 86' lang='lat' dir='ltr'><strong>d.</strong></span> <span class='ocrx_word' id='word_1_277' title='bbox 447 3113 468 3148; x_wconf 87' lang='lat' dir='ltr'><strong>c.</strong></span> <span class='ocrx_word' id='word_1_278' title='bbox 487 3095 663 3149; x_wconf 73' lang='lat' dir='ltr'><strong>trabebant</strong></span> <span class='ocrx_word' id='word_1_279' title='bbox 681 3110 704 3147; x_wconf 87' lang='lat' dir='ltr'><strong>c.</strong></span> <span class='ocrx_word' id='word_1_280' title='bbox 723 3110 903 3154; x_wconf 86' lang='lat' dir='ltr'><strong>servaveram,</strong></span> <span class='ocrx_word' id='word_1_281' title='bbox 924 3094 972 3144; x_wconf 90' lang='lat' dir='ltr'><strong>sed</strong></span> <span class='ocrx_word' id='word_1_282' title='bbox 991 3110 1052 3144; x_wconf 90' lang='lat' dir='ltr'><strong>cum</strong></span> 
     </span>
     <span class='ocr_line' id='line_1_34' title="bbox 68 3180 1053 3248; baseline -0.006 -13"><span class='ocrx_word' id='word_1_283' title='bbox 68 3186 243 3236; x_wconf 88' lang='lat' dir='ltr'><strong>enuntiatum</strong></span> <span class='ocrx_word' id='word_1_284' title='bbox 263 3189 327 3248; x_wconf 82' lang='lat' dir='ltr'><strong>apta</strong></span> <span class='ocrx_word' id='word_1_285' title='bbox 345 3184 545 3233; x_wconf 88' lang='lat' dir='ltr'><strong>constructione</strong></span> <span class='ocrx_word' id='word_1_286' title='bbox 564 3189 668 3244; x_wconf 86' lang='lat' dir='ltr'><strong>careat,</strong></span> <span class='ocrx_word' id='word_1_287' title='bbox 697 3198 748 3232; x_wconf 91' lang='lat' dir='ltr'><strong>nec</strong></span> <span class='ocrx_word' id='word_1_288' title='bbox 771 3183 830 3231; x_wconf 88' lang='lat' dir='ltr'><strong>veri</strong></span> <span class='ocrx_word' id='word_1_289' title='bbox 855 3180 988 3231; x_wconf 90' lang='lat' dir='ltr'><strong>dissimile</strong></span> <span class='ocrx_word' id='word_1_290' title='bbox 1016 3182 1053 3231; x_wconf 90' lang='lat' dir='ltr'><strong>sit</strong></span> 
     </span>
     <span class='ocr_line' id='line_1_35' title="bbox 67 3267 1052 3335; baseline -0.01 -10"><span class='ocrx_word' id='word_1_291' title='bbox 67 3270 211 3325; x_wconf 73' lang='lat' dir='ltr'><strong>habebant</strong></span> <span class='ocrx_word' id='word_1_292' title='bbox 238 3284 270 3318; x_wconf 85' lang='lat' dir='ltr'><strong>ex</strong></span> <span class='ocrx_word' id='word_1_293' title='bbox 298 3269 461 3335; x_wconf 82' lang='lat' dir='ltr'><strong>glossemate</strong></span> <span class='ocrx_word' id='word_1_294' title='bbox 489 3274 576 3318; x_wconf 91' lang='lat' dir='ltr'><strong>crtum</strong></span> <span class='ocrx_word' id='word_1_295' title='bbox 605 3285 664 3319; x_wconf 89' lang='lat' dir='ltr'><strong>esse</strong></span> <span class='ocrx_word' id='word_1_296' title='bbox 689 3269 750 3318; x_wconf 87' lang='lat' dir='ltr'><strong>voci</strong></span> <span class='ocrx_word' id='word_1_297' title='bbox 776 3268 879 3320; x_wconf 73' lang='lat' dir='ltr'><strong>nacti</strong></span> <span class='ocrx_word' id='word_1_298' title='bbox 906 3267 1052 3332; x_wconf 86' lang='lat' dir='ltr'><strong>adscripto,</strong></span> 
     </span>
     <span class='ocr_line' id='line_1_36' title="bbox 67 3353 1052 3410; baseline -0.006 -2"><span class='ocrx_word' id='word_1_299' title='bbox 67 3360 121 3410; x_wconf 86' lang='lat' dir='ltr'><strong>iam</strong></span> <span class='ocrx_word' id='word_1_300' title='bbox 141 3372 206 3407; x_wconf 90' lang='lat' dir='ltr'><strong>cum</strong></span> <span class='ocrx_word' id='word_1_301' title='bbox 224 3353 390 3405; x_wconf 87' lang='lat' dir='ltr'><strong>Schneidero</strong></span> <span class='ocrx_word' id='word_1_302' title='bbox 409 3356 480 3404; x_wconf 88' lang='lat' dir='ltr'><strong>hanc</strong></span> <span class='ocrx_word' id='word_1_303' title='bbox 506 3354 669 3405; x_wconf 88' lang='lat' dir='ltr'><strong>deteriorum</strong></span> <span class='ocrx_word' id='word_1_304' title='bbox 693 3355 816 3404; x_wconf 88' lang='lat' dir='ltr'><strong>codicum</strong></span> <span class='ocrx_word' id='word_1_305' title='bbox 841 3355 986 3405; x_wconf 89' lang='lat' dir='ltr'><strong>lectionem</strong></span> <span class='ocrx_word' id='word_1_306' title='bbox 1011 3368 1052 3402; x_wconf 91' lang='lat' dir='ltr'><strong>re·</strong></span> 
     </span>
     <span class='ocr_line' id='line_1_37' title="bbox 67 3437 1052 3510; baseline -0.008 -16"><span class='ocrx_word' id='word_1_307' title='bbox 67 3446 160 3510; x_wconf 91' lang='lat' dir='ltr'><strong>cipere</strong></span> <span class='ocrx_word' id='word_1_308' title='bbox 190 3441 287 3501; x_wconf 89' lang='lat' dir='ltr'><strong>malui,</strong></span> <span class='ocrx_word' id='word_1_309' title='bbox 317 3457 396 3505; x_wconf 90' lang='lat' dir='ltr'><strong>quam</strong></span> <span class='ocrx_word' id='word_1_310' title='bbox 426 3457 486 3490; x_wconf 91' lang='lat' dir='ltr'><strong>cum</strong></span> <span class='ocrx_word' id='word_1_311' title='bbox 506 3441 703 3491; x_wconf 89' lang='lat' dir='ltr'><strong>recentioribus</strong></span> <span class='ocrx_word' id='word_1_312' title='bbox 723 3440 872 3489; x_wconf 90' lang='lat' dir='ltr'><strong>editoribus</strong></span> <span class='ocrx_word' id='word_1_313' title='bbox 893 3455 925 3489; x_wconf 82' lang='lat' dir='ltr'><strong>ex</strong></span> <span class='ocrx_word' id='word_1_314' title='bbox 943 3437 1052 3487; x_wconf 89' lang='lat' dir='ltr'><strong>Whittii</strong></span> 
     </span>
     <span class='ocr_line' id='line_1_38' title="bbox 67 3525 1052 3593; baseline -0.005 -13"><span class='ocrx_word' id='word_1_315' title='bbox 67 3531 229 3582; x_wconf 82' lang='lat' dir='ltr'><strong>coniectura</strong></span> <span class='ocrx_word' id='word_1_316' title='bbox 252 3526 388 3593; x_wconf 80' lang='lat' dir='ltr'><strong>quosdam</strong></span> <span class='ocrx_word' id='word_1_317' title='bbox 414 3530 442 3576; x_wconf 91' lang='lat' dir='ltr'><strong>in</strong></span> <span class='ocrx_word' id='word_1_318' title='bbox 468 3542 549 3593; x_wconf 78' lang='lat' dir='ltr'><strong>qttos</strong></span> <span class='ocrx_word' id='word_1_319' title='bbox 577 3532 688 3576; x_wconf 86' lang='lat' dir='ltr'><strong>mutare.</strong></span> <span class='ocrx_word' id='word_1_320' title='bbox 725 3526 828 3591; x_wconf 86' lang='lat' dir='ltr'><strong>Frigell</strong></span> <span class='ocrx_word' id='word_1_321' title='bbox 847 3532 877 3576; x_wconf 91' lang='lat' dir='ltr'><strong>ut</strong></span> <span class='ocrx_word' id='word_1_322' title='bbox 895 3525 1052 3590; x_wconf 79' lang='lat' dir='ltr'><strong>explicaret,</strong></span> 
     </span>
    </p>
   </div>
   <div class='ocr_carea' id='block_1_3' title="bbox 117 3629 895 3682">
    <p class='ocr_par' dir='ltr' id='par_1_7' title="bbox 117 3629 895 3682">
     <span class='ocr_line' id='line_1_39' title="bbox 117 3629 895 3682; baseline -0.005 0"><span class='ocrx_word' id='word_1_323' title='bbox 117 3640 209 3682; x_wconf 76' lang='lat' dir='ltr'><strong>Cacsar.</strong></span> <span class='ocrx_word' id='word_1_324' title='bbox 225 3637 243 3678; x_wconf 91' lang='lat' dir='ltr'><strong>I.</strong></span> <span class='ocrx_word' id='word_1_325' title='bbox 878 3629 895 3678; x_wconf 83' lang='lat' dir='ltr'><strong>b</strong></span> 
     </span>
    </p>
   </div>
   <div class='ocr_carea' id='block_1_4' title="bbox 0 0 1192 3924">
    <p class='ocr_par' dir='ltr' id='par_1_8' title="bbox 0 0 1192 3924">
     <span class='ocr_line' id='line_1_40' title="bbox 0 0 1192 3924; baseline 0 0"><span class='ocrx_word' id='word_1_326' title='bbox 0 0 1192 3924; x_wconf 95' lang='lat' dir='ltr'><strong> </strong></span> 
     </span>
    </p>
   </div>
  </div>
 </body>
</html>
