2376 3924
120 223 196 272 LXII
416 217 626 269 ADNOTATIO
647 219 792 269 CRITICA

119 413 192 478 icgg.
204 428 230 476 p.
245 412 289 476 17)
308 411 396 475 ipsum
415 410 571 474 scriptorem
585 409 683 474 prioris
695 407 845 473 particulae
859 408 1102 459 oblitumalteram

119 496 357 564 superaddidisse
377 496 488 548 censuit.
704 495 705 498 ’

227 599 250 633 c.
268 583 292 644 6,
310 584 341 631 3:
368 579 473 647 sanitas
497 578 591 632 mistas
612 597 627 627 a
644 577 754 648 XXX]
782 595 921 630 numerum
946 587 1103 648 corruptum

121 688 184 724 esse
197 671 301 721 monuit
309 669 478 735 Nipperdey;
491 674 521 718 ut
533 668 680 733 genuinum
693 673 857 732 acceperunt
865 668 986 728 Diibner,
997 668 1104 719 Dinter.
1146 703 1149 706 -

228 776 251 809 c.
270 760 294 820 7,
313 758 342 806 6:
371 755 460 808 latent
483 754 555 807 enisa
577 753 608 805 in
632 753 749 807 insidiis
768 769 831 806 cnm
848 753 926 821 eqnis
944 752 1020 806 inter
1038 769 1105 808 con-

124 845 223 911 cuties,
251 848 284 897 nt
308 841 401 895 sabito
424 840 620 907 exsistant,
647 855 704 892 ison
722 845 755 893 nt
774 839 805 891 in
827 854 924 906 canspo
949 840 1104 894 consminns

122 928 312 999 dampnent]
340 929 429 978 locum
448 927 528 978 facite
548 929 638 977 sanari
656 925 745 992 posse,
774 928 918 977 dummodo
936 944 985 992 pro
1004 928 1104 978 tradito

122 1022 158 1071 et
176 1017 269 1070 sabito
287 1014 473 1069 assistant
491 1015 625 1064 scribatur
643 1018 681 1065 at
699 1029 721 1066 s.
740 1013 930 1079 exsistant,
950 1015 1004 1064 iam
1022 1019 1105 1064 antea

123 1110 220 1156 contra
238 1101 429 1168 Nipperdeium
450 1102 556 1161 monui,
583 1102 629 1166 qui
647 1100 773 1151 lacunam
792 1109 853 1165 post
873 1099 1033 1168 depnqnent
1051 1105 1106 1150 sta·

124 1190 253 1241 tuendam
281 1204 339 1238 esse
367 1188 480 1237 censuit.
519 1187 641 1237 obsecuti
669 1192 732 1236 sunt
761 1187 786 1237 ei
812 1186 919 1237 Kraner
946 1192 973 1237 et
1000 1188 1104 1247 Dinter,

126 1277 239 1326 Diibner
257 1276 296 1325 sic
316 1258 402 1334 modo,
422 1280 451 1323 nt
470 1279 650 1324 correcturam
670 1289 686 1324 a
704 1290 746 1323 me
764 1274 931 1339 propositam
950 1275 1016 1324 satis
1033 1276 1105 1324 veri·

123 1363 242 1414 similem
260 1361 437 1428 praedicaret.

231 1466 253 1499 c.
272 1450 296 1507 8,
315 1449 344 1496 2:
371 1445 484 1499 interint
512 1462 574 1499 canc
597 1445 627 1498 X
650 1445 770 1499 itaoibns
797 1446 888 1515 ionpis
915 1446 954 1498 aot
981 1445 1106 1513 reliquas

127 1550 212 1588 naues
236 1533 384 1588 onerarias
411 1533 632 1600 conquirendae,
661 1548 730 1600 qnae
749 1533 941 1595 deerrassent,
968 1539 994 1587 et
1021 1535 1107 1590 sinent

126 1637 204 1675 neone
228 1621 363 1674 tnendnnc
387 1619 421 1672 ab
444 1620 571 1673 hostiens
598 1620 674 1672 iubet
698 1620 868 1690 promiscii]
899 1623 1055 1688 Nipperdey
1074 1639 1107 1675 ex

129 1710 233 1760 Olarkii
251 1709 387 1758 sententia
410 1707 541 1758 lacunosa
560 1723 618 1758 esse
636 1708 704 1757 haec
721 1709 806 1758 verba
826 1710 944 1769 censuit3
972 1711 1107 1762 excidisse

128 1799 201 1847 enim
228 1810 326 1844 nomen
355 1795 413 1844 eius
439 1794 570 1854 hominis,
599 1781 646 1859 qui
670 1793 705 1844 ad
728 1793 797 1845 baec
818 1796 990 1859 exsequenda
1008 1797 1107 1847 missus

127 1888 215 1941 esset;
243 1897 304 1931 nam
330 1881 473 1945 quominus
492 1880 631 1929 Rabirium
651 1880 686 1928 ad
704 1880 732 1928 id
751 1881 862 1930 missum
882 1897 941 1932 csse
960 1883 1107 1947 existimes,

126 1970 176 2034 qui
194 1967 418 2018 antecedentibus
432 1971 655 2016 commemoratur
673 1964 896 2032 (exenteratisqne
904 1966 1014 2033 partim
1025 1967 1108 2021 stavi-

127 2052 180 2106 bns
208 2052 298 2121 lonqis
317 2050 474 2105 'Rabirium
495 2051 660 2103 Postumum
682 2049 714 2101 in
738 2049 866 2103 Siciliane
890 2051 928 2104 ad
953 2053 1107 2106 maneriam

127 2143 309 2192 commentans
329 2137 526 2190 arcessendam
544 2136 649 2201 mittit),
667 2137 696 2186 id
714 2137 831 2199 obstare,
851 2139 923 2202 qnod
942 2147 1107 2191 commeatus

130 2227 231 2276 arcessi
251 2231 277 2275 et
295 2241 378 2274 naves
397 2225 521 2290 conquiri
544 2239 671 2290 mareque
694 2225 823 2274 custodiri
841 2242 895 2275 uno
913 2231 1035 2291 tempore
1052 2242 1108 2277 non

129 2314 291 2378 potuissent,
321 2327 408 2376 neque
433 2311 512 2361 illam
534 2326 589 2360 rem
609 2317 839 2361 -commeatum
862 2327 899 2362 sc.
919 2327 1055 2363 arcessere
1073 2340 1109 2369 -,

129 2415 191 2449 eam
218 2415 320 2450 moram
348 2397 457 2459 tulisse,
486 2413 566 2462 quam
590 2397 642 2447 hae
666 2397 828 2468 attulissent.
858 2397 925 2448 mihi
942 2414 1007 2448 vero
1025 2402 1056 2448 ut
1078 2399 1108 2448 in

130 2487 269 2550 superiore
289 2485 407 2534 editione
426 2484 465 2533 sic
484 2484 565 2534 etiam
585 2498 656 2533 nunc
674 2482 755 2549 plane
771 2483 851 2534 aliter
864 2483 1035 2534 statuendum
1048 2499 1109 2534 esse
1158 2511 1161 2516 ·

130 2570 245 2621 videtur.
276 2580 306 2620 ut
324 2571 458 2631 omittam,
485 2567 599 2621 iotienins
623 2575 678 2618 tum
700 2570 869 2633 potissimum
889 2585 939 2619 sua
956 2571 984 2618 vi
1002 2568 1108 2619 adhibi·

131 2661 188 2706 tum
207 2656 306 2715 videri,
335 2673 396 2706 cum
421 2655 506 2705 eidem
526 2655 638 2706 Rabirio
657 2655 742 2704 altera
761 2671 868 2721 quoque
887 2654 1015 2706 Caesaris
1033 2669 1108 2704 man·

130 2743 196 2792 data
213 2743 378 2807 perficienda
396 2743 480 2792 tuisse
504 2742 632 2802 facimus,
659 2742 727 2792 haec
745 2741 833 2792 altera
851 2741 979 2793 mandata
997 2740 1109 2790 minime

131 2833 223 2878 tantae
242 2845 333 2879 morae
346 2829 463 2889 inerunt,
483 2835 600 2893 quantae
611 2827 767 2894 Nipperdey
781 2844 814 2878 ea
826 2828 922 2879 haberi
934 2827 1029 2879 voluit.
1048 2841 1110 2877 nar·

132 2920 207 2964 ratur
225 2917 296 2964 enim
316 2933 338 2968 c.
358 2917 382 2978 7,
401 2915 520 2980 reliquas
539 2931 623 2966 naves
642 2931 732 2966 errore
750 2915 856 2966 ablatas
879 2906 995 2966 ‘Uticam
1013 2927 1110 2964 versus

131 2995 234 3066 petere’
264 3018 323 3052 esse
350 3003 438 3065 visas3
466 3002 537 3052 unde
565 3008 651 3067 patet,
680 3002 790 3053 Uticam
817 3003 932 3052 maxime
956 2999 1111 3051 adeundam

132 3088 220 3151 fuisse
234 3089 272 3148 ei,
298 3089 345 3152 qui
363 3103 446 3138 naves
465 3087 527 3139 illas
546 3091 703 3153 conquirere
723 3089 812 3139 iussus
831 3095 910 3139 esset.
938 3094 966 3139 at
984 3086 1110 3138 Caesaris

75 3217 80 3230 .
131 3174 228 3225 classis
253 3175 287 3224 ad
305 3175 402 3239 Leptin
427 3175 530 3237 stabat,
557 3175 803 3225 transmittentibus
827 3180 917 3226 autem
935 3175 1015 3240 Lepti
1034 3173 1110 3240 Lily-

134 3262 232 3312 baeum
247 3262 328 3314 Utica
347 3263 374 3310 in
394 3263 452 3326 ipso
470 3261 526 3312 fere
545 3278 625 3312 cursu
643 3263 695 3312 sita
714 3268 783 3321 erat3
801 3263 893 3328 itaque
912 3263 950 3323 ei,
969 3262 1016 3328 qui
1034 3261 1110 3328 Lily-

133 3349 233 3398 baeum
251 3356 362 3414 peteret,
381 3349 458 3399 nulla
475 3349 531 3399 iere
550 3365 624 3400 mora
640 3349 807 3410 movebatur,
827 3365 887 3400 cum
900 3347 1111 3415 praetervehens

133 3435 265 3485 stationes
289 3435 375 3486 litoris
399 3435 495 3486 Uticae
519 3434 670 3485 adiacentis
692 3436 849 3501 perquirere
870 3435 1017 3490 iuberetur.
1049 3449 1112 3487 cum

133 3520 204 3570 idem
224 3523 313 3572 iussus
333 3528 404 3573 esset
421 3519 502 3572 simul
520 3535 594 3573 mare
606 3519 641 3573 sb
653 3519 711 3560 Μ
799 3521 873 3568 ιωὶ.
888 3517 920 3571 id
932 3532 988 3569 non
1000 3519 1112 3572 omniuo
