2376 3924
347 232 458 283 LIBER
475 233 524 298 ΙΙΙ,
550 234 627 286 OAP.
650 235 758 287 18-15.
1001 236 1038 298 71

65 424 186 487 statuit
210 423 474 508 exspectandam
497 424 650 490 classem.
686 423 780 505 Quae
803 424 861 489 ubi
884 427 1064 490 convenita

65 549 105 592 ac
122 528 264 611 primum
280 526 323 592 ab
336 527 489 593 hostibus
506 529 581 593 visa
597 537 660 611 cst,
677 529 814 594 circiter
831 544 921 593 ccxx
937 551 1043 593 naves

65 653 177 695 eorum
194 631 430 716 paratissimae
445 639 547 718 atque
564 633 652 696 omui
670 652 792 712 genere
809 655 975 699 armorum
992 655 1042 698 or-

63 736 263 799 natissimae
279 734 451 819 profectae
472 758 515 799 ex
530 745 629 820 portu
645 737 769 800 nostris
783 736 947 802 adversae
964 758 1042 802 con-

65 844 239 926 stiterunt,
255 863 362 928 neque
379 842 464 906 satis
481 843 597 924 Bruto,
613 844 670 928 qui
686 842 791 907 classi
805 854 971 929 praeerat,
988 845 1064 910 vel³

64 945 209 1010 tribunis
232 945 376 1012 militum
391 947 719 1033 centurionibusque,
744 948 864 1034 quibus
889 949 1043 1035 singulae

64 1071 169 1114 naves
188 1060 285 1116 erant
300 1050 498 1135 attributae,
514 1052 706 1136 constabat,
730 1053 810 1138 quid
828 1063 967 1137 agerent
985 1063 1044 1119 aut

63 1175 165 1240 quam
181 1155 348 1219 rationem
362 1175 497 1240 pugnae
513 1156 719 1220 insisterent.
741 1156 863 1221 Rostro
882 1159 970 1221 enim
986 1169 1067 1221 no-⁴

64 1261 133 1324 ceri
147 1281 214 1323 non
227 1280 324 1344 posse
336 1268 584 1342 cognoverant3
597 1259 745 1325 turribus
760 1269 869 1325 autem
883 1262 1043 1324 excitatis

63 1372 178 1427 tamen
201 1360 262 1425 has
292 1360 438 1426 altitudo
461 1362 620 1448 puppium
650 1385 692 1427 ex
714 1361 871 1428 barbaris
898 1363 1043 1428 navibus

64 1464 259 1551 superabat,
275 1473 314 1529 ut
329 1486 436 1550 neque
450 1487 493 1530 ex
505 1465 662 1530 inferiore
679 1465 753 1532 loco
772 1467 855 1531 satis
872 1466 1044 1531 commode

63 1568 133 1633 tela
156 1567 250 1651 adigi
273 1578 409 1654 possent
433 1578 466 1634 et
486 1570 589 1633 missa
613 1593 634 1634 a
656 1567 765 1634 Gallis
793 1572 931 1653 gravius
956 1572 1044 1635 acci·

64 1671 195 1737 darent.
218 1671 296 1738 Una
320 1682 393 1738 erat
416 1693 538 1757 magno
562 1675 637 1739 usui
653 1696 707 1738 res
731 1682 934 1761 praeparata
951 1697 970 1738 a
986 1684 1067 1738 no-⁵

63 1777 156 1857 stris,
169 1773 274 1840 falces
287 1786 492 1862 praeacutae
505 1779 655 1843 insertae
667 1777 856 1864 affixaeque
869 1778 1044 1861 longuriis,

62 1900 131 1944 non
162 1877 309 1944 absimili
338 1879 446 1944 forma
474 1872 651 1946 muralium
680 1881 826 1946 falcium.
871 1881 934 1945 His
970 1891 1067 1944 curn6

61 1983 177 2065 funes,
195 1982 250 2067 qui
266 1991 443 2048 antemnas
461 1983 506 2048 ad
520 1983 627 2049 malos
645 1984 879 2068 destinabant,
898 2006 1044 2069 compre·

62 2085 162 2150 hensi
178 2084 383 2172 adductique
400 2096 508 2171 erant,
524 2087 661 2171 navigio
678 2089 778 2153 remis
792 2089 933 2152 incitato
949 2109 1045 2173 prae-

62 2187 316 2274 rumpebantur.
345 2188 475 2270 Quibus
492 2190 635 2256 abscisis
660 2202 838 2257 antemnae
854 2193 1067 2257 necessario⁷

62 2290 302 2377 concidebant,
324 2303 378 2377 ut,
402 2317 478 2360 cum
501 2297 608 2360 omnis
633 2292 777 2360 Gallicis
799 2295 944 2360 navibus
969 2316 1045 2379 spes

64 2398 99 2460 in
113 2395 201 2461 velis
214 2397 496 2482 armamentisque
509 2398 720 2481 consisteret,
735 2395 788 2461 his
803 2399 925 2482 ereptis
940 2398 1046 2460 omnis

64 2522 148 2565 usus
165 2500 301 2565 navium
317 2522 383 2565 uno
401 2510 549 2586 tempore
566 2503 758 2588 eriperetur.
780 2501 955 2587 Reliquum
973 2510 1068 2565 erat8

64 2610 237 2668 certamen
270 2605 417 2689 positum
451 2606 485 2669 in
513 2607 654 2688 virtute,
689 2625 755 2692 qua
784 2607 892 2671 nostri
921 2603 1045 2668 milites

65 2705 170 2771 facile
184 2706 401 2792 superabant,
414 2716 515 2793 atque
528 2730 566 2772 eo
579 2710 698 2793 magis,
715 2708 805 2794 quod
817 2710 851 2772 in
864 2717 1046 2792 conspectu

66 2808 226 2876 Caesaris
251 2820 351 2897 atque
375 2813 482 2876 omnis
507 2812 678 2877 exercitus
704 2802 758 2877 res
783 2811 980 2895 gerebatur,
1009 2819 1046 2874 ut

65 2913 198 2979 nullum
220 2913 320 3007 paulo
343 2914 463 2980 fortius
487 2915 613 2980 factum
641 2915 747 2980 latere
770 2924 901 3000 posset;
932 2936 1045 2978 omnes

67 3018 156 3082 enim
172 3016 276 3083 colles
293 3040 333 3083 ac
348 3017 425 3083 loca
442 3019 624 3104 superiora,
643 3017 733 3083 unde
752 3027 824 3083 erat
840 3018 1045 3103 propinquus

68 3120 248 3207 despectus
272 3122 306 3185 in
329 3144 432 3206 mare,
456 3122 499 3186 ab
523 3124 675 3186 exercitu
697 3120 911 3186 tenebantur.

154 3221 205 3289 15.
229 3223 409 3307 Disiectis,
440 3233 475 3288 ut
502 3224 657 3309 diximus,
682 3227 859 3302 antemnis
884 3247 958 3288 curn
979 3226 1045 3287 sin·

67 3325 166 3412 gulas
179 3326 281 3392 binae
294 3348 334 3392 ac
346 3328 465 3393 ternae
479 3350 584 3393 naves
601 3329 905 3410 circumsteterant,
921 3324 1045 3391 milites

67 3454 198 3498 summa
214 3433 248 3495 vi
265 3431 506 3496 transcendere
522 3433 557 3496 in
572 3431 716 3497 hostiurn
736 3453 841 3495 naves
865 3428 1045 3495 contende·
1096 3469 1098 3474 -

64 3537 160 3604 bant.
179 3534 279 3616 Quod
290 3546 468 3622 postquam
479 3531 618 3602 barbari
634 3537 706 3600 fieri
723 3534 1068 3618 animadverterunt,a
