2376 3924
6 3618 8 3659 l

6 3430 8 3447 1

6 3454 8 3466 Ι

6 3508 14 3531 lt

6 3536 7 3555 l

1 3540 13 3688 l

191 254 255 318 306
489 254 600 305 enum
616 254 866 307 HISPANIENSIS

195 443 319 525 equites
340 443 478 507 Romani
499 452 532 507 et
554 453 733 528 senatores,
762 467 827 510 non
849 454 925 509 sunt
945 447 1016 509 ausi
1038 445 1174 509 introire

194 547 228 608 in
250 543 413 630 oppidum,
437 554 667 632 praeterquam
690 549 746 633 qui
768 548 836 612 eius
860 548 999 613 civitatis
1022 547 1169 611 fuissent.

170 646 342 729 aQuorum
374 651 535 733 responsis
568 649 652 715 ultro
686 652 830 736 citroque
867 652 1008 736 acceptis
1040 658 1073 714 et
1099 649 1173 714 red·

194 749 268 814 ditis
291 773 365 816 eum
388 751 578 817 adnostros
601 774 636 816 se
658 755 856 838 reciperent,
885 756 940 838 qui
963 762 1059 818 extra
1082 755 1170 839 oppi-

194 852 273 918 dum
304 853 455 937 fuissent,
489 854 533 919 illi
566 855 727 942 praesidio
759 858 896 921 insecuti
925 879 967 920 ex
1001 858 1172 921 aversione

169 953 318 1042 4legatos
351 957 546 1042 iugularunt.
591 959 666 1023 Duo
700 958 815 1045 reliqui
849 981 893 1023 ex
926 961 971 1024 eis
1004 959 1171 1044 fugerunt,

194 1060 326 1126 Caesari
354 1083 424 1124 rem
451 1069 578 1146 gestam
600 1061 785 1127 detulerunt
802 1110 950 1126 ......
970 1071 1002 1126 11
1024 1062 1169 1147 specula·

193 1175 279 1229 tores
313 1163 356 1230 ad
389 1163 544 1250 oppidum
576 1164 741 1249 Ateguam
777 1167 943 1230 miserunt.
989 1166 1055 1248 Qui
1094 1187 1171 1232 cum

193 1278 318 1334 eertum
352 1269 583 1352 comperissent
615 1267 796 1353 legatorum
828 1289 984 1354 responsa
1016 1269 1062 1332 ita
1099 1289 1171 1332 esse

192 1381 295 1458 gesta,
319 1369 594 1456 quemadmodum
614 1370 659 1435 illi
687 1371 894 1453 rettulissent,
928 1369 970 1435 ab
999 1370 1170 1456 oppidanis

194 1497 353 1541 concursu
374 1474 460 1539 facto
483 1496 567 1558 eum,
590 1477 647 1560 qui
669 1474 791 1559 legatos
813 1473 999 1558 iugulasset,
1023 1473 1169 1560 lapidare

194 1588 226 1645 et
258 1582 288 1644 ei
320 1599 436 1642 manus
469 1580 630 1643 intentare
664 1586 855 1664 coeperunt:
893 1577 975 1641 illius
1005 1599 1103 1663 opera
1132 1599 1168 1641 se

171 1685 323 1769 aperisse.
368 1681 420 1746 Ita
441 1684 499 1745 vix
521 1681 663 1766 periculo
690 1680 844 1746 liberatus
878 1683 969 1768 petiit
1002 1680 1045 1745 ab
1079 1682 1167 1765 oppi-

193 1785 296 1869 danis,
319 1795 355 1850 ut
377 1778 407 1849 ei
428 1783 540 1849 liceret
561 1784 704 1870 legatum
729 1783 773 1849 ad
796 1783 970 1849 Caesarem
992 1784 1169 1870 proficisci:

47 1911 63 1935 ⁶
172 1889 236 1959 oilli
259 1912 293 1953 se
316 1887 565 1953 satisfacturum.
600 1888 765 1952 Potestate
789 1886 866 1952 data
889 1911 963 1953 cum
985 1888 1061 1953 inde
1084 1897 1169 1952 essct

192 1992 366 2078 profectus,
401 1990 561 2076 praesidio
585 2000 781 2076 comparato,
813 2013 888 2056 cum
908 1990 992 2056 bene
1015 2014 1169 2077 magnam

192 2118 326 2161 manum
340 2096 469 2160 fecisset
484 2104 516 2159 et
531 2104 689 2160 nocturno
704 2104 850 2183 tempore
872 2115 930 2183 per
952 2096 1113 2161 fallaciam
1134 2097 1169 2159 in

193 2199 348 2287 oppidum
370 2209 455 2264 esset
476 2210 636 2285 receptus,
660 2199 891 2286 iugulationem
912 2222 1067 2287 magnam
1088 2199 1167 2262 facit

191 2304 465 2390 principibusque,
489 2307 544 2390 qui
566 2304 627 2370 sibi
650 2307 802 2372 contrarii
824 2306 968 2388 fuissent,
991 2304 1168 2370 interfectis

170 2408 347 2494 roppidum
369 2411 403 2473 in
425 2431 518 2474 suam
539 2418 732 2495 potestatem
754 2410 877 2492 recipit.
907 2409 980 2471 Hoc
994 2409 1168 2491 praeterito

192 2522 338 2600 tempore
360 2515 447 2578 servi
468 2513 657 2598 transfugae
679 2513 912 2576 nuntiaverunt
934 2506 1170 2594 oppidanorum

192 2615 279 2681 bona
311 2621 423 2681 venire
456 2636 563 2700 neque
596 2623 690 2678 extra
712 2611 834 2677 vallum
863 2613 960 2676 licere
994 2612 1085 2672 exire
1107 2613 1169 2676 nisi

193 2719 394 2802 discinctum,
411 2704 531 2783 idcirco
548 2716 644 2803 quod,
661 2739 704 2781 ex
720 2737 783 2802 quo
799 2715 852 2781 die
867 2712 1022 2801 oppidum
1036 2711 1167 2798 Ategua

193 2833 278 2887 esset
301 2833 440 2909 captum,
470 2830 558 2886 metu
580 2821 769 2886 conterritos
793 2819 973 2905 complures
996 2817 1168 2902 profugere

170 2928 225 2992 ain
248 2925 450 3007 Baeturiam3
474 2945 579 3008 neque
603 2922 664 2988 sibi
685 2923 785 2988 ullam
807 2944 898 3008 spem
920 2922 1074 2985 victoriae
1097 2945 1168 3007 pro-

193 3029 331 3112 positam
345 3026 477 3109 babere,
501 3037 534 3091 et
556 3029 582 3090 si
605 3028 661 3112 qui
683 3049 727 3091 ex
748 3028 866 3091 nostris
888 3024 1109 3110 transfugerit,
1133 3029 1165 3089 in

192 3130 298 3196 levem
320 3139 519 3195 armaturam
542 3133 645 3195 conici
677 3151 816 3216 eumque
843 3152 908 3194 non
931 3127 1067 3214 amplius
1091 3147 1165 3193 xvn

193 3237 350 3322 accipere.

279 3340 329 3405 23.
364 3339 553 3424 Insequenti
585 3347 731 3424 tempore
753 3335 876 3403 Caesar
909 3338 1023 3401 castris
1058 3344 1164 3401 castra

194 3443 328 3508 contulit
364 3451 397 3509 et
439 3440 610 3507 brachium
646 3442 689 3508 ad
724 3441 846 3507 flumen
885 3438 1012 3506 Salsum
1049 3439 1168 3503 ducere

176 3551 313 3637 recepit.
357 3548 422 3614 Hic
454 3546 532 3612 dum
563 3547 599 3612 in
631 3568 728 3635 opere
760 3545 862 3612 nostri
894 3542 1024 3610 distenti
1052 3551 1168 3626 essent,
