2376 3924
440 251 516 303 car.
536 252 645 303 ra-as.
973 253 1033 318 187

54 448 142 510 cives
165 465 239 508 suos
263 445 402 529 primum
425 442 468 507 ad
490 444 663 507 sanitatem
690 452 875 527 revocaret,
910 445 1028 510 deinde

54 556 271 629 conservaret,
290 545 388 611 fidem
405 545 521 632 populo
534 547 679 610 Romano
697 544 821 632 sibique
839 559 1028 633 praestaret,

55 653 218 737 cumipse
241 659 366 716 tantum
390 653 419 713 ei
442 649 604 732 crederet,
635 659 671 714 ut
693 649 736 714 ad
758 650 866 715 hostes
888 663 1029 718 armatos

55 779 129 820 cum
165 757 320 838 mitteret,
364 755 481 819 dextra
520 754 671 820 dextram
713 765 826 820 tenens
870 755 1029 821 dimittere

55 861 159 944 coepit
181 857 292 923 adulta
314 859 379 923 iam
401 867 507 923 aetate
530 881 676 943 puerum.
706 858 753 924 At
774 861 881 944 regius
904 862 1052 933 animusr

55 964 230 1049 disciplinis
262 963 474 1027 fallacissimis
508 962 669 1046 eruditus,
703 986 744 1026 ne
773 987 792 1026 a
820 966 925 1048 gentis
953 985 1030 1028 suae

54 1067 198 1133 moribus
227 1067 455 1153 degeneraret,
490 1075 602 1132 contra
630 1067 711 1131 flens
741 1089 834 1132 orare
857 1065 1031 1131 Caesarem

56 1174 170 1258 coepit,
193 1193 234 1236 ns
250 1193 284 1236 se
301 1171 492 1253 dimitteret3
516 1172 682 1234 nonenim
698 1170 759 1235 sibi
774 1193 911 1257 regnum
926 1173 1031 1257 ipsum

56 1284 230 1361 conspectu
245 1273 393 1340 Caesaris
416 1296 486 1338 esse
508 1273 689 1339 iucundius.
724 1273 924 1361 Compressis
940 1279 1051 1360 pueris

55 1380 194 1443 lacrimis
218 1377 338 1442 Caesar
360 1380 430 1463 ipse
452 1386 629 1442 commotus
653 1377 814 1460 celeriter,
838 1382 864 1443 si
887 1377 940 1442 illa
962 1401 1030 1443 sen·

57 1485 140 1563 tinet,
164 1481 233 1545 fore
256 1502 330 1544 eum
353 1502 463 1544 secum
485 1480 651 1545 affirmans
674 1478 717 1545 ad
732 1503 806 1545 suos
822 1481 950 1546 dimisit.
974 1481 1053 1555 Illefl

56 1594 92 1649 ut
120 1606 162 1647 ex
189 1582 374 1647 carceribus
401 1585 435 1648 in
463 1582 600 1648 liberum
628 1607 759 1650 cursum
787 1588 921 1651 emissus
949 1585 1031 1651 adeo

57 1697 170 1753 contra
198 1686 372 1752 Caesarem
404 1689 522 1752 acriter
549 1686 669 1752 bellum
695 1710 809 1773 gerere
843 1691 962 1775 coepit,
997 1699 1033 1755 ut

57 1792 221 1873 lacrimas,
245 1793 381 1876 quasin
404 1791 558 1876 colloquio
582 1794 775 1877 proiecerat,
805 1793 923 1877 gaudio
945 1794 1032 1858 vide-

57 1905 147 1960 retur
170 1894 360 1982 profudisse.
406 1894 574 1961 Accidisse
597 1895 659 1961 hoc
682 1897 862 1984 complures
885 1896 1053 1968 Caesarisr

58 2001 170 2084 legati,
209 2001 318 2082 amici,
357 2002 559 2066 centuriones
598 2000 778 2086 militesque
819 2000 1033 2084 laetabantur,

59 2103 145 2188 quod
175 2105 274 2167 nimia
301 2102 429 2169 bonitas
457 2105 525 2168 eius
552 2103 686 2170 fallaciis
714 2107 806 2189 pueri
829 2103 917 2169 clusa
940 2113 1032 2168 esset.

59 2208 161 2288 Quasi
184 2229 262 2270 vero
286 2206 319 2271 id
342 2206 463 2272 Caesar
490 2208 635 2273 bonitate
664 2217 791 2273 tantum
813 2208 973 2273 adductus
996 2230 1035 2272 ac

59 2336 122 2376 non
145 2312 395 2397 prudentissimo
419 2310 549 2375 consilio
570 2310 709 2375 fecisset.

144 2413 195 2478 25.
231 2413 314 2478 Cum
342 2412 423 2477 duce
454 2422 618 2499 assumpto
641 2412 857 2478 Alexandrini
880 2413 977 2478 nihilo
1000 2437 1034 2479 se

60 2521 218 2582 firmiores
246 2519 349 2583 factos
378 2527 435 2582 aut
462 2516 679 2604 languidiores
702 2519 865 2583 Romanos
893 2518 1035 2583 animad-

59 2630 225 2686 verterent
247 2620 515 2706 eludentibusque
544 2620 696 2685 militibus
719 2623 805 2706 regis
828 2629 968 2686 aetatem
990 2631 1035 2686 at-

60 2746 122 2810 quc
146 2726 365 2789 infirmitatem
387 2746 542 2810 magnum
558 2723 701 2789 dolorem
723 2726 908 2810 acciperent
930 2747 1035 2810 neque

60 2851 93 2892 sc
118 2830 291 2912 quicquam
314 2827 471 2912 proficere
493 2826 659 2910 viderent,
687 2848 898 2913 rumoresque
921 2830 1035 2894 existe·

59 2941 141 3014 rent,
164 2955 284 3017 magna
299 2931 431 2997 Caesari
453 2932 614 3018 praesidia
634 2933 777 2997 terrestri
794 2933 916 3015 itinere,
941 2932 1036 3018 Syria

60 3034 251 3121 Ciliciaque,
280 3035 414 3119 adduci,
444 3035 532 3121 quod
558 3035 702 3101 nondum
730 3036 875 3102 auditum
904 3034 1036 3101 Caesari

61 3150 145 3222 crat,
175 3149 404 3222 commeatum,
434 3142 490 3226 qui
517 3141 600 3205 mari
627 3142 744 3206 nostris
772 3140 1034 3229 supportabatur,

60 3247 252 3330 intercipere
268 3253 459 3310 statuerunt.
483 3245 599 3330 Itaque
621 3244 781 3332 expeditis
805 3247 942 3330 navigiis
958 3243 1057 3310 locist

60 3349 182 3413 idoneis
211 3347 254 3412 ad
283 3346 450 3433 Canopum
477 3350 511 3412 in
539 3349 675 3413 statione
703 3348 864 3434 dispositis
896 3346 1035 3412 navibus

60 3452 297 3518 insidiabantur
319 3454 437 3516 nostris
459 3453 719 3532 commeatuique.
765 3450 862 3533 Quod
884 3450 941 3516 ubi
956 3449 1056 3516 Cae-³

61 3560 124 3622 sari
153 3558 335 3620 nuntiatum
363 3565 427 3638 est,
458 3550 579 3642 [unam]
608 3555 744 3621 classem
772 3554 861 3620 iubet
887 3553 1034 3640 expediri
