2376 3924
165 223 227 288 180
462 220 572 271 BELLl
589 218 841 270 Ausxnnnmnl

161 413 303 499 reliquas
325 409 536 476 subsidiarias
567 412 602 476 in
629 407 772 474 seeundo
794 407 907 472 ordine
930 409 1148 474 constituunt

138 517 317 601 rMagnum
332 523 501 602 praeterea
520 535 692 578 numerum
706 513 867 576 minorum
881 514 1092 596 navigiorum
1115 522 1151 577 et

160 619 355 705 scapharum
377 617 561 704 producunt
588 638 662 682 oum
688 615 842 680 malleolis
869 614 1082 701 ignibusque,
1120 618 1148 680 si

159 722 237 808 quid
259 725 330 809 ipsa
351 720 521 787 multitudo
543 729 577 788 et
598 720 719 785 elamor
740 729 773 785 et
794 720 925 784 flamma
944 721 1066 784 nostris
1081 729 1149 784 ter-

138 829 241 894 rroris
264 827 381 891 afferre
403 833 543 911 possent.
572 824 678 889 Erant
698 826 783 888 inter
806 823 887 887 duas
910 823 1030 888 classes
1052 825 1148 892 vada

159 932 298 994 transitu
320 939 467 1015 angusto,
491 951 575 1015 quae
590 930 752 1014 pertinent
766 927 809 992 ad
824 929 990 1012 regionem
1004 928 1146 996 Africae

161 1029 222 1118 (sio
266 1036 353 1098 onim
395 1032 600 1119 praedicant,
645 1042 772 1118 partem
808 1053 879 1096 esse
912 1031 1145 1100 Alexandriae

159 1135 327 1201 dimidiam
348 1133 512 1222 Africae),
542 1138 684 1221 satisque
713 1135 769 1200 diu
796 1137 882 1199 inter
902 1137 989 1221 ipsos
1011 1145 1064 1201 est
1088 1160 1145 1203 ex-

159 1248 351 1325 spectatum,
366 1239 408 1305 ab
423 1241 505 1305 utris
519 1239 613 1304 lieret
626 1237 817 1303 transeundi
832 1240 968 1322 initium,
992 1249 1145 1326 propter-

159 1365 199 1408 ea
210 1343 297 1429 quod
309 1346 350 1426 ei,
373 1346 429 1429 qui
443 1346 627 1427 intrassent,
650 1352 683 1407 ot
698 1342 741 1407 ad
756 1341 985 1428 explicandam
999 1343 1144 1410 classem

159 1457 192 1513 et
214 1448 257 1513 ad
278 1457 456 1534 receptum,
487 1450 514 1512 si
537 1447 648 1512 durior
670 1445 840 1511 accidisset
862 1467 972 1530 casus,
1002 1448 1144 1535 impedi-

158 1554 256 1616 tiores
278 1551 347 1617 foro
369 1549 577 1616 videbantur.

245 1654 294 1719 15.
317 1654 452 1720 Rhodiis
474 1653 613 1719 navibus
635 1663 786 1740 praeerat
806 1654 1013 1740 Euphranor,
1036 1659 1142 1724 animi

157 1758 380 1843 magnitudine
403 1781 442 1822 ao
464 1761 583 1822 virtute
604 1760 709 1843 magis
732 1780 805 1822 oum
817 1761 935 1823 nostris
950 1758 1142 1828 homiuibus

135 1883 255 1946 aquam
278 1883 352 1927 oum
367 1861 503 1927 Graecis
519 1860 766 1948 comparandus.
796 1862 861 1927 Hio
877 1861 918 1927 ob
933 1865 1141 1931 notissimam

155 1968 322 2030 seientiam
343 1974 442 2050 atque
457 1966 555 2030 animi
575 1965 831 2050 magnitudinem
853 1963 997 2030 delectus
1019 1977 1072 2032 ost
1095 1969 1139 2035 ab

135 2067 304 2151 rRhodiis,
339 2069 394 2153 qui
420 2069 591 2153 imperium
620 2066 729 2132 elassis
763 2067 931 2133 obtineret
977 2069 1044 2151 Qui
1079 2071 1140 2138 ubi

155 2168 274 2236 cesam
296 2170 470 2237 Caesarem
503 2173 646 2236 animum
680 2170 836 2255 advortit,
866 2169 1001 2237 ‘videris
1033 2174 1137 2261 mihi',

155 2279 269 2363 inquit,
287 2273 433 2359 ‘Caesen
456 2277 573 2359 vereri,
597 2277 623 2339 si
645 2274 728 2339 haeo
749 2274 837 2340 vada
858 2278 970 2362 primis
992 2278 1138 2346 navibus

153 2383 299 2463 intraris,
328 2381 481 2466 ueprius
503 2379 658 2444 dimicare
682 2381 821 2463 cogaris,
853 2400 951 2464 quam
973 2379 1138 2468 reliquam

133 2485 289 2550 celassem
322 2485 465 2571 potueris
499 2483 672 2570 explicare.
717 2481 818 2547 Nobis
851 2504 922 2548 rem
951 2488 1137 2554 committas

152 2611 211 2654 nos
245 2586 401 2674 proelium
434 2585 663 2652 sustinebimus
697 2582 818 2672 (neque
851 2595 944 2651 tuum
976 2588 1137 2657 iudioium

152 2688 329 2778 fallamus),
364 2690 443 2756 dum
470 2690 585 2776 reliqui
612 2689 860 2775 subsequantur.
905 2690 976 2756 Hos
998 2692 1137 2778 quidem

152 2798 272 2862 diutius
295 2800 328 2862 in
350 2807 460 2863 nostro
485 2806 660 2883 conspeetu
682 2795 813 2882 gloriari
840 2817 959 2880 magno
980 2795 1078 2864 nobis
1099 2808 1137 2865 et

5 2982 9 2995 ,
130 2900 304 2966 odedeoori
337 2911 370 2966 et
403 2901 505 2966 dolori
537 2900 603 2966 est’
656 2900 777 2967 Caesar
813 2900 902 2965 illum
938 2899 1135 2969 adhortatus

152 3013 250 3090 atque
263 3003 410 3069 omnibus
421 3004 570 3070 laudibus
582 3014 770 3091 prosecutus
782 3004 839 3069 dat
850 3006 979 3090 signum
988 3024 1134 3093 pugnae.

152 3109 346 3192 Progressus
374 3107 460 3172 ultra
481 3108 603 3173 vadum
627 3125 682 3176 1111
704 3107 848 3174 Rhodias
870 3128 973 3173 naves
993 3110 1135 3181 airam

153 3215 270 3277 sistunt
292 3210 508 3276 Alexandrini
541 3221 639 3298 atque
670 3215 704 3277 in
733 3234 788 3277 eas
816 3215 973 3299 impetum
1005 3244 1010 3262 ·

130 3317 320 3384 oSustinent
351 3315 395 3381 illi
427 3325 525 3402 atque
553 3327 623 3382 arte
652 3316 856 3402 sollertiaque
886 3338 920 3382 se
947 3316 1024 3405 st'

152 3430 332 3487 astantum
348 3420 495 3486 doctrina
510 3423 623 3506 potuit,
646 3423 731 3486 utin
745 3421 867 3508 dispari
889 3440 985 3489 numo

150 3533 337 3592 transversa
349 3525 432 3591 hosti
448 3523 639 3609 obiceretur,
652 3525 767 3592 nullius
778 3528 860 3592 remi
869 3524 961 3603 dotet¹
