2376 3924
127 247 192 312 234
463 247 574 298 saum
592 245 767 299 nunrcaru

124 439 179 524 qui
202 439 371 524 pecuniam
394 438 535 524 Scipioni
557 437 599 503 ad
632 436 752 503 bellum
784 439 969 505 faciendum
1002 450 1113 506 contu-

124 540 238 624 lerant,
261 542 419 624 hortatur,
442 550 479 606 ut
501 543 634 607 servitia
656 546 921 609 manumitterent
943 545 1112 631 oppidum-

102 666 186 732 2quc
220 645 440 710 defenderent.
497 646 645 727 Quorum
678 668 752 710 cum
784 656 911 731 partem
943 651 1111 731 assentire,

123 760 249 837 partem
283 751 425 814 animum
458 758 664 835 mentemque
698 753 903 836 perterritam
941 761 1039 837 atque
1078 757 1110 819 in

122 855 232 939 fugam
267 852 461 918 destinatam
494 852 615 918 habere
649 852 873 936 intellexisset,
908 856 1045 941 amplius
1069 857 1111 921 de

122 980 161 1022 ea
194 981 230 1022 re
263 979 361 1042 agere
394 956 518 1021 destitit
545 978 710 1042 navesque
740 958 777 1021 iis
811 958 972 1040 attribuit,
1006 968 1043 1023 ut
1076 963 1110 1025 in

100 1082 202 1146 aquas
226 1063 362 1147 quisquc
385 1069 495 1146 partes
518 1060 615 1124 vellct
636 1060 904 1146 proficisceretur.
944 1062 1019 1147 Ipse
1043 1086 1109 1128 orn-

121 1164 215 1228 nibus
252 1163 349 1228 rebus
394 1164 634 1250 diligentissime
672 1167 851 1229 constitutis
888 1164 996 1229 liberis
1042 1170 1109 1231 suis

120 1270 222 1333 Lucio
254 1267 400 1350 Caesari,
439 1271 495 1354 qui
530 1277 599 1332 tum
636 1270 665 1331 01
699 1290 757 1353 pro
786 1277 957 1352 quaestore
989 1269 1107 1353 fuerat,

121 1372 353 1438 commendatis
385 1382 418 1438 ct
451 1373 519 1437 sine
553 1373 748 1458 suspicione,
786 1371 879 1436 vultu
911 1381 1008 1456 atque
1043 1395 1108 1438 ser·

119 1501 223 1560 mone,
248 1500 310 1563 quo
334 1479 498 1563 superiore
521 1485 666 1561 tempore
688 1496 765 1538 usus
788 1474 907 1555 fuerat,
938 1497 1012 1538 cum
1036 1475 1107 1540 dor·

120 1585 234 1646 mitum
261 1584 351 1663 isset,
386 1582 509 1645 ferrum
539 1583 622 1644 intro
653 1578 735 1644 clam
764 1580 797 1642 in
826 1577 1009 1642 cubiculum
1031 1579 1105 1644 tulit

97 1695 217 1770 ratque
246 1689 291 1750 ita
324 1709 358 1751 se
381 1687 516 1750 traiecit.
563 1686 627 1766 Qui
651 1683 730 1747 dum
752 1685 860 1746 anima
882 1682 1028 1747 nondum
1050 1705 1105 1747 ex-

119 1791 240 1872 spirata
279 1790 484 1869 concidisset,
520 1797 552 1851 ct
584 1791 708 1873 impetu
739 1787 825 1852 facto
859 1789 892 1851 in
921 1786 1107 1853 cubiculum

119 1912 161 1954 ex
183 1896 363 1978 suspicione
393 1892 537 1955 modicus
558 1890 796 1975 familiaresque
819 1893 983 1955 continere
1005 1902 1105 1978 atque

117 1995 234 2059 vulnus
257 1995 400 2081 obligare
423 1996 612 2078 coepissent,
636 1995 704 2078 ipsc
727 1996 792 2057 suis
814 1994 963 2058 manibus
986 1994 1104 2060 vulnus

117 2099 336 2166 crudelissime
360 2097 482 2163 divellit
504 2105 601 2182 atque
625 2099 731 2161 animo
754 2100 916 2182 praesenti
945 2120 979 2161 se
1006 2100 1103 2163 inter·

95 2206 201 2268 cernit.
249 2206 355 2286 Quem
377 2203 557 2284 Uticenses,
581 2223 778 2292 quamquam
802 2202 939 2266 oderant
961 2205 1103 2288 partium

115 2311 236 2393 gratia,
270 2317 379 2372 tamen
413 2316 544 2393 propter
573 2308 641 2371 eius
664 2305 860 2392 singularem
882 2309 1102 2391 integritatem

116 2421 148 2476 et
170 2411 257 2496 quod
280 2411 507 2476 dissimillimus
529 2410 726 2496 reliquorum
741 2409 862 2473 ducum
876 2410 983 2474 fuerat
998 2410 1097 2495 quod·

116 2536 178 2599 que
212 2516 342 2580 Uticam
376 2514 518 2579 mirificis
553 2512 703 2599 operibus
736 2514 897 2577 munierat
930 2522 1102 2599 turresque

92 2627 261 2700 sanxerat,
285 2618 450 2704 sepultura
465 2618 618 2682 afficiunt.
650 2618 723 2698 Quo
739 2616 906 2679 interfecto
923 2617 962 2680 L.
979 2614 1102 2682 Caesar

114 2721 234 2808 aliquid
257 2722 318 2788 sibi
341 2746 383 2787 ex
412 2745 451 2787 ea
472 2745 509 2786 re
532 2722 642 2786 auxilii
664 2729 754 2784 ratus
777 2729 953 2785 convocato
982 2721 1101 2806 populo

113 2829 260 2892 contione
284 2825 396 2892 habita
418 2825 604 2890 cohortatur
633 2844 743 2887 omnes
750 2871 760 2904 ,
794 2831 830 2886 ut
856 2832 968 2908 portae
997 2827 1100 2910 aperi-

112 2940 240 2995 rentur:
274 2952 308 2994 se
336 2931 370 2993 in
393 2927 428 2993 O.
452 2926 601 2992 Caesaris
629 2926 798 2990 clementia
825 2947 978 3010 magnam
1008 2949 1100 3013 spem

91 3032 242 3098 rhabere.
283 3034 398 3118 Itaque
420 3033 521 3117 portis
543 3029 713 3116 patefactis
728 3029 825 3093 Utica
848 3050 997 3114 egressus
1020 3028 1099 3094 an-

113 3139 177 3201 sari
200 3139 386 3223 imperatori
409 3134 539 3200 obviarn
555 3135 777 3220 proficiscitur.
801 3133 952 3216 Messala,
975 3143 1012 3198 ut
1027 3146 1100 3200 erat

111 3242 320 3326 imperatum,
354 3240 485 3306 Uticam
514 3239 663 3324 pervenit
686 3236 898 3323 omnibusque
922 3240 1022 3323 portis
1046 3261 1098 3303 cu-

112 3342 232 3408 stodias
255 3347 353 3430 ponit.

197 3447 247 3510 89.
293 3446 414 3512 Caesar
429 3447 558 3511 interim
569 3469 589 3510 a
600 3445 731 3531 Thapso
742 3466 932 3530 progressus
944 3444 1098 3510 Ussetam

90 3553 262 3636 pervenit,
309 3549 365 3618 ubi
399 3551 507 3638 Scipio
540 3570 696 3636 magnum
727 3549 881 3613 frumenti
914 3570 1096 3632 numerum,
