2376 3924
397 208 505 258 LIBER
524 209 555 265 Υ,
574 208 653 258 CAP.
672 212 748 260 5-8.
1005 211 1063 274 109

164 399 192 463 7.
217 398 294 481 Qua
310 423 347 464 re
363 402 501 483 cognita
515 399 655 483 Caesar,
672 402 762 488 quod
778 412 910 466 tantum
927 405 1062 468 civitati

73 503 218 568 Aeduae
236 503 416 587 dignitatis
432 503 616 587 tribuebat,
640 506 863 571 coercendum
887 519 989 592 atque
1008 507 1062 572 de·

74 606 282 691 terrendum,
290 606 556 695 quibuscumque
570 608 671 675 rebus
687 620 811 695 posset,
820 610 1064 694 Dumnorigem

75 709 267 796 statuebat3
283 711 374 797 quod
390 712 525 796 longius
549 713 621 776 eius
637 714 820 777 amentiam
836 713 994 798 progredi
1014 716 1086 776 vi·²

76 814 197 897 debat,
213 815 498 902 prospiciendum,
520 839 565 880 ne
583 816 664 903 quid
680 815 745 882 sibi
770 839 810 881 ac
835 819 882 881 rei
905 816 1063 902 publicae

75 941 198 984 nocere
220 927 346 1004 posset.
370 920 490 1006 Itaque
515 919 587 984 dies
610 920 748 985 circiter
771 939 843 983 xxv
869 923 900 985 in
927 942 965 984 eo
989 919 1086 984 loc0³

76 1032 313 1104 commoratus,
330 1021 420 1108 quod
432 1019 539 1088 Oorus
551 1033 674 1089 ventus
690 1026 946 1107 navigationem
962 1025 1064 1108 impe-

77 1125 204 1209 diebat,
228 1127 283 1210 qui
307 1145 466 1209 magnam
481 1135 612 1212 partem
636 1129 744 1192 omnis
767 1129 927 1212 temporis
953 1128 986 1191 in
1010 1126 1063 1190 his

76 1229 159 1294 locis
182 1229 265 1294 flare
288 1231 483 1312 consuevit,
518 1229 624 1295 dabat
654 1251 806 1316 operam,
832 1241 870 1294 ut
895 1232 928 1295 in
953 1230 1063 1294 officio

75 1332 319 1417 Dumnorigem
342 1334 544 1417 contineret,
566 1333 673 1398 nihilo
690 1344 803 1399 tamen
822 1334 931 1398 secius
951 1336 1063 1398 omnia

76 1439 146 1501 eius
167 1435 312 1502 consilia
334 1446 574 1521 cognosceret3
596 1437 736 1504 tandem
761 1437 917 1503 idoneam
940 1447 1085 1501 nactus⁴

77 1550 316 1625 tempestatem
323 1540 449 1606 milites
463 1543 660 1628 equitesque
669 1543 899 1607 conscendere
913 1544 946 1606 in
958 1564 1064 1606 naves

77 1644 180 1710 iubet.
204 1644 251 1710 At
274 1647 422 1711 omnium
445 1645 617 1731 impeditis
640 1649 763 1711 animis
779 1647 969 1711 Dumnorix
990 1658 1087 1710 cum⁵

76 1747 244 1834 equitibus
272 1747 466 1814 Aeduorum
500 1772 521 1813 a
554 1751 679 1816 castris
713 1751 881 1816 insciente
915 1747 1063 1813 Caesare

75 1853 210 1918 domum
233 1851 409 1918 discedere
430 1854 553 1938 coepit
587 1853 663 1934 Qua
686 1875 723 1918 re
751 1855 907 1918 nuntiata
930 1852 1079 1918 Caesare

75 1957 271 2020 intermissa
298 1956 507 2043 profectione
535 1965 638 2043 atque
661 1957 816 2023 omnibus
846 1957 946 2022 rebus
968 1967 1058 2042 post·

75 2060 197 2144 positis
213 2078 372 2143 magnam
387 2070 519 2145 partem
543 2063 714 2147 equitatus
738 2060 872 2126 adeum
891 2064 1065 2145 insequen-

76 2161 156 2226 dum
171 2162 279 2228 mittit
301 2162 497 2250 retrahique
519 2167 681 2250 imperat3
704 2166 733 2228 si
749 2166 818 2228 vim
835 2165 939 2227 faciat
957 2185 1085 2248 nequer

74 2275 206 2351 pareat,
235 2266 379 2331 interfici
409 2267 519 2353 iubet,
553 2266 640 2332 nihil
668 2266 757 2332 bunc
781 2290 817 2330 se
840 2265 982 2331 absente
1004 2287 1063 2350 pro

77 2391 159 2434 sano
183 2369 352 2436 facturum
375 2369 574 2454 arbitratus,
598 2373 654 2457 qui
676 2372 865 2457 praesentis
890 2371 1062 2455 imperium

76 2471 300 2557 neglexisset.
316 2472 378 2539 Ille
396 2476 463 2540 iam
481 2484 662 2540 revocatus
677 2476 838 2539 resistere
855 2494 894 2537 ac
912 2496 947 2536 sc
963 2495 1086 2541 manue

77 2574 259 2642 defendere
283 2599 485 2666 suorumque
507 2577 607 2644 fidem
631 2577 811 2664 implorare
829 2579 939 2660 coepit
964 2598 1064 2659 saepe

75 2680 257 2747 clamitans
280 2682 423 2748 liberum
439 2704 475 2747 se
497 2680 693 2766 liberaeque
717 2703 791 2745 esse
810 2681 973 2743 civitatis.
999 2676 1086 2755 nti„

75 2793 111 2850 ut
137 2793 211 2850 erat
240 2787 461 2872 imperatum,
494 2787 749 2852 circumsistunt
772 2784 937 2847 hominem
963 2795 1063 2867 atque

76 2889 302 2974 interficiunt3
325 2898 361 2956 at
385 2892 516 2977 equites
539 2888 651 2954 Aedui
674 2888 721 2953 ad
744 2886 923 2951 Caesarem
949 2908 1062 2949 ornnes

75 3003 303 3060 revertuntur.

160 3097 192 3162 8.
216 3097 281 3162 His
298 3096 400 3162 rebus
423 3099 531 3181 gestis
547 3094 703 3160 Labieno
727 3097 760 3158 in
777 3095 971 3157 continente
987 3113 1060 3153 curu

73 3200 185 3267 tribus
202 3198 394 3285 legionibus
418 3208 452 3265 et
468 3201 617 3285 equitum
632 3196 768 3263 milibus
787 3196 915 3261 duobus
932 3194 1061 3271 relicto,

73 3314 111 3370 ut
125 3314 245 3392 portus
267 3313 421 3370 tueretur
443 3314 478 3370 et
493 3326 563 3369 rem
586 3303 841 3368 frumentariam
859 3298 1062 3385 provideret,

74 3429 228 3495 quaeque
242 3409 278 3472 in
287 3405 402 3472 Gallia
418 3416 626 3491 gererentur,
638 3415 858 3489 cognosceret
870 3400 1058 3465 ‹aemilioru-

75 3534 138 3599 que
152 3533 213 3599 pro
230 3520 382 3597 tempore
397 3520 433 3577 et
446 3532 508 3597 pro
523 3532 561 3576 re
576 3519 724 3596 caperet,
741 3511 813 3594 ipse
828 3528 902 3571 curn
916 3504 1083 3589 quinque,
