2376 3924
315 211 317 215 ⁷
393 207 505 259 arena
521 207 570 272 tu,
589 208 665 260 ese,
678 211 754 261 s-s.
1000 211 1060 277 147

85 406 164 463 ante
193 395 302 463 lucem
330 399 365 463 in
395 407 491 465 tanta
520 401 773 486 propinquitate
802 409 991 466 castrorum
1015 400 1061 465 ad
1139 478 1141 482 Ι
1175 433 1179 440 ·

84 499 197 565 hostes
222 500 427 568 deferuntur.

169 603 199 669 8.
212 605 281 670 Vix
294 626 415 690 agmen
430 607 647 673 novissimum
661 618 758 674 extra
771 610 973 673 munitiones
985 631 1059 694 pro-

82 717 244 790 cesserat,
268 730 344 775 cum
364 706 456 774 Galli
473 710 641 776 cohortati
664 712 754 776 inter
770 733 816 795 se,
831 733 873 776 ne
889 721 1059 796 speratam

82 811 244 896 praedam
260 834 302 877 ex
323 812 478 878 manibus
496 813 721 895 dimitterent,
744 812 880 898 longum
896 836 971 879 esse
985 837 1059 901 per·

82 915 211 980 territis
227 914 388 982 Romanis
406 914 651 983 Germanorum
667 915 832 983 auxilium
849 928 1059 1004 exspectare,

83 1039 190 1103 neque
214 1041 310 1084 suam
331 1020 404 1104 pati
428 1018 641 1104 dignitatem,
670 1029 709 1086 ut
731 1022 837 1087 tantis
861 1023 965 1107 copiis
989 1031 1058 1087 tam

83 1124 241 1206 exiguam
257 1145 392 1189 manum
407 1126 608 1210 praesertim
626 1125 812 1209 fugientem
836 1133 936 1212 atque
960 1127 1058 1211 impe-

84 1224 189 1291 ditam
205 1220 333 1291 adoriri
343 1248 411 1292 non
423 1226 583 1311 audeant,
598 1227 719 1293 flumen
735 1230 882 1293 transire
899 1237 931 1293 et
944 1230 1058 1315 iniquo

82 1328 155 1394 loco
178 1320 387 1396 committere
408 1330 571 1416 proelium
594 1352 662 1396 non
685 1331 854 1397 dubitant.
878 1331 973 1413 Quae
988 1333 1080 1397 fores

83 1435 273 1521 suspicatus
284 1434 470 1519 Labienus,
486 1444 523 1501 ut
539 1456 653 1501 omnes
670 1437 757 1501 citra
773 1435 893 1500 flumen
911 1435 1059 1519 eliceret,

82 1535 200 1602 eadem
222 1560 304 1604 usus
327 1537 544 1604 simulatione
567 1537 699 1604 itineris
715 1536 850 1624 placide
865 1540 1058 1623 progredie-

80 1639 192 1706 batur.
215 1641 300 1707 Tum
322 1643 517 1729 praemissis
539 1641 676 1728 paulum
692 1640 940 1728 impedimentis
957 1652 1078 1728 atquea

82 1745 116 1807 in
139 1744 266 1811 tumulo
290 1745 436 1832 quodam
459 1742 829 1830 collocatis,‘habetis',
852 1743 1060 1832 inquit,‘mi·

81 1847 168 1932 lites,
193 1871 292 1935 quam
315 1851 458 1936 petistis,
488 1848 699 1915 facultatem:
733 1849 863 1914 hostem
898 1850 1057 1936 impedito

80 1961 182 2038 atque
205 1954 320 2040 iniquo
343 1953 418 2018 loco
441 1954 583 2038 tenetis3
605 1961 780 2039 praestate
796 1951 938 2018 eandem
959 1953 1082 2018 nobiss

81 2056 222 2123 ducibus
251 2058 421 2141 virtutem,
455 2080 554 2144 quam
590 2079 827 2143 saepenumero
862 2059 1057 2142 imperatori

79 2162 312 2246 praestitistis,
335 2172 436 2247 atque
460 2160 555 2228 illum
571 2161 692 2227 adesse
709 2170 743 2227 et
757 2160 842 2227 haec
858 2182 972 2226 coram
987 2184 1056 2226 cer-

79 2287 159 2331 nere
183 2264 398 2332 existimate?
433 2264 539 2331 Simul
563 2267 661 2349 signa
685 2265 731 2331 ad
753 2265 881 2330 hostem
905 2267 1078 2330 convertis

80 2370 254 2455 aciemque
279 2368 382 2455 dirigi
397 2369 491 2436 iubet
507 2377 541 2436 et
552 2372 672 2456 paucis
689 2371 808 2435 turmis
824 2367 995 2454 praesidio
1013 2368 1057 2431 ad

80 2473 320 2558 impedimenta
337 2473 485 2540 dimissis
499 2473 647 2559 reliquos
671 2475 799 2559 equites
812 2472 857 2538 ad
868 2472 977 2536 latera
992 2470 1057 2537 dis-

78 2577 184 2661 ponit.
200 2574 366 2643 Celeriter
376 2579 485 2643 nostri
495 2577 644 2642 clamore
657 2575 790 2642 sublato
806 2575 875 2661 pila
892 2577 925 2639 in
941 2573 1056 2640 hostes
1066 2596 1078 2631 o

79 2681 273 2747 immittunt.
296 2679 363 2764 Illi,
385 2680 444 2746 ubi
466 2689 603 2767 praeter
626 2702 717 2765 spem
741 2701 824 2765 quos
847 2677 963 2761 fugere
986 2701 1055 2743 cre·

80 2782 206 2850 debant
230 2783 363 2850 infestis
380 2784 488 2868 signis
512 2783 557 2849 ad
581 2807 617 2848 se
641 2785 690 2846 ire
705 2782 874 2865 viderunt,
899 2783 1055 2866 impetum

78 2887 177 2953 modo
210 2886 298 2954 ferre
330 2908 398 2954 non
431 2895 613 2975 potuerunt
635 2909 675 2951 ac
698 2887 804 2972 primo
833 2907 998 2950 concursu
1022 2889 1055 2950 in

77 2991 194 3075 fugam
209 2992 357 3058 coniecti
371 2992 544 3078 proximas
563 2990 667 3055 silvas
683 2992 864 3076 petierunt.
888 2989 979 3070 Quos
992 2989 1078 3054 Lar

76 3092 198 3160 bienus
221 3096 376 3180 equitatu
397 3103 613 3159 consectatus
637 3114 760 3177 magno
792 3114 930 3158 numero
954 3095 1055 3159 inter·

77 3198 177 3282 fecto,
200 3196 430 3285 compluribus
454 3198 564 3283 captis
588 3198 706 3280 paucis
729 3205 806 3283 post
830 3194 950 3260 diebus
974 3198 1055 3261 civi-

77 3311 185 3368 tatem
198 3302 338 3388 recepit
360 3300 448 3367 Nam
461 3297 634 3382 Germani,
650 3301 707 3385 qui
719 3298 848 3364 auxilio
860 3298 1055 3381 veniebant,

77 3413 238 3491 perceptu
252 3402 474 3469 Treverorum
496 3402 577 3487 fuga
601 3424 675 3467 sese
698 3401 831 3467 domum
847 3409 1054 3487 receperunt.

77 3505 163 3575 (lum
194 3506 249 3575 bis
281 3508 459 3595 propinqui
493 3506 726 3592 Indutiomari,
765 3508 822 3593 qui
856 3504 1077 3640 deserpioniss

911 3609 944 3658 to
