2376 3924
198 267 263 332 212
493 266 605 319 auur
624 265 880 319 lunxlunmm

174 459 390 545 eflammaque
406 469 679 524 consumerentur.
704 459 887 543 Marcellae,
909 481 984 525 cum
999 461 1180 550 confligere

193 565 409 627 miserrimum
432 572 571 649 putaret,
596 563 683 648 quod
706 573 739 628 et
761 565 893 629 victoris
915 573 948 628 et
969 566 1049 630 victi
1082 565 1180 632 detri-

193 676 338 731 mentum
366 667 409 732 ad
431 666 570 733 eundem
593 666 766 732 Caesarem
795 677 880 732 esset
901 666 1180 753 redundaturum,

192 792 298 855 neque
327 792 404 834 suae
432 772 599 855 potestatis
622 779 707 835 esset
720 817 833 835 ......
848 820 857 854 ,
881 770 1023 856 legiones
1046 772 1182 839 Baetim

171 870 333 938 atraducit
355 875 522 958 aciemque
545 875 683 938 iustruit.
708 872 790 938 Cum
806 872 954 938 Cassium
977 884 1098 941 contra
1122 900 1181 964 pro

192 980 257 1041 suis
282 979 395 1041 castris
420 979 523 1041 aciem
545 979 738 1041 instruxisse
761 977 830 1042 loco
852 980 1019 1063 superiore
1042 979 1179 1065 videret,

192 1102 290 1144 causa
320 1082 525 1167 interposita,
561 1079 647 1164 quod
675 1082 702 1144 is
732 1083 766 1144 in
789 1102 930 1166 aequum
952 1088 1018 1145 no'n
1042 1082 1179 1150 descen·

191 1183 292 1266 deret,
315 1183 489 1248 Marcellus
511 1183 665 1248 militibus
680 1183 863 1269 persuadet,
887 1194 924 1249 ut
938 1206 973 1249 se
988 1187 1181 1272 reciperent

170 1288 223 1350 rin
252 1297 367 1351 castra.
412 1288 528 1373 Itaque
550 1290 658 1373 copias
687 1287 844 1352 reducere
867 1291 980 1374 coepit.
1028 1289 1178 1375 Cassius,

193 1411 256 1474 quo
278 1390 363 1454 bono
391 1390 523 1456 valebat
550 1390 805 1476 Marcellumque
827 1390 992 1456 infirmum
1016 1414 1092 1458 esse
1120 1399 1177 1460 sci·

192 1494 278 1577 ebat,
313 1516 486 1580 aggressus
519 1497 666 1579 equitatu
698 1494 890 1580 legionarios
918 1516 953 1558 se
975 1497 1177 1581 recipientes

190 1597 371 1683 complures
409 1600 599 1662 novissimos
638 1600 672 1661 in
704 1597 845 1661 fluminis
881 1599 959 1683 ripis
996 1600 1175 1667 interfecit

170 1699 273 1765 sCum
289 1702 350 1765 hoc
365 1700 569 1784 detrimento,
586 1700 664 1786 quid
680 1703 833 1765 transitus
849 1700 989 1765 fluminis
1001 1702 1075 1767 vitii
1092 1704 1176 1769 diffi-

191 1804 383 1889 cultatisque
400 1804 545 1892 haberet,
567 1807 732 1890 cognitum
747 1814 841 1887 esset,
864 1804 1039 1869 Marcellus
1064 1819 1176 1874 castra

188 1908 316 1971 Baetim
331 1907 495 1991 transfert,
512 1907 691 1993 crebroque
706 1918 844 1993 uterque
859 1907 1000 1991 legiones
1015 1911 1049 1973 in
1068 1915 1176 1978 aciem

191 2009 313 2091 educit3
354 2031 460 2094 neque
493 2021 602 2076 tamen
636 2011 820 2096 confligitur
855 2022 987 2098 propter
1024 2013 1175 2082 locorum

189 2111 404 2177 difficultates.
1037 2131 1041 2135 ’

274 2216 324 2280 61.
359 2216 441 2280 Erat
463 2218 563 2302 copiis
586 2217 790 2303 pedestribus
812 2217 912 2283 multo
934 2217 1060 2285 firmior
1084 2223 1173 2289 Mar-

188 2320 302 2385 cellus:
336 2319 479 2385 habebat
512 2324 598 2386 enim
630 2332 803 2388 veteranas
837 2323 1009 2409 multisque
1038 2327 1173 2410 procliis

188 2434 341 2510 expertas
357 2423 508 2508 legiones.
553 2424 684 2491 Cassius
706 2426 783 2491 fidei
805 2429 909 2511 magis
932 2447 1032 2512 quam
1054 2430 1172 2496 virtuti

166 2527 348 2612 alegionum
386 2527 579 2593 confidebat.
624 2529 756 2614 Itaque,
795 2551 870 2593 cum
909 2538 1017 2594 castra
1051 2537 1172 2599 castris

188 2631 305 2696 collata
328 2642 450 2716 essent,
479 2640 511 2695 et
532 2630 706 2696 Marcellus
728 2630 835 2696 locum
858 2631 1012 2696 idoneum
1035 2635 1172 2701 castello

186 2738 332 2820 cepisset,
357 2759 420 2822 quo
444 2734 616 2822 prohibere
640 2756 726 2819 aqua
741 2733 914 2800 Cassianos
936 2746 1056 2820 posset,
1080 2738 1169 2805 Lon-

185 2841 281 2921 ginus
302 2842 444 2922 veritus,
468 2862 509 2903 ue
532 2860 651 2923 genere
675 2837 816 2923 quodam
839 2837 1013 2903 obsidionis
1035 2840 1170 2909 claude

185 2951 275 3004 retur
309 2944 341 3004 in
375 2941 560 3025 regionibus
591 2941 702 3005 alienis
736 2942 861 3027 sibique
890 2941 1030 3027 infestis,
1065 2958 1170 3015 noctu

185 3044 309 3108 silentio
354 3068 395 3108 ex
440 3048 554 3110 castris
591 3047 804 3130 proficiscitur
842 3045 1002 3132 celerique
1046 3048 1169 3117 itincre

184 3147 292 3212 Uliam
315 3148 489 3232 contendit,
514 3149 600 3235 quod
624 3150 684 3214 sibi
706 3149 801 3214 fidele
824 3172 894 3215 esse
918 3149 1076 3237 oppidum
1097 3174 1170 3220 crre-

161 3251 292 3317 cdebat.
316 3251 367 3316 lbi
382 3251 464 3316 adeo
488 3256 658 3318 coniuncta
681 3257 771 3340 ponit
793 3253 962 3318 moenibus
983 3263 1107 3343 cusu-s,
1127 3266 1171 3325 ut

183 3368 216 3422 11
243 3357 304 3422 loci
333 3368 450 3422 natura
480 3355 634 3443 (namque
657 3358 732 3422 Ulia
760 3361 793 3422 in
816 3358 902 3423 edito
924 3364 1035 3423 monte
1055 3380 1120 3447 pos

183 3459 245 3547 est)
275 3473 307 3527 et
335 3464 405 3548 ipsa
433 3463 609 3526 munitione
637 3462 727 3527 urbis
755 3461 900 3547 undique
927 3460 970 3527 ab
988 3460 1068 3551 ἄμμ

162 3569 271 3631 itione
307 3576 397 3632 tutus
435 3576 528 3632 esset.
572 3566 671 3632 Hunc
703 3565 877 3647 Marcellus
913 3566 1044 3653 insequi
