2376 3924
404 252 454 302 ΑΒ
474 251 573 304 cius.
590 238 694 306 nant.
714 256 782 308 c1v.
1053 264 1078 313 v

97 440 196 504 igitur,
224 446 254 488 ut
271 439 353 490 Fabii
371 456 469 491 nomen
489 457 522 491 ex
540 443 693 508 corruptela
711 445 828 509 quadam
846 449 990 499 verborum
1009 449 1076 501 Cae·

99 526 169 575 saris
188 532 297 574 enatum
317 541 376 576 esse
395 527 588 578 existimemus.
616 531 640 578 si
659 532 732 580 enim
750 533 839 596 ipsum
857 532 920 583 libri
938 536 1077 586 exordium

98 610 226 660 interisse
244 611 366 673 iacimus,
385 613 414 662 in
433 628 485 677 quo
504 613 538 664 de
557 613 675 665 Curione
695 617 728 666 ab
749 615 865 668 Caesare
884 619 996 671 Romam
1016 639 1077 673 cnm

97 695 199 746 litteris
218 699 330 748 remisso
349 699 480 748 monitum
499 706 570 763 erat,
597 704 717 752 narratio
741 704 796 752 iam
819 704 848 752 in
872 703 943 755 hunc
968 707 1077 758 modum

97 783 254 833 continuari
265 784 366 848 potuit:
385 782 505 836 Litteris
525 785 565 838 ab
584 801 618 838 eo
636 786 797 841 censalibus
815 789 946 841 redditis.
965 792 1076 856 perditis

97 870 220 934 proxime
240 871 463 921 antecedentibus
476 872 567 921 verbis
585 874 639 922 iam
657 871 716 923 fieri
734 875 865 938 nequivit,
883 878 947 941 quin
961 877 1076 928 voculae

98 954 135 1006 ab
158 970 188 1007 eo
211 956 390 1007 maximarum
413 957 553 1007 turbarum
577 973 670 1007 ansam
694 957 797 1008 darent.
827 959 971 1026 adscripsit
995 964 1075 1023 enim,

97 1043 147 1108 qui
173 1060 222 1108 per
248 1042 283 1095 ab
307 1058 337 1095 eo
364 1061 418 1094 non
447 1046 501 1094 nisi
521 1044 666 1096 Caesarem
690 1046 838 1112 significari
860 1063 938 1113 posse
957 1048 1076 1111 videbat,

98 1126 262 1180 Caesaris
281 1146 379 1180 nomen
396 1132 426 1180 in
441 1133 563 1197 margine
576 1131 621 1182 vel
634 1147 715 1198 super
726 1148 843 1195 versum,
862 1149 912 1184 nec
926 1133 1076 1196 defuerunt,

97 1216 146 1280 qui
169 1214 220 1265 hoc
247 1218 516 1282 interpretamentum
539 1220 611 1268 inter
634 1219 695 1283 ipsa
713 1225 854 1268 contextus
871 1221 955 1270 verba
974 1221 1076 1287 recipe·

96 1308 167 1352 rent.
185 1310 213 1352 at
232 1319 294 1352 cum
311 1304 366 1352 iam
384 1302 522 1368 legeretur
539 1301 661 1354 Litteris
680 1301 715 1354 ab
734 1317 764 1354 eo
777 1300 897 1356 Caesare
915 1304 1075 1357 cortsatibas

97 1387 222 1440 redditis
247 1405 395 1454 pronomen
418 1389 660 1438 demonstrativum
683 1405 738 1439 non
762 1389 879 1454 amplius
899 1391 1011 1441 tolerari
1030 1409 1075 1457 po·

97 1474 164 1536 tuit,
192 1482 219 1524 et
237 1491 299 1524 cum
317 1473 420 1524 homini
438 1474 546 1523 cuidam
564 1474 715 1524 subtilioris
738 1475 843 1539 ingenii
866 1474 973 1525 litterae
992 1475 1027 1527 ab
1045 1491 1075 1528 eo

97 1559 231 1624 reliquiae
250 1560 392 1625 depravati
410 1560 526 1610 alicuius
544 1562 661 1610 nominis
679 1561 844 1619 viderentur,
864 1577 897 1611 ex
915 1561 981 1614 abeo
1000 1562 1076 1612 effin-

97 1646 138 1694 xit
156 1660 174 1696 a
191 1644 292 1698 Fabio.
309 1646 374 1696 inde
387 1651 446 1696 orta
459 1653 501 1695 est
518 1646 609 1706 lectio,
628 1661 709 1711 quam
722 1647 806 1696 codex
818 1646 961 1698 Leidensis
974 1651 1076 1713 primus

97 1733 230 1783 servarit:
256 1731 385 1784 Litterae
409 1747 428 1782 a
448 1730 560 1784 Fabio
579 1730 731 1784 Caesare
749 1747 770 1784 e.
789 1747 812 1798 q.
831 1747 853 1784 s.
884 1740 913 1782 at
935 1750 997 1783 oum
1020 1751 1075 1784 non

98 1817 210 1868 haberet
228 1818 366 1869 ablativus
383 1817 432 1867 ille
452 1815 571 1873 Caesare
594 1818 666 1867 unde
688 1817 864 1883 dependeret,
892 1819 1075 1871 additamento

98 1902 215 1968 quodam
232 1903 386 1953 fulciendus
405 1910 476 1965 erat,
497 1903 579 1968 idque
598 1904 651 1953 sibi
669 1903 791 1954 effecisse
810 1903 882 1954 haud
900 1904 982 1955 dubie
1000 1908 1075 1956 visus

96 1997 146 2052 est,
165 1990 212 2055 qui
229 1991 332 2054 primus
349 2003 426 2056 eant,
451 1989 522 2054 quod
540 1991 569 2038 in
589 1989 694 2055 aliquot
712 1989 789 2038 libris
810 1996 873 2040 ante
892 1988 1013 2044 Caesare
1031 2009 1076 2041 ex·

96 2081 164 2136 stat,
194 2078 323 2142 reposuit.
360 2076 409 2126 sed
436 2077 521 2126 verba
548 2076 640 2142 qualia
667 2079 721 2126 iam
749 2076 882 2126 sonabant
908 2075 1030 2129 Litteris
1057 2093 1075 2129 a

96 2161 208 2215 Fabio
231 2177 304 2214 eant
323 2160 474 2214 Caesare
497 2161 660 2214 eortsaiibas
682 2161 806 2214 redditis
830 2163 939 2228 placere
957 2180 1011 2214 non
1028 2181 1076 2229 po-

95 2249 191 2309 tuisse,
215 2247 288 2296 baud
306 2250 402 2297 mirum
422 2254 476 2310 est3
503 2249 594 2311 itaque
614 2244 734 2298 Caesare
752 2249 781 2295 in
800 2245 940 2313 Caesaris,
963 2264 1075 2314 praepo-

97 2335 226 2384 sitionem
240 2339 331 2383 autem
349 2349 412 2385 aaut
430 2334 458 2382 in
472 2331 501 2399 C,
519 2334 618 2399 siglam
631 2331 684 2383 Gai
694 2334 878 2399 praenominis
891 2335 1074 2384 immutarunt.

96 2420 167 2470 haec
184 2419 319 2469 recentior
336 2419 482 2470 verborum
499 2418 640 2470 adornatio
654 2417 695 2485 (C.
709 2416 852 2485 Caesaris)
865 2435 927 2468 cum
946 2434 986 2481 ea,
1005 2436 1075 2485 quae

97 2511 180 2556 antea
196 2505 322 2571 placebat
340 2505 414 2573 (cara
432 2503 572 2572 Caesare),
590 2507 686 2555 mirum
706 2507 735 2554 in
754 2504 862 2554 modum
881 2505 983 2556 coaluit
1001 2509 1075 2556 etin

95 2590 190 2643 codice
209 2592 326 2642 Vindob.
344 2609 393 2658 pr,
410 2594 440 2642 in
458 2608 511 2657 quo
529 2592 641 2658 legitur:
661 2590 783 2645 Litteris
801 2607 820 2642 a
837 2588 930 2644 Fabio
949 2590 978 2644 O.
997 2590 1074 2645 Cae-

95 2692 178 2730 sare
196 2693 218 2730 e.
236 2694 259 2744 q.
278 2693 300 2730 s.
320 2687 346 2730 et
364 2681 392 2729 in
412 2679 505 2730 codice
521 2680 607 2731 Paris.
627 2679 756 2741 secundo,
775 2681 822 2745 qui
839 2679 935 2730 habet:
952 2678 1074 2731 Litteris

95 2779 115 2816 a
133 2762 225 2816 Fabio
244 2780 316 2817 caat
337 2765 506 2820 Caesaris
524 2781 546 2818 e.
565 2781 589 2831 q.
607 2780 630 2818 s.
648 2767 702 2815 iam
720 2773 868 2831 supererat,
887 2773 917 2815 ut
932 2766 1018 2816 verba
1034 2772 1075 2816 tot

95 2851 255 2901 discrimina
283 2868 365 2916 passa
394 2854 475 2904 etiam
502 2855 531 2902 in
558 2868 620 2902 eum
648 2851 758 2901 modum
784 2851 998 2916 collocarentur,
1028 2855 1075 2918 qui

95 2936 262 2987 novissimae
281 2953 374 2988 eorum
393 2938 565 2990 adornationi
589 2944 668 3002 aptus
692 2942 777 2997 esset;
804 2944 968 3004 quapropter
992 2945 1074 3006 scrip-

96 3029 155 3073 tum
173 3031 215 3073 est
232 3025 261 3072 in
278 3022 356 3074 libris
375 3023 485 3075 infimae
504 3031 583 3074 notae
602 3022 724 3075 Litteris
743 3020 772 3075 C.
793 3022 926 3076 Caesaris
945 3040 964 3075 a
981 3023 1073 3076 Fabio

96 3107 259 3162 causalibus
277 3108 411 3162 redditis.
440 3115 523 3160 totam
542 3110 626 3174 igitur
643 3108 716 3159 hanc
734 3108 958 3174 depravationum
976 3113 1074 3161 seriem

96 3197 268 3260 apertissima
280 3196 325 3244 via
342 3211 375 3245 ex
393 3197 522 3260 primaria
539 3195 588 3245 illa
607 3196 740 3261 scriptura
757 3193 878 3247 Litteris
897 3195 937 3248 ab
955 3210 991 3248 eo
1010 3211 1084 3248 aaa·

95 3278 206 3334 salitas
229 3279 352 3333 redditis
374 3288 497 3348 repetere
520 3282 598 3341 licet;
626 3296 707 3348 quam
726 3282 750 3330 si
767 3298 815 3347 pro
833 3297 899 3331 vera
917 3283 1074 3347 accipimus,

95 3367 179 3418 etiam
196 3366 256 3418 fieri
273 3369 369 3434 nequit
386 3369 452 3434 quin
472 3369 685 3419 enuntiationem
703 3369 880 3434 praemissam
894 3368 976 3417 fuisse
989 3368 1073 3418 facia

95 3469 156 3503 mus
174 3470 273 3505 nomen
290 3454 361 3505 illud
379 3454 533 3519 etquidem
552 3454 678 3505 Caesaris
697 3456 894 3516 continentem,
923 3455 996 3519 quod
1013 3471 1073 3520 pro-

95 3540 206 3591 nomine
231 3540 257 3593 is
284 3543 339 3590 iam
362 3546 535 3592 monstratur.
565 3543 657 3607 itaque
681 3543 763 3592 etiam
781 3540 832 3590 hac
850 3542 896 3592 via
918 3541 991 3590 idem
1010 3557 1072 3591 con-
