2376 3924
149 285 213 351 273
504 282 614 334 1111111
630 281 803 333 summm

151 492 210 537 xri
227 474 314 538 milia
329 483 423 539 nocte
439 495 628 558 progressus
644 472 686 537 ad
702 473 879 558 Thapsum,
896 473 952 537 ubi
965 473 1130 559 Vergilius

151 601 225 642 cum
240 577 356 662 grandi
372 576 533 662 praesidio
548 584 709 663 praeerat,
733 584 841 640 castra
855 577 946 663 ponit
961 575 1129 662 oppidum·

151 705 214 768 que
237 704 274 746 eo
297 681 349 746 die
373 683 621 745 circummunire
645 681 750 764 coepit
777 679 912 763 locaque
934 679 1052 743 idonea
1076 702 1130 766 op·

150 795 354 872 portunaque
377 785 542 871 complura
565 783 732 870 praesidiis
756 806 924 868 occupare,
954 783 1130 850 hostesne

129 893 272 954 ³int1are
296 889 337 953 ad
361 911 395 952 se
418 912 456 953 ac
472 888 541 953 loca
556 890 710 952 interiora
724 910 841 973 capere
857 898 996 973 possent.
1021 888 1129 974 Scipio

151 997 280 1059 interim
314 994 449 1077 cognitis
472 991 620 1056 Caesaris
654 991 792 1056 consiliis
825 991 868 1055 ad
902 993 1131 1058 necessitatem

151 1096 311 1160 adductus
334 1097 518 1179 dimicandi,
547 1120 588 1162 ne
612 1120 670 1182 per
693 1119 854 1161 summum
877 1096 1019 1161 dedecus
1042 1097 1129 1164 fidis·

151 1203 247 1264 simos
270 1203 336 1264 suis
358 1200 456 1265 rebus
473 1200 688 1286 Thapsitanos
704 1209 737 1264 et
752 1200 931 1284 Vergilium
955 1202 1128 1286 amitteret,

82 1329 84 1332 ’
152 1305 320 1368 confestim
343 1304 516 1369 Caesarem
551 1327 609 1390 per
643 1305 809 1389 superiora
839 1303 908 1368 loca
937 1313 1129 1370 consecutus

151 1409 238 1472 milia
260 1430 414 1494 passuum
436 1427 502 1472 vin
526 1432 545 1472 a
567 1409 699 1492 Thapso
728 1406 812 1472 binis
835 1409 948 1472 castris
972 1407 1128 1473 consedit.

237 1511 288 1575 80.
311 1512 393 1576 Erat
415 1521 566 1596 stagnum
580 1512 764 1592 salinarum,
788 1514 872 1576 inter
888 1512 974 1597 quod
990 1522 1023 1577 et
1037 1536 1129 1578 mare

152 1617 320 1699 angustiae
355 1616 517 1701 quaedam
545 1639 609 1680 non
640 1615 776 1701 amplius
805 1615 890 1679 mille
913 1625 946 1680 et
969 1634 991 1678 11
1014 1639 1130 1702 passus

152 1721 348 1802 intererant;
379 1741 459 1804 quas
483 1720 589 1805 Scipio
612 1722 733 1783 intrare
756 1729 788 1783 et
810 1719 1016 1804 Thapsitanis
1040 1724 1130 1785 auxi·

130 1821 229 1886 alium
253 1823 338 1888 ferre
361 1823 549 1887 conabatur.
580 1822 676 1904 Quod
699 1823 844 1886 futurum
867 1821 1041 1887 Caesarem
1064 1848 1130 1890 non

153 1925 319 1990 fefellerat.
345 1927 495 2012 Namque
518 1927 622 2012 pridie
644 1929 677 1990 in
700 1948 737 1990 eo
761 1925 829 1990 loco
853 1926 982 1991 castello
1005 1931 1130 1993 munito

153 2029 262 2114 ibique
285 2048 326 2093 111
350 2080 356 2093 .
382 2081 388 2094 .
414 2081 420 2092 .
447 2080 452 2092 .
478 2030 638 2114 praesidio
662 2029 773 2094 relicto
803 2033 871 2116 ipse
895 2053 969 2095 cum
997 2030 1130 2116 reliquis

154 2135 252 2217 copiis
281 2133 398 2197 lunatis
428 2135 541 2197 castris
564 2133 731 2219 Thapsum
760 2132 911 2219 operibus
940 2137 1130 2200 circummu-

130 2238 242 2303 suivit.
289 2238 395 2323 Scipio
430 2239 559 2302 interim
594 2238 744 2302 exclusus
778 2237 819 2302 ab
853 2240 980 2323 incepto
1015 2239 1130 2305 itinere

153 2363 251 2426 supra
280 2351 431 2427 stagnum
460 2352 587 2428 postero
612 2343 663 2407 die
687 2352 720 2407 et
741 2352 835 2406 nocte
864 2343 1009 2407 confecto
1038 2344 1128 2409 caelo

152 2444 280 2509 albente
303 2470 367 2511 non
390 2447 484 2532 longe
501 2470 520 2510 a
536 2449 649 2511 castris
664 2446 899 2533 praesidioque,
923 2445 1010 2531 quod
1031 2468 1131 2533 supra

154 2555 411 2634 commemoravi,
435 2551 520 2615 mille
543 2550 691 2636 passibus
715 2551 757 2615 ad
779 2573 868 2615 marc
891 2572 1005 2614 versus
1021 2574 1132 2616 conse-

132 2652 202 2718 adit
224 2662 257 2717 et
279 2665 386 2720 castra
407 2657 533 2720 munire
557 2656 670 2739 eoepit.
696 2653 792 2735 Quod
809 2663 980 2739 postquam
996 2652 1130 2721 Caesari

155 2761 339 2823 nuntiatum
354 2768 411 2839 est,
435 2758 534 2823 milite
558 2756 599 2821 ab
624 2779 720 2842 opere
737 2756 885 2839 deducto,
910 2760 1024 2823 castris
1039 2782 1130 2844 praef

155 2861 234 2924 sidio
257 2861 441 2947 Asprenate
476 2861 664 2948 proconsule
693 2883 767 2925 cum
800 2859 978 2944 legionibus
1002 2862 1131 2928 duabus

153 2964 274 3045 relict0‚
298 2967 366 3049 ipse
382 2987 455 3029 cum
471 2965 623 3050 expedita
639 2967 731 3050 copia
746 2967 779 3028 in
795 2987 869 3029 eum
888 2965 992 3031 locum
1008 2969 1131 3033 citatim

133 3067 328 3147 scoutendit‚
353 3067 527 3154 classisque
550 3079 642 3154 parte
665 3069 708 3134 ad
731 3069 897 3154 Thapsum
926 3070 1037 3136 relicta
1061 3074 1131 3139 reli·

154 3194 234 3257 quas
257 3193 357 3234 naves
380 3169 469 3235 iubet
491 3181 563 3256 post
576 3172 716 3237 hostium
731 3182 859 3256 tergum
875 3196 972 3257 quam
987 3181 1130 3244 maxime

155 3276 197 3340 ad
231 3276 305 3340 litus
339 3274 455 3360 appelli
490 3275 681 3361 signumque
717 3298 811 3340 suum
845 3275 1030 3361 observare,
1066 3303 1130 3366 quo

157 3382 247 3465 signo
271 3379 346 3444 dato
371 3378 476 3444 subito
500 3378 640 3443 clamore
663 3380 748 3444 facto
771 3403 814 3444 ex
838 3382 1010 3466 improviso
1034 3384 1130 3450 hosti·

154 3483 216 3548 bus
250 3484 373 3548 aversis
406 3485 588 3547 incuterent
621 3491 789 3562 terrorem,
823 3493 859 3548 ut
888 3485 1068 3570 perturbati
1092 3513 1131 3554 ac

131 3591 310 3671 perterriti
334 3591 501 3678 respicere
525 3595 599 3678 post
621 3595 715 3674 terga
737 3597 938 3673 cogerentur.
