2376 3924
401 212 512 263 11111
530 213 576 277 vr,
596 212 673 265 111.
691 213 801 265 11-11.
1016 214 1076 278 159

96 402 246 468 infirmas
269 399 409 466 arbores
432 400 580 487 pondere
603 401 758 486 affligunt
774 411 876 489 atque
891 425 959 468 una
981 405 1075 491 ipsae

96 504 289 571 concidunt.

199 609 250 675 28.
274 609 426 675 Tertium
448 618 500 674 est
523 630 631 694 genus
656 631 779 692 eorum,
803 611 860 695 qui
884 613 938 676 uri
961 611 1074 697 appel·

96 711 220 783 lantur.
244 713 290 777 Hi
308 722 386 778 sunt
401 712 635 797 magnitudine
650 713 750 799 paulo
767 714 856 779 infra
868 714 1096 801 elephantos,s
1144 788 1166 801 ,-

97 819 208 902 specie
231 826 264 882 11
288 817 401 882 111111
425 826 458 882 11
480 818 589 901 figura
612 820 713 883 tauri.
736 818 863 902 Magna
885 821 938 884 vis
962 842 1076 887 eorum

97 929 147 984 est
171 929 203 985 et
228 941 352 1005 magna
376 921 553 1005 velocitas,
576 944 684 1008 neque
707 921 833 986 homini
849 944 957 1008 neque
972 926 1075 1009 ferae,

98 1045 197 1108 quam
221 1034 480 1111 conspexerunt,
508 1036 661 1111 parcunt.
699 1026 770 1090 Hos
796 1027 945 1092 studiose
967 1029 1096 1096 foveiss

96 1137 214 1214 captos
238 1128 456 1195 interficiunt.
501 1129 576 1193 Hoc
601 1152 636 1193 se
660 1128 776 1195 labore
807 1130 931 1196 durant
960 1133 1075 1198 adule-

97 1241 230 1298 scentes
254 1244 355 1320 atque
378 1234 442 1298 hoc
467 1254 591 1318 genere
613 1235 806 1298 venationis
837 1246 1006 1319 exercent,
1042 1246 1074 1302 et

96 1338 152 1421 qui
174 1335 336 1422 plurimos
361 1361 404 1404 ex
428 1337 480 1402 his
503 1337 758 1421 interfecerunt,
782 1338 899 1403 relatis
916 1341 951 1404 in
966 1340 1074 1426 publi·

96 1460 173 1504 cum
188 1441 358 1526 cornibus,
382 1464 468 1528 quae
485 1443 553 1506 sint
569 1443 773 1526 testimonio,
789 1463 948 1526 magnam
963 1445 1074 1509 ferunt

96 1542 242 1610 laudem.
266 1543 334 1610 Sed
357 1566 554 1611 assuescere
577 1545 622 1610 ad
645 1544 796 1610 homines
813 1555 847 1610 et
862 1548 1096 1614 mansuetioris

96 1670 138 1712 11
160 1647 292 1735 parvuli
316 1648 450 1735 quidem
467 1650 602 1734 excepti
618 1658 770 1735 possunt.
794 1648 989 1735 Amplitudo
1006 1675 1096 1717 cor-s

96 1774 199 1817 nuum
214 1761 247 1818 et
264 1753 374 1837 figura
390 1762 423 1818 et
439 1755 569 1839 species
585 1751 727 1818 multum
740 1775 761 1819 a
772 1761 964 1819 nostrorum
975 1754 1076 1821 boum

96 1854 253 1923 cornibus
278 1857 399 1923 differt.
422 1857 517 1922 Haec
534 1856 685 1923 studiose
700 1858 891 1942 conquisita
908 1857 951 1923 ab
968 1857 1095 1925 labriss

41 2024 44 2031 ,
97 1969 238 2044 argento
260 1960 529 2027 circumcludunt
553 1969 655 2047 atque
678 1962 713 2025 in
736 1960 952 2046 amplissimis
969 1963 1073 2048 epulis

95 2085 155 2148 pro
178 2064 307 2150 poculis
330 2074 480 2131 utuntur.

199 2167 251 2234 29.
274 2166 412 2253 Caesar,
435 2178 615 2255 postquam
637 2191 697 2254 per
712 2167 819 2235 Ubios
843 2169 1074 2255 exploratores

97 2273 257 2357 comperit
285 2271 415 2339 Suebos
439 2275 569 2339 111111
595 2273 700 2339 silvas
723 2274 903 2359 recepisse,
928 2276 1074 2361 inopiam

96 2374 254 2441 frumenti
278 2378 418 2460 veritus,
447 2376 548 2463 quod,
570 2386 607 2442 ut
632 2397 736 2462 supra
760 2375 1074 2462 demonstravimus,

96 2479 230 2545 minime
252 2502 366 2546 omnes
391 2478 552 2546 Germani
576 2479 809 2564 agriculturae
825 2480 973 2565 student,
996 2504 1074 2547 con·

98 2583 208 2647 stituit
223 2605 290 2649 non
305 2584 464 2671 progredi
478 2581 630 2668 longius,
654 2583 725 2668 sed,
740 2606 783 2648 ne
800 2585 933 2649 omnino
949 2595 1096 2651 metums

97 2685 227 2752 reditus
245 2689 296 2753 sui
311 2686 469 2755 barbaris
491 2687 628 2754 tolleret
643 2697 745 2774 atque
761 2696 798 2752 ut
816 2710 927 2753 eorum
944 2690 1074 2755 auxilia

96 2789 260 2874 tardaret,
283 2792 423 2858 reducto
447 2794 601 2858 exercitu
622 2801 754 2879 partem
776 2791 929 2858 ultimam
951 2796 1074 2880 pontis,

96 2914 183 2979 quae
205 2895 298 2981 ripas
321 2894 485 2963 Ubiorum
508 2894 741 2980 contingebat,
769 2896 805 2959 in
827 2894 1073 2979 longitudinem

95 2996 218 3082 pedum
231 2997 451 3065 ducentorum
466 2998 631 3066 rescindit
648 3009 749 3085 atque
762 3001 797 3064 in
810 3009 960 3066 extremo
972 3010 1096 3088 pontes

94 3104 216 3168 turrim
237 3101 468 3169 tabulatorum
482 3112 644 3191 quattuor
659 3105 836 3169 constituit
852 3105 1074 3189 praesidium·

95 3228 159 3292 que
182 3205 370 3274 cohortium
394 3207 571 3273 duodecim
592 3208 705 3294 pontis
727 3207 844 3273 tuendi
860 3230 965 3273 causa
980 3212 1074 3296 ponit

94 3311 294 3398 magnisque
317 3334 391 3378 eum
414 3312 526 3377 locum
540 3310 784 3378 munitionibus
799 3312 922 3378 firmat.
944 3312 986 3376 Ei
999 3312 1073 3378 loco

94 3415 332 3503 praesidioque
345 3414 669 3482 GaiumVolcatium
675 3415 809 3480 Tullum
822 3414 1074 3481 adulescentem

94 3517 269 3603 praefecit.
280 3520 369 3607 Ipse,
378 3541 454 3586 cum
466 3519 1096 3606 1111111111111111111111111111114
