<?xml version="1.0" encoding="UTF-8"?>
<!DOCTYPE html PUBLIC "-//W3C//DTD XHTML 1.0 Transitional//EN"
    "http://www.w3.org/TR/xhtml1/DTD/xhtml1-transitional.dtd">
<html xmlns="http://www.w3.org/1999/xhtml" xml:lang="en" lang="en">
 <head>
  <title>
</title>
<meta http-equiv="Content-Type" content="text/html;charset=utf-8" />
  <meta name='ocr-system' content='tesseract 3.04.00' />
  <meta name='ocr-capabilities' content='ocr_page ocr_carea ocr_par ocr_line ocrx_word'/>
</head>
<body>
  <div class='ocr_page' id='page_1' title='image "./ciuliicaesarisc00hoffgoog/ciuliicaesarisc00hoffgoog_0010.png"; bbox 0 0 2376 3924; ppageno 0'>
   <div class='ocr_carea' id='block_1_1' title="bbox 73 947 1098 3546">
    <p class='ocr_par' dir='ltr' id='par_1_1' title="bbox 73 947 1098 3546">
     <span class='ocr_line' id='line_1_1' title="bbox 198 947 1072 1065; baseline 0.008 -22"><span class='ocrx_word' id='word_1_1' title='bbox 198 947 285 1044; x_wconf 82' lang='lat' dir='ltr'><strong>Plus</strong></span> <span class='ocrx_word' id='word_1_2' title='bbox 308 1000 407 1065; x_wconf 90' lang='lat' dir='ltr'><strong>quam</strong></span> <span class='ocrx_word' id='word_1_3' title='bbox 429 981 572 1063; x_wconf 85' lang='lat' dir='ltr'><strong>triginta</strong></span> <span class='ocrx_word' id='word_1_4' title='bbox 596 981 694 1045; x_wconf 88' lang='lat' dir='ltr'><strong>annis</strong></span> <span class='ocrx_word' id='word_1_5' title='bbox 715 982 845 1045; x_wconf 85' lang='lat' dir='ltr'><strong>exactis</strong></span> <span class='ocrx_word' id='word_1_6' title='bbox 863 994 937 1049; x_wconf 82' lang='lat' dir='ltr'><strong>eum</strong></span> <span class='ocrx_word' id='word_1_7' title='bbox 953 983 1072 1050; x_wconf 89' lang='lat' dir='ltr'><strong>biblio-</strong></span> 
     </span>
     <span class='ocr_line' id='line_1_2' title="bbox 95 1081 1068 1168; baseline 0.006 -22"><span class='ocrx_word' id='word_1_8' title='bbox 95 1081 193 1168; x_wconf 81' lang='lat' dir='ltr'>polae</span> <span class='ocrx_word' id='word_1_9' title='bbox 216 1092 338 1166; x_wconf 84' lang='lat' dir='ltr'><strong>rogatu</strong></span> <span class='ocrx_word' id='word_1_10' title='bbox 361 1082 406 1147; x_wconf 93' lang='lat' dir='ltr'><strong>ad</strong></span> <span class='ocrx_word' id='word_1_11' title='bbox 421 1082 714 1166; x_wconf 86' lang='lat' dir='ltr'><strong>recognoscendos</strong></span> <span class='ocrx_word' id='word_1_12' title='bbox 730 1081 890 1150; x_wconf 73' lang='lat' dir='ltr'><strong>Caesaris</strong></span> <span class='ocrx_word' id='word_1_13' title='bbox 907 1102 1068 1152; x_wconf 89' lang='lat' dir='ltr'><strong>commen·</strong></span> 
     </span>
     <span class='ocr_line' id='line_1_3' title="bbox 96 1185 1074 1274; baseline 0.004 -24"><span class='ocrx_word' id='word_1_14' title='bbox 96 1188 201 1251; x_wconf 76' lang='lat' dir='ltr'><strong>turios</strong></span> <span class='ocrx_word' id='word_1_15' title='bbox 231 1197 426 1268; x_wconf 82' lang='lat' dir='ltr'><strong>revocarer,</strong></span> <span class='ocrx_word' id='word_1_16' title='bbox 460 1199 512 1250; x_wconf 76' lang='lat' dir='ltr'><strong>nie</strong></span> <span class='ocrx_word' id='word_1_17' title='bbox 535 1204 602 1250; x_wconf 90' lang='lat' dir='ltr'><strong>non</strong></span> <span class='ocrx_word' id='word_1_18' title='bbox 628 1185 746 1250; x_wconf 89' lang='lat' dir='ltr'><strong>eadcm</strong></span> <span class='ocrx_word' id='word_1_19' title='bbox 770 1187 893 1274; x_wconf 90' lang='lat' dir='ltr'><strong>ubique</strong></span> <span class='ocrx_word' id='word_1_20' title='bbox 916 1191 1074 1274; x_wconf 82' lang='lat' dir='ltr'><strong>vestigia,</strong></span> 
     </span>
     <span class='ocr_line' id='line_1_4' title="bbox 73 1290 1073 1376; baseline 0.003 -22"><span class='ocrx_word' id='word_1_21' title='bbox 73 1290 215 1376; x_wconf 60' lang='lat' dir='ltr'><strong>⁴quibus</strong></span> <span class='ocrx_word' id='word_1_22' title='bbox 239 1301 341 1355; x_wconf 76' lang='lat' dir='ltr'><strong>antea</strong></span> <span class='ocrx_word' id='word_1_23' title='bbox 366 1291 567 1372; x_wconf 72' lang='lat' dir='ltr'><strong>institeram,</strong></span> <span class='ocrx_word' id='word_1_24' title='bbox 596 1307 733 1355; x_wconf 86' lang='lat' dir='ltr'><strong>servare</strong></span> <span class='ocrx_word' id='word_1_25' title='bbox 755 1293 916 1376; x_wconf 85' lang='lat' dir='ltr'><strong>potuisse,</strong></span> <span class='ocrx_word' id='word_1_26' title='bbox 940 1295 999 1357; x_wconf 88' lang='lat' dir='ltr'><strong>vix</strong></span> <span class='ocrx_word' id='word_1_27' title='bbox 1023 1303 1073 1357; x_wconf 82' lang='lat' dir='ltr'><strong>est</strong></span> 
     </span>
     <span class='ocr_line' id='line_1_5' title="bbox 96 1393 1074 1482; baseline 0.003 -24"><span class='ocrx_word' id='word_1_28' title='bbox 96 1393 185 1478; x_wconf 85' lang='lat' dir='ltr'><strong>quod</strong></span> <span class='ocrx_word' id='word_1_29' title='bbox 200 1406 364 1459; x_wconf 84' lang='lat' dir='ltr'><strong>moneam.</strong></span> <span class='ocrx_word' id='word_1_30' title='bbox 381 1414 456 1458; x_wconf 93' lang='lat' dir='ltr'><strong>cum</strong></span> <span class='ocrx_word' id='word_1_31' title='bbox 473 1396 561 1458; x_wconf 85' lang='lat' dir='ltr'><strong>enim</strong></span> <span class='ocrx_word' id='word_1_32' title='bbox 578 1396 611 1459; x_wconf 93' lang='lat' dir='ltr'><strong>in</strong></span> <span class='ocrx_word' id='word_1_33' title='bbox 627 1395 741 1479; x_wconf 89' lang='lat' dir='ltr'><strong>priore</strong></span> <span class='ocrx_word' id='word_1_34' title='bbox 757 1394 904 1460; x_wconf 81' lang='lat' dir='ltr'><strong>editione</strong></span> <span class='ocrx_word' id='word_1_35' title='bbox 919 1397 1074 1482; x_wconf 74' lang='lat' dir='ltr'><strong>patranda</strong></span> 
     </span>
     <span class='ocr_line' id='line_1_6' title="bbox 96 1490 1072 1586; baseline 0.005 -26"><span class='ocrx_word' id='word_1_36' title='bbox 96 1490 334 1583; x_wconf 81' lang='lat' dir='ltr'><strong>Nipperdeium</strong></span> <span class='ocrx_word' id='word_1_37' title='bbox 356 1499 565 1584; x_wconf 84' lang='lat' dir='ltr'><strong>potissimum</strong></span> <span class='ocrx_word' id='word_1_38' title='bbox 590 1497 709 1562; x_wconf 91' lang='lat' dir='ltr'><strong>ducem</strong></span> <span class='ocrx_word' id='word_1_39' title='bbox 734 1499 828 1583; x_wconf 89' lang='lat' dir='ltr'><strong>sequi</strong></span> <span class='ocrx_word' id='word_1_40' title='bbox 850 1497 984 1582; x_wconf 87' lang='lat' dir='ltr'><strong>liceret,</strong></span> <span class='ocrx_word' id='word_1_41' title='bbox 1018 1501 1072 1586; x_wconf 83' lang='lat' dir='ltr'><strong>qui</strong></span> 
     </span>
     <span class='ocr_line' id='line_1_7' title="bbox 98 1600 1073 1687; baseline 0.002 -23"><span class='ocrx_word' id='word_1_42' title='bbox 98 1603 299 1666; x_wconf 76' lang='lat' dir='ltr'><strong>novissimus</strong></span> <span class='ocrx_word' id='word_1_43' title='bbox 315 1600 495 1686; x_wconf 83' lang='lat' dir='ltr'><strong>praesidiis</strong></span> <span class='ocrx_word' id='word_1_44' title='bbox 512 1602 641 1665; x_wconf 89' lang='lat' dir='ltr'><strong>criticis</strong></span> <span class='ocrx_word' id='word_1_45' title='bbox 660 1610 831 1686; x_wconf 86' lang='lat' dir='ltr'><strong>quactum</strong></span> <span class='ocrx_word' id='word_1_46' title='bbox 848 1602 1073 1687; x_wconf 81' lang='lat' dir='ltr'><strong>suppetebant</strong></span> 
     </span>
     <span class='ocr_line' id='line_1_8' title="bbox 96 1704 1074 1771; baseline 0 -1"><span class='ocrx_word' id='word_1_47' title='bbox 96 1707 279 1770; x_wconf 79' lang='lat' dir='ltr'><strong>instructus</strong></span> <span class='ocrx_word' id='word_1_48' title='bbox 304 1704 463 1768; x_wconf 76' lang='lat' dir='ltr'><strong>Caesaris</strong></span> <span class='ocrx_word' id='word_1_49' title='bbox 487 1706 746 1769; x_wconf 88' lang='lat' dir='ltr'><strong>commentarios</strong></span> <span class='ocrx_word' id='word_1_50' title='bbox 775 1707 847 1770; x_wconf 91' lang='lat' dir='ltr'><strong>acri</strong></span> <span class='ocrx_word' id='word_1_51' title='bbox 876 1704 999 1771; x_wconf 91' lang='lat' dir='ltr'><strong>iudicio</strong></span> <span class='ocrx_word' id='word_1_52' title='bbox 1023 1726 1074 1770; x_wconf 90' lang='lat' dir='ltr'><strong>re·</strong></span> 
     </span>
     <span class='ocr_line' id='line_1_9' title="bbox 94 1807 1073 1894; baseline 0 -21"><span class='ocrx_word' id='word_1_53' title='bbox 94 1819 286 1890; x_wconf 83' lang='lat' dir='ltr'><strong>censuerat,</strong></span> <span class='ocrx_word' id='word_1_54' title='bbox 316 1807 550 1893; x_wconf 85' lang='lat' dir='ltr'><strong>sufficeretque</strong></span> <span class='ocrx_word' id='word_1_55' title='bbox 575 1810 607 1872; x_wconf 91' lang='lat' dir='ltr'><strong>in</strong></span> <span class='ocrx_word' id='word_1_56' title='bbox 633 1830 689 1872; x_wconf 91' lang='lat' dir='ltr'><strong>eos</strong></span> <span class='ocrx_word' id='word_1_57' title='bbox 713 1808 811 1873; x_wconf 91' lang='lat' dir='ltr'><strong>modo</strong></span> <span class='ocrx_word' id='word_1_58' title='bbox 836 1810 1003 1894; x_wconf 84' lang='lat' dir='ltr'><strong>inquirere</strong></span> <span class='ocrx_word' id='word_1_59' title='bbox 1027 1809 1073 1874; x_wconf 88' lang='lat' dir='ltr'><strong>lo·-</strong></span> 
     </span>
     <span class='ocr_line' id='line_1_10' title="bbox 95 1910 1073 1997; baseline 0 -21"><span class='ocrx_word' id='word_1_60' title='bbox 95 1932 165 1995; x_wconf 84' lang='lat' dir='ltr'><strong>cos,</strong></span> <span class='ocrx_word' id='word_1_61' title='bbox 189 1913 223 1975; x_wconf 91' lang='lat' dir='ltr'><strong>in</strong></span> <span class='ocrx_word' id='word_1_62' title='bbox 247 1911 367 1997; x_wconf 83' lang='lat' dir='ltr'><strong>quibus</strong></span> <span class='ocrx_word' id='word_1_63' title='bbox 392 1910 638 1975; x_wconf 84' lang='lat' dir='ltr'><strong>constituendis</strong></span> <span class='ocrx_word' id='word_1_64' title='bbox 664 1913 716 1976; x_wconf 90' lang='lat' dir='ltr'><strong>vir</strong></span> <span class='ocrx_word' id='word_1_65' title='bbox 739 1911 796 1977; x_wconf 91' lang='lat' dir='ltr'><strong>ille</strong></span> <span class='ocrx_word' id='word_1_66' title='bbox 821 1912 939 1978; x_wconf 88' lang='lat' dir='ltr'><strong>doctus</strong></span> <span class='ocrx_word' id='word_1_67' title='bbox 964 1915 1073 1976; x_wconf 89' lang='lat' dir='ltr'><strong>minus</strong></span> 
     </span>
     <span class='ocr_line' id='line_1_11' title="bbox 94 2014 1073 2096; baseline -0.002 -16"><span class='ocrx_word' id='word_1_68' title='bbox 94 2025 187 2080; x_wconf 88' lang='lat' dir='ltr'><strong>recte</strong></span> <span class='ocrx_word' id='word_1_69' title='bbox 211 2016 357 2079; x_wconf 88' lang='lat' dir='ltr'><strong>sensisse</strong></span> <span class='ocrx_word' id='word_1_70' title='bbox 379 2014 561 2096; x_wconf 89' lang='lat' dir='ltr'><strong>videretur,</strong></span> <span class='ocrx_word' id='word_1_71' title='bbox 586 2016 720 2080; x_wconf 85' lang='lat' dir='ltr'><strong>interim</strong></span> <span class='ocrx_word' id='word_1_72' title='bbox 744 2026 776 2079; x_wconf 89' lang='lat' dir='ltr'><strong>et</strong></span> <span class='ocrx_word' id='word_1_73' title='bbox 801 2017 992 2081; x_wconf 88' lang='lat' dir='ltr'><strong>accuratius</strong></span> <span class='ocrx_word' id='word_1_74' title='bbox 1017 2036 1073 2079; x_wconf 89' lang='lat' dir='ltr'><strong>ex·</strong></span> 
     </span>
     <span class='ocr_line' id='line_1_12' title="bbox 94 2114 1098 2203; baseline -0.002 -19"><span class='ocrx_word' id='word_1_75' title='bbox 94 2120 186 2184; x_wconf 84' lang='lat' dir='ltr'><strong>cusai</strong></span> <span class='ocrx_word' id='word_1_76' title='bbox 204 2128 282 2183; x_wconf 88' lang='lat' dir='ltr'><strong>sunt</strong></span> <span class='ocrx_word' id='word_1_77' title='bbox 297 2119 459 2202; x_wconf 88' lang='lat' dir='ltr'><strong>imprimis</strong></span> <span class='ocrx_word' id='word_1_78' title='bbox 482 2115 533 2180; x_wconf 93' lang='lat' dir='ltr'><strong>illi</strong></span> <span class='ocrx_word' id='word_1_79' title='bbox 556 2114 645 2199; x_wconf 89' lang='lat' dir='ltr'><strong>libri,</strong></span> <span class='ocrx_word' id='word_1_80' title='bbox 670 2118 727 2203; x_wconf 91' lang='lat' dir='ltr'><strong>qui</strong></span> <span class='ocrx_word' id='word_1_81' title='bbox 742 2120 890 2203; x_wconf 82' lang='lat' dir='ltr'><strong>potiores</strong></span> <span class='ocrx_word' id='word_1_82' title='bbox 908 2141 1072 2183; x_wconf 92' lang='lat' dir='ltr'><strong>commen·</strong></span> <span class='ocrx_word' id='word_1_83' title='bbox 1096 2129 1098 2134; x_wconf 85' lang='grc'><strong>’</strong></span> 
     </span>
     <span class='ocr_line' id='line_1_13' title="bbox 94 2217 1072 2302; baseline -0.001 -15"><span class='ocrx_word' id='word_1_84' title='bbox 94 2223 258 2287; x_wconf 88' lang='lat' dir='ltr'><strong>tariorum</strong></span> <span class='ocrx_word' id='word_1_85' title='bbox 293 2220 334 2285; x_wconf 92' lang='lat' dir='ltr'><strong>de</strong></span> <span class='ocrx_word' id='word_1_86' title='bbox 367 2219 457 2285; x_wconf 89' lang='lat' dir='ltr'><strong>bello</strong></span> <span class='ocrx_word' id='word_1_87' title='bbox 494 2217 628 2284; x_wconf 80' lang='lat' dir='ltr'><strong>Gallico</strong></span> <span class='ocrx_word' id='word_1_88' title='bbox 664 2221 811 2286; x_wconf 88' lang='lat' dir='ltr'><strong>habendi</strong></span> <span class='ocrx_word' id='word_1_89' title='bbox 844 2233 920 2286; x_wconf 88' lang='lat' dir='ltr'><strong>sunt</strong></span> <span class='ocrx_word' id='word_1_90' title='bbox 953 2223 1072 2302; x_wconf 87' lang='lat' dir='ltr'><strong>fontes,</strong></span> 
     </span>
     <span class='ocr_line' id='line_1_14' title="bbox 95 2324 1072 2410; baseline -0.002 -20"><span class='ocrx_word' id='word_1_91' title='bbox 95 2324 260 2410; x_wconf 85' lang='lat' dir='ltr'><strong>simulque</strong></span> <span class='ocrx_word' id='word_1_92' title='bbox 286 2324 479 2390; x_wconf 83' lang='lat' dir='ltr'><strong>accuratius</strong></span> <span class='ocrx_word' id='word_1_93' title='bbox 512 2325 708 2408; x_wconf 90' lang='lat' dir='ltr'><strong>inquisitum</strong></span> <span class='ocrx_word' id='word_1_94' title='bbox 732 2335 784 2389; x_wconf 89' lang='lat' dir='ltr'><strong>est</strong></span> <span class='ocrx_word' id='word_1_95' title='bbox 808 2327 841 2389; x_wconf 94' lang='lat' dir='ltr'><strong>in</strong></span> <span class='ocrx_word' id='word_1_96' title='bbox 866 2348 977 2390; x_wconf 90' lang='lat' dir='ltr'><strong>eorum</strong></span> <span class='ocrx_word' id='word_1_97' title='bbox 1002 2325 1072 2390; x_wconf 89' lang='lat' dir='ltr'><strong>affi-</strong></span> 
     </span>
     <span class='ocr_line' id='line_1_15' title="bbox 94 2428 1074 2512; baseline -0.005 -17"><span class='ocrx_word' id='word_1_98' title='bbox 94 2432 238 2495; x_wconf 85' lang='lat' dir='ltr'><strong>nitatem</strong></span> <span class='ocrx_word' id='word_1_99' title='bbox 261 2437 361 2512; x_wconf 89' lang='lat' dir='ltr'><strong>atque</strong></span> <span class='ocrx_word' id='word_1_100' title='bbox 385 2428 638 2510; x_wconf 81' lang='lat' dir='ltr'><strong>auctoritatem3</strong></span> <span class='ocrx_word' id='word_1_101' title='bbox 663 2429 809 2493; x_wconf 88' lang='lat' dir='ltr'><strong>accessit</strong></span> <span class='ocrx_word' id='word_1_102' title='bbox 830 2430 931 2493; x_wconf 88' lang='lat' dir='ltr'><strong>etiam</strong></span> <span class='ocrx_word' id='word_1_103' title='bbox 952 2429 1074 2493; x_wconf 91' lang='lat' dir='ltr'><strong>notitia</strong></span> 
     </span>
     <span class='ocr_line' id='line_1_16' title="bbox 95 2528 1073 2615; baseline -0.004 -17"><span class='ocrx_word' id='word_1_104' title='bbox 95 2532 251 2598; x_wconf 91' lang='lat' dir='ltr'><strong>codicum</strong></span> <span class='ocrx_word' id='word_1_105' title='bbox 275 2552 312 2594; x_wconf 92' lang='lat' dir='ltr'><strong>eo</strong></span> <span class='ocrx_word' id='word_1_106' title='bbox 337 2551 442 2615; x_wconf 91' lang='lat' dir='ltr'><strong>usque</strong></span> <span class='ocrx_word' id='word_1_107' title='bbox 465 2528 706 2613; x_wconf 86' lang='lat' dir='ltr'><strong>neglectorum,</strong></span> <span class='ocrx_word' id='word_1_108' title='bbox 731 2532 780 2595; x_wconf 93' lang='lat' dir='ltr'><strong>ita</strong></span> <span class='ocrx_word' id='word_1_109' title='bbox 802 2541 840 2596; x_wconf 90' lang='lat' dir='ltr'><strong>ut</strong></span> <span class='ocrx_word' id='word_1_110' title='bbox 863 2533 984 2595; x_wconf 91' lang='lat' dir='ltr'><strong>mirum</strong></span> <span class='ocrx_word' id='word_1_111' title='bbox 1006 2535 1073 2594; x_wconf 91' lang='lat' dir='ltr'><strong>non</strong></span> 
     </span>
     <span class='ocr_line' id='line_1_17' title="bbox 96 2634 1073 2719; baseline -0.002 -18"><span class='ocrx_word' id='word_1_112' title='bbox 96 2638 141 2702; x_wconf 84' lang='lat' dir='ltr'><strong>sit</strong></span> <span class='ocrx_word' id='word_1_113' title='bbox 165 2637 354 2710; x_wconf 78' lang='lat' dir='ltr'><strong>exstitisse,</strong></span> <span class='ocrx_word' id='word_1_114' title='bbox 390 2635 446 2719; x_wconf 92' lang='lat' dir='ltr'><strong>qui</strong></span> <span class='ocrx_word' id='word_1_115' title='bbox 469 2643 506 2697; x_wconf 89' lang='lat' dir='ltr'><strong>ut</strong></span> <span class='ocrx_word' id='word_1_116' title='bbox 530 2655 600 2697; x_wconf 89' lang='lat' dir='ltr'><strong>rem</strong></span> <span class='ocrx_word' id='word_1_117' title='bbox 622 2655 781 2717; x_wconf 83' lang='lat' dir='ltr'><strong>magnam</strong></span> <span class='ocrx_word' id='word_1_118' title='bbox 804 2634 1000 2709; x_wconf 82' lang='lat' dir='ltr'><strong>clamarent,</strong></span> <span class='ocrx_word' id='word_1_119' title='bbox 1024 2657 1073 2699; x_wconf 89' lang='lat' dir='ltr'><strong>re-</strong></span> 
     </span>
     <span class='ocr_line' id='line_1_18' title="bbox 95 2738 1073 2827; baseline -0.004 -21"><span class='ocrx_word' id='word_1_120' title='bbox 95 2738 313 2827; x_wconf 86' lang='lat' dir='ltr'><strong>linquendam</strong></span> <span class='ocrx_word' id='word_1_121' title='bbox 341 2759 415 2801; x_wconf 88' lang='lat' dir='ltr'><strong>csse</strong></span> <span class='ocrx_word' id='word_1_122' title='bbox 444 2738 535 2801; x_wconf 91' lang='lat' dir='ltr'><strong>viam</strong></span> <span class='ocrx_word' id='word_1_123' title='bbox 564 2757 664 2821; x_wconf 91' lang='lat' dir='ltr'><strong>quam</strong></span> <span class='ocrx_word' id='word_1_124' title='bbox 686 2738 879 2824; x_wconf 88' lang='lat' dir='ltr'><strong>Nipperdey</strong></span> <span class='ocrx_word' id='word_1_125' title='bbox 909 2740 1073 2803; x_wconf 88' lang='lat' dir='ltr'><strong>tenuisset</strong></span> 
     </span>
     <span class='ocr_line' id='line_1_19' title="bbox 95 2839 1074 2911; baseline -0.006 -2"><span class='ocrx_word' id='word_1_126' title='bbox 95 2855 130 2911; x_wconf 87' lang='lat' dir='ltr'><strong>et</strong></span> <span class='ocrx_word' id='word_1_127' title='bbox 163 2865 252 2908; x_wconf 89' lang='lat' dir='ltr'><strong>nova</strong></span> <span class='ocrx_word' id='word_1_128' title='bbox 286 2842 334 2904; x_wconf 89' lang='lat' dir='ltr'><strong>rei</strong></span> <span class='ocrx_word' id='word_1_129' title='bbox 370 2840 511 2904; x_wconf 86' lang='lat' dir='ltr'><strong>criticae</strong></span> <span class='ocrx_word' id='word_1_130' title='bbox 545 2839 764 2904; x_wconf 89' lang='lat' dir='ltr'><strong>fundamenta</strong></span> <span class='ocrx_word' id='word_1_131' title='bbox 799 2862 873 2904; x_wconf 90' lang='lat' dir='ltr'><strong>esse</strong></span> <span class='ocrx_word' id='word_1_132' title='bbox 907 2840 1074 2906; x_wconf 90' lang='lat' dir='ltr'><strong>iacienda.</strong></span> 
     </span>
     <span class='ocr_line' id='line_1_20' title="bbox 95 2942 1073 3035; baseline -0.006 -21"><span class='ocrx_word' id='word_1_133' title='bbox 95 2952 211 3035; x_wconf 87' lang='lat' dir='ltr'><strong>itaque</strong></span> <span class='ocrx_word' id='word_1_134' title='bbox 233 2945 478 3031; x_wconf 86' lang='lat' dir='ltr'><strong>principatum,</strong></span> <span class='ocrx_word' id='word_1_135' title='bbox 511 2943 567 3027; x_wconf 91' lang='lat' dir='ltr'><strong>qui</strong></span> <span class='ocrx_word' id='word_1_136' title='bbox 592 2952 693 3007; x_wconf 88' lang='lat' dir='ltr'><strong>antea</strong></span> <span class='ocrx_word' id='word_1_137' title='bbox 715 2966 818 3030; x_wconf 88' lang='lat' dir='ltr'><strong>penes</strong></span> <span class='ocrx_word' id='word_1_138' title='bbox 843 2942 962 3008; x_wconf 89' lang='lat' dir='ltr'><strong>librum</strong></span> <span class='ocrx_word' id='word_1_139' title='bbox 987 2945 1073 3008; x_wconf 93' lang='lat' dir='ltr'><strong>Bon-</strong></span> 
     </span>
     <span class='ocr_line' id='line_1_21' title="bbox 95 3045 1073 3136; baseline -0.003 -20"><span class='ocrx_word' id='word_1_140' title='bbox 95 3052 291 3136; x_wconf 86' lang='lat' dir='ltr'><strong>garsianum</strong></span> <span class='ocrx_word' id='word_1_141' title='bbox 315 3047 435 3129; x_wconf 84' lang='lat' dir='ltr'><strong>suerat,</strong></span> <span class='ocrx_word' id='word_1_142' title='bbox 459 3045 518 3110; x_wconf 89' lang='lat' dir='ltr'><strong>alii</strong></span> <span class='ocrx_word' id='word_1_143' title='bbox 543 3046 586 3111; x_wconf 92' lang='lat' dir='ltr'><strong>ad</strong></span> <span class='ocrx_word' id='word_1_144' title='bbox 610 3046 684 3112; x_wconf 90' lang='lat' dir='ltr'><strong>cod.</strong></span> <span class='ocrx_word' id='word_1_145' title='bbox 707 3047 814 3111; x_wconf 89' lang='lat' dir='ltr'><strong>Paris.</strong></span> <span class='ocrx_word' id='word_1_146' title='bbox 831 3047 990 3130; x_wconf 86' lang='lat' dir='ltr'><strong>Floriac.,</strong></span> <span class='ocrx_word' id='word_1_147' title='bbox 1015 3049 1073 3113; x_wconf 92' lang='lat' dir='ltr'><strong>alii</strong></span> 
     </span>
     <span class='ocr_line' id='line_1_22' title="bbox 96 3150 1073 3236; baseline -0.007 -14"><span class='ocrx_word' id='word_1_148' title='bbox 96 3157 142 3224; x_wconf 92' lang='lat' dir='ltr'><strong>ad</strong></span> <span class='ocrx_word' id='word_1_149' title='bbox 164 3155 368 3219; x_wconf 84' lang='lat' dir='ltr'><strong>Vaticanum</strong></span> <span class='ocrx_word' id='word_1_150' title='bbox 393 3161 489 3215; x_wconf 91' lang='lat' dir='ltr'><strong>erant</strong></span> <span class='ocrx_word' id='word_1_151' title='bbox 515 3150 678 3231; x_wconf 83' lang='lat' dir='ltr'><strong>delaturi,</strong></span> <span class='ocrx_word' id='word_1_152' title='bbox 711 3173 773 3215; x_wconf 92' lang='lat' dir='ltr'><strong>nec</strong></span> <span class='ocrx_word' id='word_1_153' title='bbox 798 3150 991 3233; x_wconf 85' lang='lat' dir='ltr'><strong>defuerunt,</strong></span> <span class='ocrx_word' id='word_1_154' title='bbox 1019 3153 1073 3236; x_wconf 89' lang='lat' dir='ltr'><strong>qui</strong></span> 
     </span>
     <span class='ocr_line' id='line_1_23' title="bbox 96 3254 1075 3341; baseline -0.008 -16"><span class='ocrx_word' id='word_1_155' title='bbox 96 3259 202 3325; x_wconf 86' lang='lat' dir='ltr'><strong>libros</strong></span> <span class='ocrx_word' id='word_1_156' title='bbox 226 3280 263 3322; x_wconf 92' lang='lat' dir='ltr'><strong>eo</strong></span> <span class='ocrx_word' id='word_1_157' title='bbox 287 3277 392 3341; x_wconf 87' lang='lat' dir='ltr'><strong>usque</strong></span> <span class='ocrx_word' id='word_1_158' title='bbox 416 3254 459 3319; x_wconf 93' lang='lat' dir='ltr'><strong>ob</strong></span> <span class='ocrx_word' id='word_1_159' title='bbox 483 3265 675 3340; x_wconf 89' lang='lat' dir='ltr'><strong>suspectam</strong></span> <span class='ocrx_word' id='word_1_160' title='bbox 697 3254 798 3319; x_wconf 90' lang='lat' dir='ltr'><strong>fidem</strong></span> <span class='ocrx_word' id='word_1_161' title='bbox 820 3257 920 3320; x_wconf 89' lang='lat' dir='ltr'><strong>tertio</strong></span> <span class='ocrx_word' id='word_1_162' title='bbox 943 3255 1075 3319; x_wconf 90' lang='lat' dir='ltr'><strong>demum</strong></span> 
     </span>
     <span class='ocr_line' id='line_1_24' title="bbox 96 3358 1075 3450; baseline -0.008 -20"><span class='ocrx_word' id='word_1_163' title='bbox 96 3364 205 3450; x_wconf 86' lang='lat' dir='ltr'><strong>gradu</strong></span> <span class='ocrx_word' id='word_1_164' title='bbox 240 3369 434 3424; x_wconf 89' lang='lat' dir='ltr'><strong>numeratos</strong></span> <span class='ocrx_word' id='word_1_165' title='bbox 469 3361 617 3442; x_wconf 90' lang='lat' dir='ltr'><strong>potiores</strong></span> <span class='ocrx_word' id='word_1_166' title='bbox 654 3358 757 3423; x_wconf 89' lang='lat' dir='ltr'><strong>duces</strong></span> <span class='ocrx_word' id='word_1_167' title='bbox 788 3358 974 3444; x_wconf 86' lang='lat' dir='ltr'><strong>sequendos</strong></span> <span class='ocrx_word' id='word_1_168' title='bbox 1001 3379 1075 3422; x_wconf 90' lang='lat' dir='ltr'><strong>esse</strong></span> 
     </span>
     <span class='ocr_line' id='line_1_25' title="bbox 95 3458 1074 3546; baseline -0.011 -12"><span class='ocrx_word' id='word_1_169' title='bbox 95 3464 350 3535; x_wconf 89' lang='lat' dir='ltr'><strong>contenderent.</strong></span> <span class='ocrx_word' id='word_1_170' title='bbox 375 3458 435 3523; x_wconf 91' lang='lat' dir='ltr'><strong>sed</strong></span> <span class='ocrx_word' id='word_1_171' title='bbox 456 3458 539 3524; x_wconf 89' lang='lat' dir='ltr'><strong>haee</strong></span> <span class='ocrx_word' id='word_1_172' title='bbox 556 3462 631 3546; x_wconf 89' lang='lat' dir='ltr'><strong>ipsa</strong></span> <span class='ocrx_word' id='word_1_173' title='bbox 646 3462 794 3526; x_wconf 91' lang='lat' dir='ltr'><strong>virorum</strong></span> <span class='ocrx_word' id='word_1_174' title='bbox 812 3460 986 3526; x_wconf 89' lang='lat' dir='ltr'><strong>doctorum</strong></span> <span class='ocrx_word' id='word_1_175' title='bbox 1008 3458 1074 3524; x_wconf 84' lang='lat' dir='ltr'><strong>dis·</strong></span> 
     </span>
    </p>
   </div>
   <div class='ocr_carea' id='block_1_2' title="bbox 148 3602 266 3646">
    <p class='ocr_par' dir='ltr' id='par_1_2' title="bbox 148 3602 266 3646">
     <span class='ocr_line' id='line_1_26' title="bbox 148 3602 266 3646; baseline -0.042 0"><span class='ocrx_word' id='word_1_176' title='bbox 148 3605 233 3646; x_wconf 79' lang='lat' dir='ltr'><strong>Caesar.</strong></span> <span class='ocrx_word' id='word_1_177' title='bbox 248 3602 266 3642; x_wconf 87' lang='lat'><strong>1.</strong></span> 
     </span>
    </p>
   </div>
   <div class='ocr_carea' id='block_1_3' title="bbox 0 0 1192 3924">
    <p class='ocr_par' dir='ltr' id='par_1_3' title="bbox 0 0 1192 3924">
     <span class='ocr_line' id='line_1_27' title="bbox 0 0 1192 3924; baseline 0 0"><span class='ocrx_word' id='word_1_178' title='bbox 0 0 1192 3924; x_wconf 95' lang='lat' dir='ltr'><strong> </strong></span> 
     </span>
    </p>
   </div>
  </div>
 </body>
</html>
