2376 3924
120 232 161 295 70
423 235 472 284 DE
496 235 616 284 BELLO
636 235 793 286 GALLIOO

206 422 256 490 13.
286 424 437 510 Namque
466 425 612 510 ipsorum
638 447 743 491 naves
773 425 818 489 ad
848 424 936 489 hunc
962 423 1096 489 modum

118 527 230 591 factae
258 536 474 613 armataeque
503 536 617 593 erant:
645 530 782 593 carinae
802 528 990 614 *aliquanto
1024 527 1095 613 pla-

118 631 229 693 niores
253 651 352 715 quam
375 639 566 695 nostrarum
590 633 737 715 navium,
761 653 824 716 quo
848 630 982 695 facilius
1006 630 1096 694 vada

118 755 157 797 ac
188 732 362 798 decessum
386 745 500 799 aestus
525 736 682 820 excipere
705 744 859 820 possent,
888 756 1008 819 prorae
1037 733 1095 798 ad-

96 837 249 909 2modum
268 847 402 903 erectae
419 846 520 923 atque
536 840 614 903 item
628 859 754 924 puppes
767 838 812 903 ad
827 837 1095 921 magnitudinem

96 941 1095 1029 ³fluctuumtempestatumqueaccommodatamnavestotae

116 1045 228 1110 factae
253 1067 295 1109 ex
317 1044 437 1110 robore
461 1045 506 1110 ad
528 1048 681 1131 quamvis
704 1048 772 1111 vim
796 1055 828 1110 et
859 1045 1096 1111 contumeliam

96 1147 367 1234 ‚1perferendam3
383 1157 533 1214 transtra
550 1149 729 1234 pedalibus
744 1151 779 1213 in
795 1148 1010 1214 altitudinem
1027 1158 1095 1213 tra-

117 1251 216 1316 bibus
239 1252 373 1316 confixa
396 1251 504 1318 clavis
520 1253 638 1317 ferreis
663 1253 762 1336 digiti
778 1252 910 1337 pollicis
934 1254 1094 1317 crassitu-

95 1355 212 1440 5dine3
235 1378 380 1420 ancorae
396 1378 455 1441 pro
472 1356 607 1421 funibus
624 1357 742 1421 ferreis
759 1359 888 1421 catenis
905 1358 1095 1439 revinctae3

95 1458 221 1545 ,pelles
238 1481 298 1544 pro
314 1458 398 1524 velis
415 1458 595 1544 alutaeque
611 1461 759 1524 tenuiter
775 1460 961 1542 confectae,
986 1455 1094 1545 [haec]

117 1565 187 1629 sive
209 1572 346 1648 propter
369 1563 429 1628 lini
453 1564 599 1648 inopiam
624 1571 724 1648 atque
748 1565 819 1627 eius
842 1585 922 1628 usus
951 1565 1095 1627 inscien-

116 1670 213 1751 tiam,
250 1669 320 1732 sive
349 1689 404 1750 eo,
439 1666 527 1751 quod
555 1675 607 1731 est
634 1668 743 1750 magis
774 1666 974 1749 verisimile,
1007 1666 1096 1752 quod

117 1779 232 1835 tantas
255 1779 474 1856 tempestates
499 1769 627 1836 Oceani
650 1779 831 1857 tantosque
853 1771 997 1855 impetus
1016 1794 1096 1835 ven·

116 1883 226 1937 torum
250 1875 409 1939 sustineri
434 1895 473 1938 ac
498 1882 595 1938 tanta
619 1896 721 1938 onera
753 1875 891 1939 navium
914 1875 984 1956 regi
1008 1872 1095 1938 velis

96 1999 183 2048 7n0n
208 1979 292 2042 satis
316 1978 488 2043 commode
511 2001 611 2065 posse
634 1977 901 2044 arbitrabantur.
936 1976 1018 2042 Cum
1041 1977 1094 2042 his

116 2080 260 2145 navibus
290 2091 428 2146 nostrae
457 2081 559 2146 classi
590 2082 752 2146 eiusmodi
776 2104 978 2166 congressus
1010 2091 1095 2165 erat,

115 2193 151 2248 ut
175 2207 242 2249 una
258 2185 434 2250 celeritate
457 2196 491 2250 et
511 2184 610 2270 pulsu
633 2208 798 2250 remorum
820 2194 1022 2271 praestaret,
1046 2209 1094 2250 re-

115 2287 206 2373 liqua
224 2310 282 2374 pro
299 2287 365 2354 loci
376 2298 510 2370 natura,
527 2309 585 2374 pro
602 2290 636 2372 vi
648 2297 886 2375 tempestatum
899 2288 967 2353 illis
981 2298 1094 2353 essent

93 2392 247 2476 saptiora
266 2400 300 2456 et
318 2392 635 2457 accommodatiora.
659 2392 774 2479 Neque
789 2394 876 2458 enim
888 2392 940 2457 his
955 2402 1094 2458 nostrae

115 2504 225 2559 rostro
248 2517 370 2560 nocere
385 2505 542 2581 poterant
566 2499 676 2578 (tanta
693 2499 726 2560 in
743 2499 785 2562 iis
803 2506 876 2561 erat
899 2496 1094 2578 firmitudo),

114 2619 222 2682 neque
246 2607 382 2684 propter
404 2597 619 2663 altitudinem
634 2598 735 2663 facile
758 2598 862 2663 telum
880 2598 1095 2683 adigebatur,

116 2710 147 2764 et
172 2700 288 2766 eadem
312 2700 353 2765 de
376 2723 479 2766 causa
502 2703 610 2765 minus
635 2702 807 2768 commode
834 2700 963 2789 copulis
987 2704 1094 2766 conti-

93 2803 294 2869 enebantur.
321 2803 528 2887 Accedebat,
552 2815 598 2888 ut,
622 2827 697 2870 cum
721 2807 852 2871 saevire
875 2814 996 2871 ventus
1019 2827 1093 2871 coe·

115 2909 220 2993 pisset
238 2917 271 2972 et
289 2931 324 2972 se
340 2917 440 2973 vento
458 2909 642 2991 dedissent,
666 2919 699 2974 et
715 2918 951 2995 tempestatem
967 2909 1094 2974 ferrent

114 3011 249 3076 facilius
274 3021 306 3076 et
330 3013 365 3076 in
387 3012 486 3078 vadis
509 3015 734 3078 consisterent
754 3015 860 3078 tutius
882 3023 916 3078 et
931 3012 974 3078 ab
996 3022 1093 3078 aestu

114 3114 255 3180 relictae
267 3115 352 3180 nihil
366 3137 452 3180 saxa
465 3126 499 3182 et
510 3125 628 3182 cautes
640 3119 814 3201 timerent;
830 3138 970 3203 quarum
983 3139 1094 3181 rerum

114 3221 260 3284 omnium
283 3221 408 3284 nostris
431 3219 575 3285 navibus
599 3243 698 3286 casus
716 3231 790 3287 erat
812 3219 1094 3286 extimescendua

202 3320 251 3387 14.
268 3320 503 3410 Compluribus
517 3325 720 3411 expugnatis
738 3323 869 3410 oppidis
882 3321 1019 3406 Caesar,
1036 3321 1094 3389 ubi

114 3423 1094 3513 intellexit,frustratantumlaboremsumi,nequehostium

116 3529 232 3613 fugam
248 3531 357 3615 captis
374 3529 505 3617 oppidis
521 3531 658 3618 reprimi
673 3553 780 3617 neque
796 3531 838 3595 iis
853 3532 969 3596 noceri
984 3550 1094 3616 posse,
