2376 3924
488 223 565 274 cnr.
585 226 659 273 o-o.
998 190 1058 292 231

172 414 201 477 8.
226 412 347 479 Caesar
379 417 508 480 interim
541 419 574 479 in
608 416 791 482 Sardiniam
823 420 952 484 nuntios
986 441 1060 483 cum

85 516 198 580 litteris
221 527 254 581 et
275 519 308 581 in
330 519 471 604 reliquas
493 520 851 605 provinciasfinitimas
873 521 1002 605 dimisit,
1025 530 1062 585 ut

87 619 148 684 sibi
170 621 299 703 auxilia,
329 631 535 706 commeatus,
564 623 771 707 frumentum,
802 622 993 709 simulatque
1016 624 1062 688 lit·

86 736 173 789 teras
209 725 370 811 legissent,
414 726 571 791 mittenda
608 736 769 811 curarent,
815 731 1062 813 exoneratisque

87 835 205 915 partim
232 829 371 894 navibus
398 830 500 917 longis
521 830 691 896 Rabirium
713 833 904 897 Postumum
930 835 964 896 in
987 833 1062 898 Sici-

86 937 161 1001 liam
184 936 226 1001 ad
249 936 427 1001 seeundum
455 946 669 1002 commeatum
698 936 927 1001 arcessendum
955 937 1061 1000 mittit.

87 1041 221 1104 Interim
254 1063 328 1105 cum
356 1059 380 1103 x
408 1040 546 1106 navibus
579 1041 682 1126 longis
715 1041 758 1105 ad
788 1042 929 1128 reliquas
962 1055 1084 1104 naves²

89 1145 252 1208 onerarias
275 1144 521 1229 conquirendas,
560 1166 643 1230 quae
666 1144 880 1227 deerrassent,
918 1154 951 1209 et
972 1145 1066 1209 simul

87 1271 176 1312 marc
209 1248 366 1312 tuendum
396 1247 438 1313 ab
467 1247 612 1312 hostibus
644 1247 735 1313 iubet
766 1250 935 1334 proficisci.
980 1250 1085 1315 Items

88 1351 123 1415 Ο.
148 1352 334 1418 Sallustium
362 1349 512 1436 Crispum
544 1360 728 1436 praetorem
755 1352 797 1416 ad
827 1351 997 1417 Cercinam
1019 1355 1064 1416 in-

89 1455 192 1519 sulam
213 1476 338 1536 versus,
363 1476 460 1539 quam
483 1454 663 1519 adversarii
686 1453 851 1538 tenebant,
875 1478 950 1521 cum
971 1465 1065 1542 parte

89 1562 221 1623 navium
244 1563 291 1623 ire
313 1558 412 1641 iubet,
442 1557 596 1644 quodibi
624 1582 780 1646 magnum
807 1582 979 1625 numerum
1001 1560 1065 1624 fru-

88 1667 188 1728 menti
211 1684 280 1727 esse
304 1661 466 1727 audiebat.
495 1663 589 1727 Haec
610 1665 656 1727 ita
677 1663 860 1750 imperabat
881 1666 1085 1749 unicuique,⁴

89 1770 134 1831 ita
157 1766 377 1853 praecipiebat
399 1768 446 1830 uti
468 1766 539 1830 fieri
561 1776 701 1852 possent,
736 1789 777 1830 ne
800 1789 860 1832 nec
882 1766 988 1833 locum
1010 1790 1064 1832 ex-

89 1874 210 1935 cusatio
232 1870 332 1935 ullum
354 1868 491 1934 haberet
512 1891 572 1934 nec
594 1891 719 1935 moram
734 1873 967 1956 tergiversatio.
990 1871 1065 1957 Ipse

88 1978 212 2040 interea
235 1997 276 2037 ex
300 1973 443 2059 perfugis
465 1982 499 2038 et
520 1972 631 2038 incolis
660 1975 796 2059 cognitis
825 1972 1088 2039 condicionibus⁶

90 2081 257 2164 Scipionis,
281 2080 384 2162 etqui
407 2099 481 2142 cum
503 2099 541 2141 eo
563 2075 684 2142 bellum
707 2086 819 2142 contra
841 2099 876 2144 se
898 2076 1066 2164 gerebant,

90 2185 238 2245 miserari
261 2178 402 2265 (regium
424 2183 510 2245 enim
525 2183 705 2265 equitatum
720 2181 826 2267 Scipio
842 2203 885 2244 ex
899 2182 1066 2268 provincia

91 2284 205 2348 Africa
242 2280 364 2369 alebat)
401 2292 494 2348 tanta
530 2283 676 2349 homines
713 2305 784 2349 esse
821 2284 993 2366 dementia,
1030 2292 1068 2348 ut

89 2386 202 2451 malint
229 2387 316 2469 regis
344 2407 414 2449 esse
435 2385 621 2471 vectigales,
657 2407 755 2471 quam
784 2407 858 2451 cnm
886 2384 1012 2452 civibus
1034 2388 1067 2450 in

90 2492 195 2575 patria
216 2492 250 2553 in
273 2490 338 2552 suis
360 2488 496 2553 fortunis
518 2509 589 2553 esse
610 2488 795 2555 incolumes.

177 2594 205 2657 9.
230 2592 351 2657 ansar
383 2615 411 2656 a.
435 2591 466 2656 d.
490 2609 540 2655 111.
574 2592 657 2657 Non.
691 2592 761 2658 Ian.
799 2600 907 2657 casn-a
942 2599 1067 2675 movet;

90 2698 187 2781 Lepti
210 2718 269 2761 sex
297 2694 476 2760 cohortium
504 2694 664 2781 praesidio
693 2716 767 2761 cum
789 2696 931 2763 Saserna
957 2693 1068 2760 relicto

91 2803 158 2885 ipse
192 2821 314 2881 rursus,
351 2799 438 2863 unde
472 2798 576 2885 pridie
609 2808 755 2883 venerat,
791 2800 972 2885 Ruspinam
993 2818 1069 2863 cum

90 2903 221 2987 reliquis
255 2904 354 2987 copiis
391 2904 552 2967 convertit
586 2901 697 2989 ibique
734 2904 869 2969 sarcinis
905 2902 1069 2967 exercitus

91 3006 210 3071 relictis
232 3009 300 3092 ipse
324 3029 399 3070 cum
420 3005 574 3091 expedita
595 3028 696 3071 manu
717 3006 932 3093 proficiscitur
946 3006 1069 3071 &oum

91 3109 182 3174 villas
204 3110 438 3174 frumentatum
461 3109 695 3195 oppidanisque
716 3112 866 3197 imperat,
888 3118 926 3175 ut
946 3108 1069 3197 plostra

91 3217 299 3299 iumentaque
322 3216 429 3279 omnia
451 3222 638 3299 sequantur.
660 3214 777 3301 Itaque
798 3234 919 3301 magno
932 3224 1089 3279 numero!

91 3320 243 3384 frumenti
267 3320 398 3382 invento
419 3318 600 3404 Ruspinam
620 3316 715 3383 redit
752 3318 829 3383 Huc
850 3338 927 3384 eum
947 3314 1069 3383 ideirco
1158 3313 1164 3323 '

92 3425 240 3487 existimo
274 3424 435 3508 recepisse
457 3442 502 3505 se,
535 3430 574 3487 ut
593 3422 757 3487 maritima
778 3418 899 3509 oppida
930 3426 1005 3508 poet
1034 3440 1071 3487 ee
