2376 3924
111 218 174 285 208
408 220 459 270 DE
477 219 598 271 BELLO
621 219 780 272 GALLIOO

112 410 178 476 sibi
201 409 401 496 capiendum
423 409 611 493 consilium,
650 420 751 497 atque
784 420 887 477 antea
921 422 1088 496 senserat,

112 512 333 599 intellegebat
356 537 464 602 neque
487 516 565 599 iam,
587 523 625 580 ut
641 514 771 601 aliquid
786 518 978 602 acquireret
990 538 1088 603 proe-

110 619 222 707 lioque
232 618 347 686 hostes
359 619 553 702 lacesseret,
566 618 626 685 sed
636 629 675 685 ut
686 619 887 685 incolumem
899 622 1089 687 exercitum

90 723 322 808 4Agedincum
337 722 526 807 reduceret,
541 722 727 808 cogitabat.
750 722 901 810 Namque
918 722 1029 790 altera
1045 746 1090 789 ex

110 837 207 913 parte
225 827 411 911 Bellovaci,
446 849 532 914 quae
555 828 678 893 civitas
702 827 737 891 in
761 824 876 892 Gallia
905 828 1090 892 maximam

110 932 213 998 habet
236 931 427 1017 opinionem
441 932 590 1014 virtutis,
606 929 791 1013 instabant,
809 929 951 996 alteram
966 927 1090 996 Oamu·

111 1036 252 1119 logenus
264 1044 384 1121 parato
396 1043 498 1120 atque
511 1034 836 1100 instructoexercitu
848 1032 1002 1118 tenebat;
1017 1045 1091 1101 tum

113 1139 263 1222 legiones
280 1161 300 1204 a
315 1137 485 1223 praesidio
502 1146 603 1223 atque
619 1135 867 1223 impedimentis
884 1136 1090 1204 interclusas

91 1244 295 1308 ⁵maximum
308 1241 431 1307 flumen
446 1240 642 1306 distinebat.
665 1241 785 1307 Tantis
810 1239 921 1306 subito
946 1240 1091 1308 difficul-

112 1345 240 1412 tatibus
256 1344 398 1410 obieetis
414 1343 459 1411 ab
476 1345 578 1411 animi
590 1346 716 1411 virtute
728 1345 892 1411 auxilium
907 1345 1092 1431 petendum

111 1448 260 1515 videbat.

199 1551 250 1617 60.
280 1551 349 1617 Sub
377 1574 554 1638 vesperum
582 1552 723 1618 consilio
753 1562 941 1620 convocato
971 1553 1092 1619 cohor·

113 1667 216 1742 tatus,
232 1666 268 1724 ut
282 1679 331 1741 ea,
341 1679 427 1743 quae
439 1658 648 1743 imperasset,
663 1655 844 1740 diligenter
857 1655 1092 1745 industrieque

113 1761 405 1845 administrarent,
427 1783 543 1845 naves,
568 1782 653 1847 quas
676 1759 864 1827 Metiosedo
889 1759 1092 1846 deduxerat,

114 1864 265 1950 singulas
290 1863 458 1951 equitibus
480 1865 641 1931 Romanis
665 1864 820 1930 attribuit
837 1873 870 1929 et
886 1865 995 1950 prima
1011 1887 1092 1932 con·

112 1969 203 2035 fecta
225 1969 345 2053 vigilia
369 1978 528 2056 quattuor
550 1969 644 2036 milia
672 1991 832 2056 passuum
860 1968 1008 2035 secundo
1031 1969 1093 2034 flu·

112 2074 202 2138 mine
226 2071 360 2146 silentio
383 2072 541 2160 progredi
565 2071 677 2160 ibique
702 2094 738 2137 se
760 2081 960 2158 exspectare
982 2072 1088 2140 iubet.

91 2175 270 2264 aQuinque
304 2176 471 2262 cohortes,
505 2198 588 2264 quas
622 2177 759 2242 minime
788 2176 902 2242 firmas
925 2176 971 2243 ad
995 2176 1093 2243 dimi·

114 2281 260 2348 candum
273 2304 346 2347 esse
359 2279 591 2365 existimabat,
599 2281 723 2346 castris
735 2278 907 2366 praesidio
915 2279 1095 2367 relinquit3

92 2388 259 2472 squinque
283 2386 433 2452 eiusdem
454 2384 598 2469 legionis
621 2382 769 2470 reliquas
794 2383 835 2449 de
857 2382 969 2449 media
991 2393 1094 2451 nocte

114 2512 188 2556 cum
212 2490 364 2556 omnibus
387 2489 635 2576 impedimentis
659 2489 803 2555 adverso
817 2488 954 2554 flumine
968 2509 1095 2574 magno

91 2593 261 2659 stumultu
275 2594 446 2680 proficisci
464 2595 617 2680 imperat.
641 2591 820 2679 Conquirit
837 2594 940 2659 etiam
954 2590 1095 2679 lintres3

114 2696 176 2761 has
205 2717 329 2780 magno
358 2698 471 2762 sonitu
499 2719 665 2762 remorum
694 2697 856 2762 incitatas
886 2697 921 2760 in
951 2696 1095 2764 eandem

114 2808 245 2885 partem
255 2801 370 2866 mittit.
392 2800 470 2886 Ipse
485 2809 561 2887 post
577 2799 678 2887 paulo
691 2798 827 2866 silentio
844 2820 1001 2884 egressus
1017 2821 1096 2867 cum

115 2902 223 2968 tribus
261 2903 452 2989 legionibus
492 2927 566 2970 eum
602 2903 713 2970 locum
749 2905 846 2990 petit,
884 2924 949 2989 quo
987 2925 1095 2970 naves

115 3005 240 3092 appelli
262 3009 420 3073 iusserat.

202 3109 253 3175 61.
265 3110 316 3176 Εο
329 3133 405 3177 eum
417 3119 507 3177 esset
519 3120 667 3196 ventum,
685 3109 920 3197 exploratores
935 3109 1095 3195 hostium,

116 3224 153 3281 ut
170 3215 258 3282 omni
281 3215 427 3281 fluminis
450 3224 547 3302 parte
564 3225 659 3281 erant
677 3214 844 3302 dispositi,
867 3215 1096 3301 inopinantes,

117 3319 207 3405 quod
217 3341 341 3405 magna
355 3320 465 3387 subito
483 3330 556 3387 erat
571 3330 688 3388 coorta
700 3329 894 3407 tempestas,
911 3318 1095 3387 abnostris

95 3424 364 3511 aopprimuntur;
388 3426 557 3491 exercitus
582 3425 816 3512 equitatusque
839 3421 1007 3509 equitibus
1029 3423 1096 3489 Ro·

116 3529 226 3593 manis
240 3528 568 3614 administrantibus,
584 3549 667 3615 quos
680 3529 710 3595 ei
723 3528 860 3613 negotio
871 3525 1096 3614 praefecerat,
