2376 3924
113 211 154 274 64
417 211 467 261 nn
485 209 606 261 nunno
626 209 784 261 onnnrco

114 424 280 490 occupare
303 404 419 467 conari
453 411 486 467 et
521 424 560 468 ea
594 401 669 469 loca
698 401 862 469 finitimae
890 403 1087 489 provinciae

114 510 300 592 adiungere
324 507 389 573 sibi
411 529 610 594 persuasum
632 506 815 573 habebant.

200 612 230 676 3.
261 610 325 676 His
340 612 469 677 nuntiis
486 612 635 697 acceptis
649 608 772 694 Galba,
788 632 864 675 cum
879 633 988 698 neque
1005 634 1087 698 opus

113 713 329 780 hibernorum
352 714 619 800 munitionesque
642 714 741 800 plene
771 723 885 780 essent
906 715 1089 801 perfectae,

113 840 221 903 neque
238 817 280 883 de
295 818 461 883 frumento
477 817 674 903 reliquoque
690 826 879 884 commeatu
896 820 981 884 satis
999 828 1089 884 esset

113 923 300 1008 provisum,
334 920 424 1005 quod
454 918 625 986 deditione
654 921 746 987 facta
770 921 1012 1008 obsidibusque
1036 945 1089 988 ac-

47 1032 50 1037 ’
114 1027 221 1110 ceptis
244 1021 329 1088 nibil
347 1022 388 1088 de
411 1021 500 1088 bello
517 1022 703 1089 timendum
719 1025 985 1108 existimaverat,
1009 1047 1088 1089 con·

115 1127 190 1192 silio
202 1126 358 1192 celeriter
373 1136 559 1192 convocato
574 1129 760 1193 sententias
774 1129 951 1213 exquirere
966 1130 1088 1212 coepit.

92 1230 188 1312 rQuo
222 1232 257 1294 in
290 1228 449 1313 consilio,
484 1253 561 1297 cum
588 1239 721 1296 tantum
750 1234 918 1316 repentini
946 1230 1089 1317 periculi

113 1343 249 1420 praeter
266 1334 454 1418 opinionem
471 1332 664 1418 accidisset,
680 1356 721 1400 ac
738 1336 806 1400 iam
822 1337 933 1401 omnia
949 1335 1018 1400 fere
1035 1356 1088 1398 su-

114 1439 247 1523 periora
264 1436 341 1502 loca
356 1437 573 1504 multitudine
597 1448 803 1506 armatorum
827 1440 994 1526 completa
1010 1460 1088 1504 con·

114 1543 331 1628 spieerentur,
347 1563 455 1626 neque
473 1540 624 1607 subsidio
636 1544 745 1608 veniri
760 1565 867 1628 neque
883 1554 1089 1609 commeatus

92 1647 305 1731 esupportari
321 1646 513 1713 interclusis
530 1646 709 1712 itineribus
732 1658 880 1734 possent,
903 1668 1006 1734 prope
1023 1650 1090 1712 iam

115 1748 294 1834 desperata
308 1747 417 1814 salute
429 1749 612 1815 nonnullae
627 1750 818 1817 huiusmodi
834 1752 1023 1817 sententiae
1041 1750 1088 1815 di·

115 1851 290 1934 cebantur,
313 1860 350 1916 ut
374 1851 622 1938 impedimentis
646 1853 775 1919 relictis
799 1856 973 1940 eruptione
996 1853 1089 1918 facta

66 2001 70 2008 -
115 1955 233 2020 iisdem
245 1953 433 2039 itineribus,
446 1955 567 2043 quibus
579 1978 617 2023 eo
630 1959 874 2043 pervenissent,
887 1956 932 2022 ad
945 1955 1089 2022 salutem

92 2058 367 2125 icontenderent.
389 2059 512 2126 Maiori
525 2070 638 2127 tamen
650 2062 739 2146 parti
752 2060 892 2147 placuit,
907 2059 970 2125 hoc
982 2080 1088 2125 reser-

43 2225 45 2228 ,
113 2172 192 2227 vato
210 2161 255 2228 ad
271 2174 457 2229 extremum
473 2165 615 2231 consilio
632 2166 767 2230 interim
782 2166 831 2229 rei
849 2173 1005 2230 eventum
1032 2186 1089 2228 ex·

114 2265 215 2350 periri
240 2276 273 2332 et
295 2275 410 2332 castra
435 2265 624 2334 defendere.

199 2368 229 2433 4.
253 2369 354 2435 Brevi
371 2373 481 2456 spatio
498 2373 686 2456 interiecto,
699 2373 759 2437 vix
772 2381 808 2437 ut
821 2371 863 2436 iis
876 2369 988 2454 rebus,
1005 2393 1089 2456 quas

114 2474 379 2557 constituissent,
393 2475 600 2542 collocandis
608 2486 708 2563 atque
717 2474 998 2541 administrandis
1006 2483 1088 2538 tem-

114 2598 175 2661 pus
193 2576 339 2660 daretur,
362 2575 478 2644 hostes
495 2601 539 2644 ex
555 2577 708 2645 omnibus
724 2577 879 2664 partibus
896 2579 993 2661 signo
1008 2575 1089 2642 dato

116 2679 309 2764 decurrere,
343 2679 475 2766 lapides
507 2703 678 2768 gaesaque
706 2683 741 2746 in
765 2681 893 2747 vallum
921 2683 1089 2746 conicere.

93 2782 229 2848 eNostri
236 2784 341 2870 primo
356 2785 498 2868 integris
506 2784 635 2851 viribus
647 2785 779 2850 fortiter
786 2804 1089 2871 repugnareneque

113 2883 218 2950 ullum
241 2886 367 2952 frustra
391 2888 495 2953 telum
519 2911 562 2953 ex
584 2887 659 2953 loco
685 2889 856 2974 superiore
878 2889 1022 2970 mittere,
1051 2897 1089 2952 ut

114 3010 265 3073 quaeque
280 3011 358 3076 pars
375 3001 565 3057 castrorum
580 2992 709 3057 nudata
735 2991 967 3057 defensoribus
982 2993 1089 3077 premi

93 3093 304 3176 avidebatur,
326 3116 364 3158 eo
379 3116 554 3160 occurrere
583 3103 615 3160 et
632 3094 795 3161 auxilium
816 3095 921 3179 ferre3
943 3093 1004 3159 sed
1025 3093 1089 3160 boc

116 3198 283 3282 superari,
312 3197 400 3282 quod
424 3197 647 3264 diuturnitate
669 3219 804 3284 pugnae
826 3198 940 3264 hostes
965 3197 1088 3263 defessi

115 3299 242 3385 proelio
252 3299 474 3386 excedebant,
487 3300 547 3366 alii
556 3303 697 3386 integris
705 3301 834 3367 viribus
843 3300 1090 3384 succedebant3

116 3425 256 3489 quarum
284 3426 393 3468 rerum
425 3428 444 3469 a
472 3406 598 3469 nostris
629 3414 766 3491 propter
787 3407 995 3491 paucitatem
1015 3405 1089 3471 fieri

119 3506 204 3571 nihil
219 3516 362 3593 poterat,
386 3530 427 3573 ac
450 3529 517 3573 non
539 3506 638 3572 modo
656 3507 787 3573 defesso
803 3530 846 3572 ex
862 3528 976 3593 pugna
992 3530 1089 3575 exce·
