2376 3924
92 241 112 304 2

420 240 470 288 DE
487 239 607 290 BBLLO
629 238 741 288 CIVILI

126 429 220 480 adesse
248 427 431 489 nuntiaretur,
458 425 604 490 Pompeius
631 441 664 475 ex
690 426 757 475 urbe
784 425 819 476 ad
843 425 966 491 legiones
991 427 1076 492 profl-

125 515 248 574 ciscitm,
275 511 409 562 Lentulus
432 510 526 560 consul
546 509 665 576 Capuam
688 510 808 577 profugit
832 511 924 576 ibique
943 511 1077 564 Caesaris

123 599 288 666 gladiatores
301 602 388 649 armat
400 614 422 648 c.
437 599 477 646 14.
500 596 601 647 Asculo
621 602 729 662 recepto
744 596 845 648 Caesar
863 613 896 647 ex
915 596 1075 650 delectibus

121 686 294 752 Pompeianis
321 684 554 749 cohortesauget
580 683 663 733 115.
699 684 849 733 Domitium
877 682 991 734 Corfinii
1023 687 1073 736 ob-

124 788 226 822 sessum
245 775 320 820 tenet
339 787 361 822 c.
382 770 422 818 16.
442 769 488 831 17,
507 769 616 818 interim
636 768 828 820 Sulmonenses
848 768 960 820 Caesari
977 777 1074 836 portas

124 860 249 925 aperiunt
268 874 289 906 c.
311 857 350 909 18.
386 856 535 916 Domitius,
561 857 607 921 qui
631 856 731 907 frustra
754 856 884 907 auxilium
904 870 921 906 a
938 856 1074 922 Pompeio

123 946 263 1011 petiverat,
283 958 343 993 cum
362 941 453 1008 fugam
472 941 620 1005 moliretur,
639 958 655 992 a
673 943 804 992 militibus
824 942 972 993 custoditur
991 960 1015 994 c.
1031 947 1072 997 19.

124 1034 170 1095 2ος
195 1030 228 1080 de
252 1028 384 1079 tradendo
403 1029 501 1094 oppido
520 1030 611 1095 agitur
629 1045 652 1079 c.
671 1031 712 1079 21.
731 1031 778 1091 22,
804 1045 855 1094 quo
875 1030 946 1080 facto
967 1029 1073 1082 Caesar

123 1118 205 1168 duces
218 1117 339 1182 captivos
353 1115 470 1180 dimittit,
489 1116 589 1167 milites
602 1123 770 1168 sacramento
788 1117 881 1183 adigit,
900 1118 927 1167 in
940 1117 1070 1184 Apuliam

123 1203 302 1269 proficiscitur
321 1204 397 1252 123.
425 1203 476 1252 Η11
495 1203 576 1253 rebus
595 1204 711 1270 cognitis
729 1204 875 1269 Pompeius
893 1203 1071 1256 Brundisium

124 1289 242 1354 confugit
271 1289 363 1354 ibique
391 1304 407 1338 a
432 1288 549 1341 Caesare
576 1290 703 1340 obsessus
726 1307 749 1340 c.
768 1291 810 1339 24.
828 1292 874 1351 25,
902 1289 1069 1355 colloquium

123 1392 183 1425 curn
203 1391 235 1425 eo
253 1381 360 1425 recusat
378 1392 399 1424 c.
410 1377 450 1437 26,
469 1376 668 1441 Dyrrhachium
682 1376 798 1427 elabitur
817 1391 839 1427 c.
850 1377 891 1427 27.
909 1376 1071 1428 Brundisini

124 1462 267 1513 Caesarem
291 1463 363 1512 intra
383 1463 488 1515 moenia
508 1463 643 1528 recipiunt
661 1478 683 1510 c.
702 1464 744 1517 28.
782 1461 889 1512 Omisso
907 1462 1069 1528 Pompeium

121 1550 282 1614 insequendi
301 1548 413 1598 consilio
432 1547 534 1599 Caesar
551 1548 699 1613 Hispanias
719 1548 771 1598 sibi
790 1549 937 1600 conciliare
956 1550 1068 1615 statuit3

122 1635 276 1685 Sardiniam
303 1651 351 1700 per
368 1634 508 1684 Valerium
536 1633 669 1697 legatum,
698 1632 819 1682 Siciliam
848 1650 896 1699 per
920 1635 1068 1687 Curionem
1094 1632 1102 1652 '

122 1722 218 1786 recipit
230 1738 253 1769 c.
266 1723 306 1771 29.
320 1721 361 1770 30.
388 1719 533 1779 Tuberoni,
546 1717 664 1767 Africam
676 1719 842 1782 provinciam
862 1721 963 1783 sortito,
977 1721 1068 1774 Varus

121 1807 223 1855 resistit
241 1822 264 1855 c.
276 1807 318 1852 31.
349 1805 450 1854 Caesar
468 1803 570 1853 Romae
589 1803 694 1868 aliquot
712 1802 770 1853 dies
789 1811 983 1869 commoratus,
1003 1824 1068 1858 cum

121 1892 220 1941 frustra
238 1892 266 1939 in
285 1896 382 1939 senatu
395 1889 428 1939 de
440 1903 507 1954 pace
521 1889 708 1954 componenda
720 1889 807 1956 deque
826 1890 925 1955 legatis
938 1891 971 1940 ad
984 1891 1068 1944 Pom-

121 1979 211 2043 peium
239 1975 376 2026 mittendis
404 1976 516 2041 egisset,
543 1977 571 2026 in
596 1973 714 2026 Galliam
741 1976 896 2026 ulteriorem
925 1979 1069 2031 contendit

122 2080 143 2114 c.
164 2066 206 2116 32.
225 2064 267 2115 33.
302 2062 416 2111 Domitii
438 2066 527 2112 suasu
538 2061 725 2112 Massilienses
743 2061 856 2112 Caesari
875 2067 966 2127 portas
989 2063 1066 2116 clau·

120 2151 188 2201 dunt
213 2166 236 2200 c.
254 2151 300 2210 343
327 2148 426 2200 frustra
453 2155 503 2199 eos'
527 2163 544 2199 a
570 2147 642 2198 bello
667 2148 821 2200 dehortatus
845 2148 934 2212 131,
961 2149 1066 2204 Caesar

121 2238 150 2288 C.
169 2234 334 2288 Trebonium
361 2241 389 2286 et
411 2236 445 2285 D.
464 2236 576 2287 Brutum
600 2236 751 2286 Massiliam
776 2242 849 2288 terra
872 2238 994 2304 marique
1017 2254 1065 2306 op-

120 2340 242 2392 pugnare
263 2323 338 2373 iubet
359 2323 450 2382 1.36;
473 2323 532 2388 ipse
553 2323 692 2388 occupatis
712 2339 761 2388 per
778 2322 894 2374 Fabium
912 2323 1065 2390 Pyrenaeis

121 2410 236 2461 saltibus
264 2426 286 2462 c.
310 2410 343 2459 37
371 2409 400 2458 in
425 2407 586 2473 Hispaniam
614 2408 768 2471 contendit,
795 2423 876 2474 quam
903 2410 1064 2462 obtinebant

119 2498 232 2562 Pompei
250 2496 335 2561 legati
347 2495 475 2545 Afranius
493 2500 521 2544 et
537 2495 661 2544 Petreius
675 2511 696 2547 c.
709 2495 751 2546 38.
782 2493 883 2561 Copiae
901 2511 971 2562 quae
982 2497 1063 2548 Pom-

119 2585 232 2650 peianis,
255 2599 323 2649 quae
343 2582 453 2633 Caesari
470 2579 573 2630 fuerint
595 2579 849 2631 indicauerunt.
885 2581 936 2633 Ad‘
946 2583 1062 2635 Sicorim

119 2671 218 2720 flumen
245 2686 328 2735 prope
356 2668 484 2734 oppidum
510 2665 629 2718 Ilerdam
656 2666 779 2731 pluribus
805 2667 916 2732 proeliis
942 2673 1063 2721 certatur

119 2772 141 2805 c.
169 2755 279 2804 40-41.
315 2755 472 2805 Caesariani
501 2768 632 2817 aquarum
659 2752 837 2804 inundatione
864 2755 1061 2807 commeatibus

118 2841 259 2890 interclusi
277 2855 375 2906 magna
402 2856 490 2890 rerum
513 2840 727 2890 necessariarum
752 2840 845 2906 inopia
872 2841 1062 2893 conflictantur

120 2942 142 2977 c.
161 2927 272 2988 41-11,
291 2941 373 2990 quare
385 2927 613 2991 Pompeianorum
625 2930 715 2991 partos
734 2924 881 2989 firmantur,
901 2926 1061 2979 devictoris

119 3012 171 3061 sibi
190 3012 360 3077 gratulantur
378 3028 400 3062 c.
414 3013 455 3062 13.
481 3012 533 3062 Sed
551 3013 668 3063 navibus
679 3014 841 3079 comparatis
855 3013 956 3066 Caesar
968 3015 1060 3081 copias

119 3098 219 3147 flumen
237 3100 409 3163 transmittit,
429 3104 456 3150 11
474 3099 545 3150 11111
566 3105 697 3165 occupato
716 3099 846 3166 adituque
863 3101 1060 3153 commeatibus

102 3184 253 3250 patefacto
271 3201 327 3235 rem
346 3185 464 3237 feliciter
482 3202 575 3252 gerere
594 3187 683 3251 coepit
701 3201 724 3236 o.
737 3185 778 3237 11.
797 3186 839 3238 bh.
868 3186 1060 3238 Ι11111111111-

118 3270 244 3322 silienses
271 3262 375 3338 proelio
401 3272 494 3324 navali
520 3277 682 3338 superantur
708 3289 731 3323 1.
750 3273 864 3336 tls-ts,
886 3282 946 3337 'qua
967 3286 997 3323 re
1024 3274 1061 3325 ad

118 3356 234 3408 Ilerdam
262 3359 386 3408 nuntiata
412 3358 536 3409 fortunae
558 3357 588 3408 iit
611 3358 784 3408 commutatio
803 3374 826 3408 c.
844 3357 887 3410 19.
921 3353 1062 3409 Deficiunt

117 3444 152 3494 ab
171 3444 282 3496 Afranio
300 3445 404 3511 aliquot
422 3445 572 3511 Hispanias
595 3443 690 3510 populi
708 3444 905 3512 Caesaremque
923 3443 1059 3497 humento

118 3537 146 3582 et
162 3533 289 3584 iumentis
307 3534 438 3584 adiuvant
456 3549 479 3584 1.
498 3533 539 3584 10.
562 3533 622 3584 Iam
634 3532 736 3584 Caesar
749 3532 850 3584 Sicoris
867 3536 945 3599 puts
962 3546 1061 3585 aversa
