2376 3924
112 234 173 300 196
411 235 521 285 cunm
539 234 790 286 snnxsunmru

90 430 251 513 slocisquo
281 426 499 512 superioribus
526 429 588 490 iter
617 427 725 490 facere
752 427 903 490 instituit:
937 447 1014 489 nam
1045 447 1092 490 ex

111 535 214 598 Ponto
236 554 256 595 a
279 530 430 596 Comanis
462 532 575 616 iugum
599 528 721 594 editum
744 527 890 592 silvestre
919 537 982 611 est,
1017 551 1091 614 per·

112 639 216 700 tineus
231 637 264 698 in
280 634 470 701 Armeniam
485 637 650 716 minorem,
675 655 739 718 quo
755 631 962 718 Cappadocia
976 632 1091 697 finitur

91 738 154 813 aab
177 738 349 822 Armenia3
385 741 475 803 cuius
508 739 630 802 itineris
659 737 718 801 has
749 758 818 800 esse
847 745 951 800 certas
975 758 1091 822 oppor-

112 845 265 907 tunitates
288 841 376 924 vidit,
400 841 487 926 quod
509 844 542 905 in
564 841 641 906 locis
664 838 882 925 superioribus
904 840 1010 904 nullus
1032 843 1091 904 im-

113 957 206 1032 petus
228 948 415 1031 repentinus
438 945 586 1010 accidere
609 945 750 1009 hostium
772 953 914 1030 poterat,
946 954 979 1008 et
1001 945 1091 1029 quod

113 1049 319 1135 Cappadocia
349 1049 399 1112 his
428 1051 510 1134 iugis
538 1047 683 1112 subiecta
710 1069 863 1133 magnam
892 1057 1091 1112 commeatus

114 1156 239 1240 copiam
261 1162 331 1216 erat
353 1152 643 1216 subministratum.

200 1257 250 1320 36.
275 1255 464 1342 Complures
486 1258 616 1321 interim
637 1255 814 1342 legationes
836 1256 1023 1321 Pharnaces
1047 1257 1092 1321 ad

113 1362 292 1425 Domitium
325 1363 436 1443 mittit,
477 1382 560 1445 quae
595 1361 635 1425 de
664 1383 744 1447 pace
774 1369 909 1447 agerent
935 1363 1092 1446 regiaque

93 1487 249 1537 omunera
272 1466 414 1530 Domitio
437 1466 569 1530 ferrent.
593 1466 643 1529 Ea
659 1472 845 1530 constanter
861 1466 967 1528 omnia
982 1486 1092 1550 asper-

114 1570 255 1635 nabatur
288 1591 348 1633 nec
382 1569 441 1632 sibi
476 1570 650 1653 quicquam
685 1568 755 1633 fore
793 1570 954 1654 antiquius
991 1591 1093 1654 quam

115 1676 304 1758 dignitatem
333 1672 440 1758 populi
462 1674 599 1737 Romani
630 1681 663 1736 et
690 1694 792 1757 regna
820 1674 979 1736 sociorum
1001 1657 1093 1737 rccu-

94 1801 230 1864 sperare
253 1777 367 1862 legatis
389 1776 616 1862 respondebat.
655 1778 784 1862 Magnis
807 1785 840 1840 et
862 1778 1021 1841 continuis
1043 1779 1092 1841 iti-

115 1881 247 1945 neribus
286 1882 438 1945 oonfectis
478 1903 552 1945 cum
593 1880 785 1945 adventaret
822 1879 864 1944 ad
901 1880 1092 1967 Nicopolim,

116 1985 203 2069 quod
226 1985 380 2069 oppidum
402 1986 540 2068 positum
561 1987 595 2048 in
610 1983 766 2049 Armenia
788 1987 911 2049 minore
927 1994 975 2049 est
996 1985 1093 2071 plano

116 2090 221 2173 ipsum
250 2088 333 2170 loco,
368 2088 530 2153 montibus
557 2098 667 2153 tamen
695 2089 767 2155 altis
795 2089 837 2154 ab
867 2088 993 2154 duobus
1015 2089 1092 2155 late-

117 2193 205 2257 ribus
246 2193 378 2257 obiectis
419 2193 496 2256 satis
533 2215 651 2277 magno
688 2192 856 2257 intervallo
893 2193 935 2258 ab
974 2194 1093 2281 oppido

116 2299 262 2380 remotis,
308 2306 414 2362 castra
451 2299 556 2383 posuit
592 2296 686 2382 longe
726 2320 746 2361 a
782 2297 927 2383 Nicopoli
965 2299 1094 2363 circiter

95 2403 203 2468 nmilia
232 2424 385 2487 passuum
409 2419 467 2467 vn.
513 2399 640 2484 Quibus
674 2422 717 2464 ex
750 2402 863 2465 castris
897 2423 972 2467 cum
1003 2402 1094 2467 locus

117 2516 272 2591 angustus
295 2517 392 2590 atque
415 2505 586 2591 impeditus
614 2513 699 2568 esset
727 2505 958 2585 transeundus,
993 2507 1094 2571 Phar-

117 2632 214 2675 naces
244 2613 278 2673 in
306 2610 428 2673 insidiis
457 2608 597 2673 delectos
628 2608 752 2694 pedites
780 2631 955 2694 omnesque
988 2632 1095 2696 paene

117 2715 273 2798 disposuit
297 2717 436 2798 equites,
464 2734 618 2797 magnam
645 2720 754 2776 autem
781 2711 1018 2779 multitudinem
1041 2736 1095 2800 pe·

118 2821 200 2882 coris
234 2821 319 2882 intra
353 2841 408 2881 eas
441 2818 551 2881 fauces
585 2817 734 2900 dissipari
762 2818 855 2880 iussit
884 2838 1094 2902 paganosque

96 2931 151 2984 set
174 2921 350 3005 oppidanos
374 2925 406 2985 in
429 2922 478 2985 his
500 2922 577 2986 locis
600 2922 782 2985 obversari:
811 2930 856 3003 ut,
880 2923 948 2985 sive
970 2921 1095 2987 amicus

118 3028 186 3090 sive
209 3026 356 3088 inimicus
378 3026 540 3090 Domitius
563 3048 618 3089 eas
641 3028 807 3111 angustias
820 3018 991 3107 transiret,
1014 3024 1096 3090 nihil

118 3130 160 3194 de
183 3128 305 3191 insidiis
329 3131 561 3213 suspicaretur,
593 3152 667 3193 cum
696 3131 730 3193 in
757 3131 844 3213 agris
867 3137 899 3193 et
921 3149 1039 3214 pecora
1062 3137 1096 3194 et

14 3226 20 3249 ¹
118 3235 263 3298 homines
287 3233 560 3297 animadverteret
582 3235 706 3298 versari
728 3242 895 3318 tamquam
917 3234 1095 3297 amicorum

119 3338 279 3421 adventu3
315 3337 367 3399 siu
395 3346 431 3401 ut
462 3339 496 3401 in
523 3336 662 3401 hostium
690 3338 771 3402 fines
800 3339 941 3420 veniret,
970 3336 1095 3423 pracda

119 3442 301 3528 diripienda
333 3442 448 3506 milites
482 3441 714 3527 dissiparentur
749 3441 949 3527 dispersique
982 3439 1097 3506 caede·

118 3556 239 3612 rentur.
