2376 3924
149 211 211 277 192
445 215 554 266 BELLI
573 217 822 270 ALEXANDRINI

146 405 350 470 intervallum
376 406 461 471 inter
490 416 596 472 castra
624 417 657 473 et
682 409 803 474 flumen
831 408 939 474 Nilum
967 409 1124 476 habebat.

126 509 292 574 oMaxima
315 518 348 573 et
363 508 554 575 electissima
568 510 739 576 multitudo
755 509 1055 578 Alexandrinorum
1070 513 1126 578 de-

145 611 301 676 fendebat
323 635 395 678 eam
418 622 554 700 partem,
578 636 661 700 quae
677 615 863 681 facillimum
885 615 1010 681 aditum
1024 616 1125 682 habe·

145 714 216 798 bat3
241 715 414 802 plurimum
437 718 649 804 proficiebant
676 722 710 784 in
737 718 930 806 repellendis
952 720 1125 786 vulneran-

146 819 259 908 disque
274 823 401 904 nostris,
418 824 474 906 qui
484 825 616 906 regione
628 823 768 888 fluminis
780 823 844 888 Nili
856 823 1123 911 propugnabant3

146 922 282 988 diversis
305 925 390 987 enim
406 924 477 989 telis
491 928 593 989 nostri
608 925 802 1010 figebantur,
826 927 957 993 adversi
979 950 1023 992 ex
1037 928 1124 994 vallo

146 1036 334 1110 castrorum,
358 1031 466 1093 aversi
488 1051 530 1093 ex
552 1030 694 1112 flumine,
724 1033 758 1095 in
781 1053 844 1116 quo
867 1031 988 1096 multae
1009 1054 1124 1116 naves,

144 1131 321 1195 instructae
349 1130 565 1197 funditoribus
596 1142 629 1197 et
658 1136 842 1219 sagittariis,
871 1143 998 1199 nostros
1021 1137 1125 1222 impu-

145 1234 298 1321 gnabant.

231 1341 282 1404 31.
307 1339 437 1424 Caesar,
462 1363 535 1406 cum
557 1342 685 1407 videret
706 1343 821 1407 milites
844 1345 950 1412 acrius
972 1345 1125 1434 proeliari

145 1468 209 1512 non
237 1468 331 1532 posse
363 1468 424 1511 nec
457 1454 567 1510 tamen
599 1445 736 1510 multum
769 1448 882 1533 profici
915 1459 1048 1538 propter
1081 1449 1124 1515 lo·

146 1575 257 1617 corum
279 1551 503 1617 difficultatem
525 1573 664 1637 cumque
693 1555 836 1618 animum
858 1554 1047 1620 adverteret
1068 1575 1125 1619 ex·

144 1657 353 1722 celsissimum
380 1656 486 1722 locum
515 1665 694 1722 castrorum
716 1657 863 1723 relictum
885 1680 955 1723 esse
983 1656 1026 1722 ab
1048 1655 1125 1722 Ale

144 1763 327 1844 xandrinis,
357 1761 444 1846 quod
467 1770 499 1825 et
521 1783 579 1846 per
602 1782 636 1849 se
658 1764 800 1825 munitus
823 1769 924 1844 esset,
953 1770 986 1827 et
1015 1759 1123 1827 studio

145 1869 264 1951 partim
283 1863 449 1950 pugnandi
477 1865 594 1949 partim
617 1863 784 1949 spectandi
807 1862 1069 1928 decucurrissent
1089 1866 1124 1928 in

146 1992 220 2033 eum
243 1969 364 2051 locum,
399 1969 432 2030 in
461 1989 524 2052 quo
547 1966 771 2053 pugnabatur,
806 1967 953 2033 cohortes
982 1966 1034 2031 illo
1063 1969 1123 2032 cir·

147 2075 268 2137 cumire
305 2081 412 2136 castra
449 2079 482 2136 et
518 2092 680 2135 summum
716 2070 823 2136 locum
859 2070 994 2156 aggredi
1030 2073 1125 2136 iussit

145 2179 248 2261 iisque
264 2174 481 2266 ¹Carfulenum
510 2174 678 2260 praefecit,
714 2184 746 2240 et
774 2177 872 2240 animi
899 2173 1123 2260 magnitudine

125 2289 179 2345 set
201 2282 248 2344 rei
269 2279 415 2345 militaris
438 2280 570 2344 scientia
592 2282 700 2344 virum
722 2287 950 2364 praestantem.
989 2278 1063 2360 Quo
1086 2288 1124 2343 ut

146 2394 280 2449 ventum
295 2393 353 2466 est,
377 2385 489 2469 paucis
504 2382 753 2448 defendentibus
768 2384 989 2465 munitionem,
1004 2384 1123 2447 nostris

146 2496 258 2551 contra
285 2485 439 2551 militibus
467 2487 624 2549 acerrime
655 2484 874 2570 pugnantibus
903 2482 1032 2550 diverso
1060 2483 1123 2551 ela-

145 2613 234 2655 more
257 2600 289 2655 et
311 2589 430 2677 proelio
452 2590 615 2675 perterriti
629 2588 845 2656 Alexandrini
867 2587 1067 2674 trepidantes
1089 2591 1124 2653 in

125 2715 256 2760 somnes
279 2703 388 2780 partes
411 2700 592 2757 castrorum
607 2691 788 2757 discurrere
812 2701 997 2778 coeperunt.
1036 2693 1123 2776 Quo

145 2821 218 2863 rum
246 2798 486 2883 perturbatione
516 2805 699 2862 nostrorum
727 2797 825 2860 animi
858 2795 940 2861 adeo
974 2804 1050 2862 sunt
1077 2797 1123 2861 in·

146 2903 249 2984 citati,
283 2910 320 2965 ut
351 2923 454 2985 paene
488 2898 603 2964 eodem
635 2907 780 2984 tempore
810 2921 852 2962 ex
880 2897 1030 2963 omnibus
1051 2921 1130 2985 par-

145 3005 246 3086 tibus,
285 3005 380 3089 primi
418 3013 527 3067 tamen
560 3002 772 3066 editissimum
805 3011 985 3067 castrorum
1016 2999 1124 3067 locum

145 3116 313 3193 caperent3
337 3129 379 3170 ex
402 3128 464 3191 quo
488 3106 696 3170 decurrentes
719 3128 871 3190 magnam
886 3103 1125 3170 multitudinem

125 3211 285 3276 ‘hostium
318 3213 352 3275 in
385 3212 499 3275 castris
533 3210 772 3274 interfecerunt.
819 3207 916 3291 Quod
944 3207 1125 3294 periculum

146 3315 290 3403 plerique
302 3314 518 3379 Alexandrini
532 3312 693 3398 fugientes
716 3315 894 3378 acervatim
915 3334 950 3378 se
973 3311 1014 3378 de
1036 3310 1123 3377 vallo

146 3421 399 3507 praecipitarunt
431 3421 465 3483 in
497 3440 570 3483 eam
602 3426 745 3503 partem,
779 3438 862 3503 quae
895 3415 1019 3481 flumini
1052 3425 1126 3482 erut

125 3523 308 3588 oadiuncta.
353 3524 480 3588 Horum
513 3524 625 3608 primis
658 3523 692 3585 in
724 3524 795 3606 ipsa
824 3519 910 3585 fossa
937 3520 1126 3585 munitionis
