2376 3924
98 223 186 272 XXVI
399 222 609 274 ADNOTATIO
630 222 774 273 CRITICA

98 414 154 463 rico
179 412 342 477 expugnatis
366 427 493 476 magnum
519 416 591 460 certe
622 412 789 476 captivorum
820 428 962 463 numerum
986 429 1078 465 secum

98 500 217 549 duceret.

200 600 223 633 c.
240 583 282 641 36,
302 583 331 630 2:
349 578 396 648 [iu
414 578 520 649 moute]
539 580 637 630 desunt
660 581 729 630 haec
748 582 833 632 verba
849 583 878 632 in
901 584 1010 648 optimis
1034 600 1078 635 co·

97 670 212 720 dicibus.
225 699 258 710 -
272 671 296 732 §-
308 669 338 716 4:
346 665 584 735 periclitaretur]
597 667 668 716 hanc
681 668 745 716 olim
759 667 897 734 vulgatam
916 670 1076 734 scripturam

97 773 158 806 cum
181 754 313 821 Frigellio
340 753 520 804 revocandam
548 769 608 804 esse
634 754 736 816 censui,
764 770 824 804 cum
850 755 922 820 quod
945 756 974 805 in
998 755 1078 806 libris

97 841 215 892 melioris
238 846 318 891 notae
343 845 431 890 exstat
450 838 669 907 perspiceretur,
688 856 721 890 ex
738 855 824 905 prava
849 845 922 891 certe
946 842 1078 908 interpre-

95 930 199 978 tatione
227 928 337 977 rarioris
360 925 435 975 illius
459 930 486 975 et
504 926 679 990 elegantioris
702 927 781 976 verbi
804 927 937 992 originem
962 927 1077 979 duxerit.

95 1014 202 1064 accedit
225 1012 296 1078 quod
322 1013 433 1078 passive
455 1012 533 1061 verbi
559 1011 645 1061 forma
668 1011 880 1079 perspiceretur
907 1015 989 1064 etiam
1014 1030 1075 1065 cum

95 1099 186 1164 logica
203 1099 399 1148 sententiarum
416 1098 520 1147 ratione
542 1104 653 1163 pugnat.
677 1099 761 1148 verba
779 1100 851 1148 enim
869 1093 965 1165 ‘usque
987 1098 1079 1152 ullum

95 1185 153 1250 fere
167 1184 239 1238 diere
251 1176 466 1235 iuterrrtittebut'
481 1199 535 1233 non
548 1185 683 1234 actionem
697 1184 832 1248 quandam
846 1184 1009 1250 significant,
1023 1201 1081 1250 que.

95 1273 199 1338 aliquid
212 1277 241 1321 ut
252 1271 330 1322 fieret
341 1298 377 1309 —
385 1274 418 1323 ut
427 1269 636 1337 perspiceretur
647 1299 681 1307 -
691 1271 816 1321 effectum
826 1273 868 1333 sit,
880 1271 928 1322 sed
942 1273 1076 1321 sententia

95 1359 204 1409 demum
216 1374 263 1423 per
273 1356 342 1423 quiri
351 1356 513 1423 particulam
523 1356 629 1407 adnexa
645 1357 681 1407 ad
692 1359 826 1422 integram
839 1357 955 1408 actionis
974 1356 1075 1420 signifi-

95 1447 236 1506 cationem,
248 1460 285 1494 sc.
295 1444 330 1493 ad
340 1442 545 1492 describendam
556 1444 655 1507 agendi
665 1445 804 1504 rationem,
811 1459 864 1508 qua
870 1443 1080 1508 Vercingetorix

95 1548 159 1581 usus
178 1532 221 1594 sit,
235 1530 383 1595 explentur.
402 1533 475 1578 recte
489 1544 517 1578 ee
536 1528 648 1578 haberet
664 1531 803 1594 passivum
821 1529 890 1578 illud
904 1528 1075 1595 perspicere·

96 1621 152 1680 tur,
166 1619 188 1666 si
202 1617 332 1682 primaria
344 1630 450 1681 quoque
464 1616 598 1664 sententia
611 1617 720 1680 passivo
735 1616 810 1665 verbi
822 1630 921 1680 genere
933 1616 1078 1665 enuntiata

95 1708 182 1753 esset:
200 1716 286 1767 ueque
304 1699 380 1752 ullus
397 1698 457 1751 dies
475 1698 654 1752 intermissus
667 1705 716 1767 est,
729 1700 850 1767 quin...
857 1699 1075 1767 perspiceretur.

93 1817 129 1826 -
146 1791 169 1851 ξ.
195 1789 225 1839 6:
248 1785 297 1839 sed
321 1785 347 1838 is
373 1784 449 1838 locus
473 1785 619 1852 praesidio
648 1785 682 1838 ab
704 1785 748 1838 liis
771 1800 828 1838 uou
855 1785 967 1838 miuus
994 1785 1079 1850 firmo

95 1871 264 1942 terrebatur]
284 1872 387 1939 uiiuus,
406 1872 478 1937 quod
496 1874 524 1922 in
544 1873 602 1923 cod.
622 1874 713 1922 Moiss.
733 1872 877 1923 etLeid.1
898 1878 993 1934 exstat,
1013 1889 1075 1924 cum

94 1960 193 2026 reliqui
212 1961 276 2009 libri
293 1960 338 2008 vel
350 1958 435 2010 uiuris
454 1959 498 2009 vel
517 1958 642 2010 rrriuiuris
660 1958 788 2024 habeant,
807 1974 840 2009 ex
852 1960 941 2024 priore
955 1958 1074 2009 editione

94 2048 203 2106 retinui,
232 2061 294 2095 nam
318 2047 357 2096 ita
381 2045 488 2095 demum
512 2053 540 2096 et
565 2045 702 2110 particula
725 2044 783 2110 sed,
811 2061 864 2111 qua
887 2045 972 2095 verba
999 2051 1076 2096 ante·

94 2132 252 2182 cedentibus
277 2138 456 2196 opponuntur,
482 2136 556 2181 recte
580 2131 703 2181 adhibita
727 2146 786 2180 esse
811 2131 926 2194 videtur,
950 2136 977 2181 et
1002 2146 1073 2197 quae

94 2217 250 2282 adiungitur
268 2217 431 2267 adversandi
454 2217 587 2282 particula
612 2221 705 2267 tcmeu
723 2217 828 2282 (tuuieu
851 2215 963 2268 sileutio
980 2215 1078 2269 uectis·

98 2302 253 2356 Caesar...
265 2302 368 2355 deiecto
383 2301 531 2369 praesidio
544 2302 656 2369 potitus
674 2301 742 2367 loco)
761 2318 837 2352 suam
850 2303 904 2352 sihi
916 2303 970 2351 vim
983 2302 1079 2354 habet.

94 2397 189 2440 contra
221 2392 249 2439 in
285 2395 400 2455 utraque
431 2388 565 2454 particula
601 2388 751 2438 offendatur
781 2403 894 2438 necesse
927 2394 979 2449 est,
1011 2404 1074 2439 cum

94 2475 227 2537 scribitur,
246 2475 318 2540 quod
342 2475 490 2524 editoribus
508 2474 571 2524 inde
590 2475 624 2524 ab
644 2474 807 2539 Nipperdeio
832 2474 943 2539 placuit,
967 2474 1027 2527 seel
1046 2474 1077 2528 ie

93 2560 169 2613 locus
187 2560 332 2626 praesidio
351 2559 385 2612 ub
404 2559 447 2611 lu's
465 2574 534 2612 uou
551 2558 658 2611 uictis
676 2559 756 2624 strum
775 2557 930 2612 terrebatur.
958 2564 1077 2613 tumere

94 2663 114 2698 e.
134 2663 157 2713 q.
176 2661 197 2699 s.

196 2749 219 2782 c.
228 2733 269 2794 38,
281 2732 309 2781 t:
329 2730 433 2798 equites
447 2735 478 2783 et
490 2731 619 2784 multos
636 2729 802 2783 Aeduorum
817 2729 988 2799 interfectos,
998 2731 1076 2797 quod

93 2817 222 2870 collocuti
231 2833 293 2870 curri
302 2817 440 2869 Aruernis
459 2815 638 2886 dicerenturss
652 2818 752 2866 retinui
764 2816 836 2867 hanc
851 2818 998 2883 superioris
1014 2817 1071 2869 edi-

92 2905 176 2954 tionis
198 2902 351 2954 leotionem.
371 2904 465 2968 optimi
484 2902 561 2953 codd.
576 2901 679 2955 multos
697 2900 809 2968 equites,
825 2902 972 2954 deteriores
981 2916 1079 2955 omues

93 2988 197 3055 equites
217 2990 327 3040 habent.
364 2989 529 3054 Nipperdey,
547 2991 662 3051 Kraner,
681 2988 786 3050 Dinter,
805 2989 910 3040 Holder
927 2989 1074 3041 Wbittium

93 3077 179 3125 secuti
201 3075 299 3124 omisso
322 3074 458 3124 adiectivo
483 3074 588 3140 equites
601 3073 766 3127 Aeduorum
784 3073 947 3139 iuterfeetos
966 3089 988 3127 e.
1006 3089 1030 3140 q.
1049 3089 1071 3127 e.

94 3162 268 3227 scripserunt.
296 3166 324 3210 at
351 3160 415 3210 licet
443 3160 631 3223 concedamus,
659 3174 752 3212 omues
771 3176 788 3210 a
806 3162 934 3226 magistro
954 3160 1071 3226 quodam

93 3247 214 3297 additum
233 3262 301 3309 esse,
320 3250 350 3295 ut
363 3246 502 3296 hominum
514 3247 624 3296 illorum
638 3248 724 3297 oratio
744 3248 908 3296 consentiret
921 3263 981 3298 curn
993 3247 1068 3298 Lita-

93 3333 162 3382 vicci
173 3333 272 3392 verbis,
286 3333 332 3397 qui
345 3347 452 3382 omnem
465 3332 622 3396 equitatum,
636 3347 743 3383 omnem
757 3331 927 3383 nobilitatem
942 3334 1069 3384 interisse

94 3418 321 3482 pronuntiaverat,
333 3435 385 3469 non
396 3434 483 3484 aeque
492 3424 583 3468 tumen
593 3418 724 3484 explicari
734 3423 831 3484 potest,
842 3421 974 3484 quomodo
984 3420 1072 3473 altera

1 3573 2 3580 ἵ
92 3519 177 3570 saque
205 3507 365 3569 optimorum
393 3506 523 3555 librorum
550 3504 630 3555 lectio
656 3503 785 3556 multos
809 3505 949 3556 exstiterit.
975 3505 1071 3572 itaque
