<?xml version="1.0" encoding="UTF-8"?>
<!DOCTYPE html PUBLIC "-//W3C//DTD XHTML 1.0 Transitional//EN"
    "http://www.w3.org/TR/xhtml1/DTD/xhtml1-transitional.dtd">
<html xmlns="http://www.w3.org/1999/xhtml" xml:lang="en" lang="en">
 <head>
  <title>
</title>
<meta http-equiv="Content-Type" content="text/html;charset=utf-8" />
  <meta name='ocr-system' content='tesseract 3.04.00' />
  <meta name='ocr-capabilities' content='ocr_page ocr_carea ocr_par ocr_line ocrx_word'/>
</head>
<body>
  <div class='ocr_page' id='page_1' title='image "./ciuliicaesarisc00hoffgoog/ciuliicaesarisc00hoffgoog_0056.png"; bbox 0 0 2376 3924; ppageno 0'>
   <div class='ocr_carea' id='block_1_1' title="bbox 421 231 1081 298">
    <p class='ocr_par' dir='ltr' id='par_1_1' title="bbox 421 231 1081 298">
     <span class='ocr_line' id='line_1_1' title="bbox 421 231 1081 298; baseline -0.002 -15"><span class='ocrx_word' id='word_1_1' title='bbox 421 231 532 283; x_wconf 77' lang='lat' dir='ltr'><strong>mesu</strong></span> <span class='ocrx_word' id='word_1_2' title='bbox 550 233 571 292; x_wconf 90' lang='lat'><strong>1,</strong></span> <span class='ocrx_word' id='word_1_3' title='bbox 595 231 671 284; x_wconf 72' lang='lat' dir='ltr'><strong>cur.</strong></span> <span class='ocrx_word' id='word_1_4' title='bbox 691 234 766 284; x_wconf 84' lang='lat' dir='ltr'><strong>1-s.</strong></span> <span class='ocrx_word' id='word_1_5' title='bbox 1060 234 1081 298; x_wconf 88' lang='lat'>3</span> 
     </span>
    </p>
   </div>
   <div class='ocr_carea' id='block_1_2' title="bbox 96 420 1127 3707">
    <p class='ocr_par' dir='ltr' id='par_1_2' title="bbox 104 420 1079 510">
     <span class='ocr_line' id='line_1_2' title="bbox 104 420 1079 510; baseline 0.001 -21"><span class='ocrx_word' id='word_1_6' title='bbox 104 433 200 509; x_wconf 90' lang='lat' dir='ltr'><strong>parte</strong></span> <span class='ocrx_word' id='word_1_7' title='bbox 223 432 336 489; x_wconf 90' lang='lat' dir='ltr'><strong>monte</strong></span> <span class='ocrx_word' id='word_1_8' title='bbox 351 425 429 489; x_wconf 93' lang='lat' dir='ltr'><strong>Iura</strong></span> <span class='ocrx_word' id='word_1_9' title='bbox 453 420 629 504; x_wconf 84' lang='lat' dir='ltr'><strong>altissimo,</strong></span> <span class='ocrx_word' id='word_1_10' title='bbox 653 423 709 508; x_wconf 92' lang='lat' dir='ltr'><strong>qui</strong></span> <span class='ocrx_word' id='word_1_11' title='bbox 733 432 784 488; x_wconf 87' lang='lat' dir='ltr'><strong>est</strong></span> <span class='ocrx_word' id='word_1_12' title='bbox 801 422 889 489; x_wconf 86' lang='lat' dir='ltr'><strong>inter</strong></span> <span class='ocrx_word' id='word_1_13' title='bbox 906 423 1079 510; x_wconf 83' lang='lat' dir='ltr'><strong>Sequanos</strong></span> 
     </span>
    </p>

    <p class='ocr_par' dir='ltr' id='par_1_3' title="bbox 104 526 1079 610">
     <span class='ocr_line' id='line_1_3' title="bbox 104 526 1079 610; baseline 0.002 -18"><span class='ocrx_word' id='word_1_14' title='bbox 104 536 137 592; x_wconf 90' lang='lat' dir='ltr'><strong>et</strong></span> <span class='ocrx_word' id='word_1_15' title='bbox 162 526 353 610; x_wconf 83' lang='lat' dir='ltr'><strong>Helvetios3</strong></span> <span class='ocrx_word' id='word_1_16' title='bbox 377 529 478 592; x_wconf 89' lang='lat' dir='ltr'><strong>tertia</strong></span> <span class='ocrx_word' id='word_1_17' title='bbox 501 526 579 593; x_wconf 85' lang='lat' dir='ltr'><strong>lacu</strong></span> <span class='ocrx_word' id='word_1_18' title='bbox 594 526 766 592; x_wconf 83' lang='lat' dir='ltr'><strong>Lemanno</strong></span> <span class='ocrx_word' id='word_1_19' title='bbox 791 537 823 593; x_wconf 89' lang='lat' dir='ltr'><strong>et</strong></span> <span class='ocrx_word' id='word_1_20' title='bbox 845 527 979 594; x_wconf 89' lang='lat' dir='ltr'><strong>flumine</strong></span> <span class='ocrx_word' id='word_1_21' title='bbox 994 528 1079 594; x_wconf 87' lang='lat' dir='ltr'><strong>Rho·</strong></span> 
     </span>
    </p>

    <p class='ocr_par' dir='ltr' id='par_1_4' title="bbox 105 629 1080 716">
     <span class='ocr_line' id='line_1_4' title="bbox 105 629 1080 716; baseline 0 -21"><span class='ocrx_word' id='word_1_22' title='bbox 105 630 204 712; x_wconf 89' lang='lat' dir='ltr'><strong>dano,</strong></span> <span class='ocrx_word' id='word_1_23' title='bbox 228 632 284 716; x_wconf 93' lang='lat' dir='ltr'><strong>qui</strong></span> <span class='ocrx_word' id='word_1_24' title='bbox 300 632 507 716; x_wconf 87' lang='lat' dir='ltr'><strong>provinciam</strong></span> <span class='ocrx_word' id='word_1_25' title='bbox 523 640 674 696; x_wconf 87' lang='lat' dir='ltr'><strong>nostram</strong></span> <span class='ocrx_word' id='word_1_26' title='bbox 697 629 741 696; x_wconf 90' lang='lat' dir='ltr'><strong>ab</strong></span> <span class='ocrx_word' id='word_1_27' title='bbox 757 629 925 696; x_wconf 89' lang='lat' dir='ltr'><strong>Helvetiis</strong></span> <span class='ocrx_word' id='word_1_28' title='bbox 948 630 1080 697; x_wconf 83' lang='lat' dir='ltr'><strong>dividit.</strong></span> 
     </span>
    </p>

    <p class='ocr_par' dir='ltr' id='par_1_5' title="bbox 103 732 1102 924">
     <span class='ocr_line' id='line_1_5' title="bbox 104 732 1102 818; baseline 0.002 -20"><span class='ocrx_word' id='word_1_29' title='bbox 104 735 167 798; x_wconf 84' lang='lat' dir='ltr'><strong>His</strong></span> <span class='ocrx_word' id='word_1_30' title='bbox 191 732 291 800; x_wconf 88' lang='lat' dir='ltr'><strong>rebus</strong></span> <span class='ocrx_word' id='word_1_31' title='bbox 314 733 435 818; x_wconf 87' lang='lat' dir='ltr'><strong>fiebat,</strong></span> <span class='ocrx_word' id='word_1_32' title='bbox 464 743 558 800; x_wconf 90' lang='lat' dir='ltr'><strong>utet</strong></span> <span class='ocrx_word' id='word_1_33' title='bbox 580 735 689 800; x_wconf 87' lang='lat' dir='ltr'><strong>minus</strong></span> <span class='ocrx_word' id='word_1_34' title='bbox 717 733 787 800; x_wconf 91' lang='lat' dir='ltr'><strong>late</strong></span> <span class='ocrx_word' id='word_1_35' title='bbox 817 745 1024 818; x_wconf 89' lang='lat' dir='ltr'><strong>vagarentur</strong></span> <span class='ocrx_word' id='word_1_36' title='bbox 1048 745 1102 800; x_wconf 76' lang='lat' dir='ltr'><strong>etr</strong></span> 
     </span>
     <span class='ocr_line' id='line_1_6' title="bbox 103 835 1080 924; baseline 0 -21"><span class='ocrx_word' id='word_1_37' title='bbox 103 839 213 903; x_wconf 89' lang='lat' dir='ltr'><strong>minus</strong></span> <span class='ocrx_word' id='word_1_38' title='bbox 238 836 339 902; x_wconf 90' lang='lat' dir='ltr'><strong>facile</strong></span> <span class='ocrx_word' id='word_1_39' title='bbox 362 838 513 902; x_wconf 88' lang='lat' dir='ltr'><strong>finitimis</strong></span> <span class='ocrx_word' id='word_1_40' title='bbox 537 835 662 903; x_wconf 91' lang='lat' dir='ltr'><strong>bellum</strong></span> <span class='ocrx_word' id='word_1_41' title='bbox 689 837 812 903; x_wconf 91' lang='lat' dir='ltr'><strong>inferre</strong></span> <span class='ocrx_word' id='word_1_42' title='bbox 834 848 987 923; x_wconf 83' lang='lat' dir='ltr'><strong>possent,</strong></span> <span class='ocrx_word' id='word_1_43' title='bbox 1016 861 1080 924; x_wconf 90' lang='lat' dir='ltr'><strong>quo</strong></span> 
     </span>
    </p>

    <p class='ocr_par' dir='ltr' id='par_1_6' title="bbox 104 939 1080 1027">
     <span class='ocr_line' id='line_1_7' title="bbox 104 939 1080 1027; baseline 0.003 -22"><span class='ocrx_word' id='word_1_44' title='bbox 104 950 219 1027; x_wconf 91' lang='lat' dir='ltr'><strong>aperte</strong></span> <span class='ocrx_word' id='word_1_45' title='bbox 235 941 384 1006; x_wconf 91' lang='lat' dir='ltr'><strong>homines</strong></span> <span class='ocrx_word' id='word_1_46' title='bbox 401 940 550 1006; x_wconf 92' lang='lat' dir='ltr'><strong>bellandi</strong></span> <span class='ocrx_word' id='word_1_47' title='bbox 563 939 677 1026; x_wconf 91' lang='lat' dir='ltr'><strong>cupidi</strong></span> <span class='ocrx_word' id='word_1_48' title='bbox 693 962 815 1026; x_wconf 91' lang='lat' dir='ltr'><strong>magno</strong></span> <span class='ocrx_word' id='word_1_49' title='bbox 829 940 944 1008; x_wconf 89' lang='lat' dir='ltr'><strong>dolore</strong></span> <span class='ocrx_word' id='word_1_50' title='bbox 956 942 1080 1009; x_wconf 88' lang='lat' dir='ltr'><strong>afficie-</strong></span> 
     </span>
    </p>

    <p class='ocr_par' dir='ltr' id='par_1_7' title="bbox 103 1043 1102 1234">
     <span class='ocr_line' id='line_1_8' title="bbox 103 1043 1102 1132; baseline 0 -22"><span class='ocrx_word' id='word_1_51' title='bbox 103 1045 245 1127; x_wconf 82' lang='lat' dir='ltr'><strong>bantur3</strong></span> <span class='ocrx_word' id='word_1_52' title='bbox 277 1066 337 1130; x_wconf 93' lang='lat' dir='ltr'><strong>pro</strong></span> <span class='ocrx_word' id='word_1_53' title='bbox 372 1043 589 1110; x_wconf 88' lang='lat' dir='ltr'><strong>multitudino</strong></span> <span class='ocrx_word' id='word_1_54' title='bbox 622 1054 734 1110; x_wconf 90' lang='lat' dir='ltr'><strong>autem</strong></span> <span class='ocrx_word' id='word_1_55' title='bbox 762 1044 930 1111; x_wconf 91' lang='lat' dir='ltr'><strong>hominum</strong></span> <span class='ocrx_word' id='word_1_56' title='bbox 959 1056 992 1112; x_wconf 91' lang='lat' dir='ltr'><strong>et</strong></span> <span class='ocrx_word' id='word_1_57' title='bbox 1020 1069 1102 1132; x_wconf 76' lang='lat' dir='ltr'><strong>pros</strong></span> 
     </span>
     <span class='ocr_line' id='line_1_9' title="bbox 104 1147 1080 1234; baseline 0.002 -20"><span class='ocrx_word' id='word_1_58' title='bbox 104 1148 213 1233; x_wconf 88' lang='lat' dir='ltr'><strong>gloria</strong></span> <span class='ocrx_word' id='word_1_59' title='bbox 236 1147 317 1213; x_wconf 93' lang='lat' dir='ltr'><strong>belli</strong></span> <span class='ocrx_word' id='word_1_60' title='bbox 334 1158 435 1234; x_wconf 93' lang='lat' dir='ltr'><strong>atque</strong></span> <span class='ocrx_word' id='word_1_61' title='bbox 451 1147 660 1214; x_wconf 85' lang='lat' dir='ltr'><strong>fortitudinis</strong></span> <span class='ocrx_word' id='word_1_62' title='bbox 676 1158 840 1232; x_wconf 91' lang='lat' dir='ltr'><strong>angustos</strong></span> <span class='ocrx_word' id='word_1_63' title='bbox 857 1171 893 1214; x_wconf 90' lang='lat' dir='ltr'><strong>se</strong></span> <span class='ocrx_word' id='word_1_64' title='bbox 916 1150 999 1216; x_wconf 87' lang='lat' dir='ltr'><strong>fines</strong></span> <span class='ocrx_word' id='word_1_65' title='bbox 1022 1150 1080 1216; x_wconf 90' lang='lat' dir='ltr'><strong>ha·</strong></span> 
     </span>
    </p>

    <p class='ocr_par' dir='ltr' id='par_1_8' title="bbox 103 1251 1127 1444">
     <span class='ocr_line' id='line_1_10' title="bbox 103 1251 1127 1341; baseline 0.002 -23"><span class='ocrx_word' id='word_1_66' title='bbox 103 1252 182 1318; x_wconf 91' lang='lat' dir='ltr'><strong>bere</strong></span> <span class='ocrx_word' id='word_1_67' title='bbox 206 1251 472 1336; x_wconf 81' lang='lat' dir='ltr'><strong>arbitrabantur,</strong></span> <span class='ocrx_word' id='word_1_68' title='bbox 496 1255 552 1338; x_wconf 92' lang='lat' dir='ltr'><strong>qui</strong></span> <span class='ocrx_word' id='word_1_69' title='bbox 576 1254 609 1317; x_wconf 94' lang='lat' dir='ltr'><strong>in</strong></span> <span class='ocrx_word' id='word_1_70' title='bbox 626 1251 872 1337; x_wconf 86' lang='lat' dir='ltr'><strong>longitudinem</strong></span> <span class='ocrx_word' id='word_1_71' title='bbox 887 1254 982 1320; x_wconf 90' lang='lat' dir='ltr'><strong>milia</strong></span> <span class='ocrx_word' id='word_1_72' title='bbox 1004 1278 1080 1341; x_wconf 90' lang='lat' dir='ltr'><strong>pas·</strong></span> <span class='ocrx_word' id='word_1_73' title='bbox 1124 1303 1127 1307; x_wconf 75' lang='lat'><strong>·</strong></span> 
     </span>
     <span class='ocr_line' id='line_1_11' title="bbox 103 1355 954 1444; baseline 0.004 -24"><span class='ocrx_word' id='word_1_74' title='bbox 103 1379 197 1422; x_wconf 90' lang='lat' dir='ltr'><strong>suum</strong></span> <span class='ocrx_word' id='word_1_75' title='bbox 221 1371 318 1438; x_wconf 80' lang='lat' dir='ltr'><strong>ccxn,</strong></span> <span class='ocrx_word' id='word_1_76' title='bbox 347 1358 380 1421; x_wconf 90' lang='lat' dir='ltr'><strong>in</strong></span> <span class='ocrx_word' id='word_1_77' title='bbox 403 1355 618 1421; x_wconf 87' lang='lat' dir='ltr'><strong>latitudinem</strong></span> <span class='ocrx_word' id='word_1_78' title='bbox 641 1373 759 1421; x_wconf 73' lang='lat' dir='ltr'><strong>cmxxx</strong></span> <span class='ocrx_word' id='word_1_79' title='bbox 781 1357 954 1444; x_wconf 87' lang='lat' dir='ltr'><strong>patebant.</strong></span> 
     </span>
    </p>

    <p class='ocr_par' dir='ltr' id='par_1_9' title="bbox 96 1458 1102 3622">
     <span class='ocr_line' id='line_1_12' title="bbox 191 1458 1080 1545; baseline 0.004 -23"><span class='ocrx_word' id='word_1_80' title='bbox 191 1459 220 1524; x_wconf 86' lang='lat'><strong>3.</strong></span> <span class='ocrx_word' id='word_1_81' title='bbox 244 1458 308 1524; x_wconf 92' lang='lat' dir='ltr'><strong>His</strong></span> <span class='ocrx_word' id='word_1_82' title='bbox 325 1459 425 1525; x_wconf 90' lang='lat' dir='ltr'><strong>rebus</strong></span> <span class='ocrx_word' id='word_1_83' title='bbox 442 1458 581 1525; x_wconf 90' lang='lat' dir='ltr'><strong>adducti</strong></span> <span class='ocrx_word' id='word_1_84' title='bbox 598 1469 631 1524; x_wconf 90' lang='lat' dir='ltr'><strong>et</strong></span> <span class='ocrx_word' id='word_1_85' title='bbox 647 1460 850 1525; x_wconf 88' lang='lat' dir='ltr'><strong>auctoritate</strong></span> <span class='ocrx_word' id='word_1_86' title='bbox 867 1459 1080 1545; x_wconf 85' lang='lat' dir='ltr'><strong>Orgetorigis</strong></span> 
     </span>
     <span class='ocr_line' id='line_1_13' title="bbox 103 1563 1081 1650; baseline 0.001 -21"><span class='ocrx_word' id='word_1_87' title='bbox 103 1565 244 1650; x_wconf 88' lang='lat' dir='ltr'><strong>permoti</strong></span> <span class='ocrx_word' id='word_1_88' title='bbox 267 1565 515 1628; x_wconf 89' lang='lat' dir='ltr'><strong>constituerunt</strong></span> <span class='ocrx_word' id='word_1_89' title='bbox 539 1586 597 1646; x_wconf 92' lang='lat' dir='ltr'><strong>ea,</strong></span> <span class='ocrx_word' id='word_1_90' title='bbox 626 1584 711 1649; x_wconf 89' lang='lat' dir='ltr'><strong>quae</strong></span> <span class='ocrx_word' id='word_1_91' title='bbox 733 1563 779 1629; x_wconf 88' lang='lat' dir='ltr'><strong>ad</strong></span> <span class='ocrx_word' id='word_1_92' title='bbox 800 1564 1081 1650; x_wconf 90' lang='lat' dir='ltr'><strong>proficiscendum</strong></span> 
     </span>
     <span class='ocr_line' id='line_1_14' title="bbox 104 1667 1080 1753; baseline 0.001 -20"><span class='ocrx_word' id='word_1_93' title='bbox 104 1668 326 1753; x_wconf 85' lang='lat' dir='ltr'><strong>pertinerent,</strong></span> <span class='ocrx_word' id='word_1_94' title='bbox 357 1688 569 1752; x_wconf 85' lang='lat' dir='ltr'><strong>comparare,</strong></span> <span class='ocrx_word' id='word_1_95' title='bbox 601 1667 823 1732; x_wconf 90' lang='lat' dir='ltr'><strong>iumentorum</strong></span> <span class='ocrx_word' id='word_1_96' title='bbox 852 1676 884 1733; x_wconf 89' lang='lat' dir='ltr'><strong>et</strong></span> <span class='ocrx_word' id='word_1_97' title='bbox 909 1690 1080 1734; x_wconf 86' lang='lat' dir='ltr'><strong>carrorum</strong></span> 
     </span>
     <span class='ocr_line' id='line_1_15' title="bbox 103 1772 1080 1858; baseline -0.001 -21"><span class='ocrx_word' id='word_1_98' title='bbox 103 1793 201 1857; x_wconf 90' lang='lat' dir='ltr'><strong>quam</strong></span> <span class='ocrx_word' id='word_1_99' title='bbox 219 1772 402 1837; x_wconf 91' lang='lat' dir='ltr'><strong>maximum</strong></span> <span class='ocrx_word' id='word_1_100' title='bbox 421 1793 595 1837; x_wconf 89' lang='lat' dir='ltr'><strong>numerum</strong></span> <span class='ocrx_word' id='word_1_101' title='bbox 610 1781 771 1854; x_wconf 71' lang='lat' dir='ltr'><strong>coemere,</strong></span> <span class='ocrx_word' id='word_1_102' title='bbox 795 1781 961 1838; x_wconf 87' lang='lat' dir='ltr'><strong>sementes</strong></span> <span class='ocrx_word' id='word_1_103' title='bbox 980 1793 1080 1858; x_wconf 91' lang='lat' dir='ltr'><strong>quam</strong></span> 
     </span>
     <span class='ocr_line' id='line_1_16' title="bbox 101 1875 1079 1961; baseline 0 -21"><span class='ocrx_word' id='word_1_104' title='bbox 101 1876 267 1942; x_wconf 86' lang='lat' dir='ltr'><strong>maximas</strong></span> <span class='ocrx_word' id='word_1_105' title='bbox 291 1876 413 1959; x_wconf 85' lang='lat' dir='ltr'><strong>facere,</strong></span> <span class='ocrx_word' id='word_1_106' title='bbox 436 1883 472 1940; x_wconf 92' lang='lat' dir='ltr'><strong>ut</strong></span> <span class='ocrx_word' id='word_1_107' title='bbox 497 1875 531 1940; x_wconf 91' lang='lat' dir='ltr'><strong>in</strong></span> <span class='ocrx_word' id='word_1_108' title='bbox 554 1876 675 1941; x_wconf 88' lang='lat' dir='ltr'><strong>itinere</strong></span> <span class='ocrx_word' id='word_1_109' title='bbox 698 1876 795 1961; x_wconf 91' lang='lat' dir='ltr'><strong>copia</strong></span> <span class='ocrx_word' id='word_1_110' title='bbox 821 1875 980 1940; x_wconf 86' lang='lat' dir='ltr'><strong>frumenti</strong></span> <span class='ocrx_word' id='word_1_111' title='bbox 1005 1896 1079 1961; x_wconf 91' lang='lat' dir='ltr'><strong>sup-</strong></span> 
     </span>
     <span class='ocr_line' id='line_1_17' title="bbox 100 1977 1079 2066; baseline -0.001 -22"><span class='ocrx_word' id='word_1_112' title='bbox 100 1989 241 2064; x_wconf 86' lang='lat' dir='ltr'><strong>peteret,</strong></span> <span class='ocrx_word' id='word_1_113' title='bbox 264 2001 339 2045; x_wconf 93' lang='lat' dir='ltr'><strong>cum</strong></span> <span class='ocrx_word' id='word_1_114' title='bbox 362 1978 524 2065; x_wconf 81' lang='lat' dir='ltr'><strong>proximis</strong></span> <span class='ocrx_word' id='word_1_115' title='bbox 540 1977 739 2044; x_wconf 87' lang='lat' dir='ltr'><strong>civitatibus</strong></span> <span class='ocrx_word' id='word_1_116' title='bbox 763 2000 880 2066; x_wconf 90' lang='lat' dir='ltr'><strong>pacem</strong></span> <span class='ocrx_word' id='word_1_117' title='bbox 908 1986 941 2044; x_wconf 89' lang='lat' dir='ltr'><strong>et</strong></span> <span class='ocrx_word' id='word_1_118' title='bbox 965 1979 1079 2045; x_wconf 91' lang='lat' dir='ltr'><strong>amici·</strong></span> 
     </span>
     <span class='ocr_line' id='line_1_18' title="bbox 100 2080 1102 2149; baseline -0.002 -1"><span class='ocrx_word' id='word_1_119' title='bbox 100 2085 183 2148; x_wconf 88' lang='lat' dir='ltr'><strong>tiam</strong></span> <span class='ocrx_word' id='word_1_120' title='bbox 207 2084 416 2148; x_wconf 90' lang='lat' dir='ltr'><strong>confirmare.</strong></span> <span class='ocrx_word' id='word_1_121' title='bbox 440 2080 496 2147; x_wconf 85' lang='lat' dir='ltr'><strong>Ad</strong></span> <span class='ocrx_word' id='word_1_122' title='bbox 512 2104 569 2148; x_wconf 91' lang='lat' dir='ltr'><strong>eas</strong></span> <span class='ocrx_word' id='word_1_123' title='bbox 593 2104 646 2147; x_wconf 89' lang='lat' dir='ltr'><strong>res</strong></span> <span class='ocrx_word' id='word_1_124' title='bbox 663 2081 892 2148; x_wconf 90' lang='lat' dir='ltr'><strong>conficiendas</strong></span> <span class='ocrx_word' id='word_1_125' title='bbox 907 2080 1102 2149; x_wconf 77' lang='lat' dir='ltr'><strong>bienniuma</strong></span> 
     </span>
     <span class='ocr_line' id='line_1_19' title="bbox 101 2184 1080 2272; baseline 0.003 -23"><span class='ocrx_word' id='word_1_126' title='bbox 101 2185 166 2251; x_wconf 91' lang='lat' dir='ltr'><strong>sibi</strong></span> <span class='ocrx_word' id='word_1_127' title='bbox 191 2187 275 2251; x_wconf 89' lang='lat' dir='ltr'><strong>satis</strong></span> <span class='ocrx_word' id='word_1_128' title='bbox 299 2208 373 2251; x_wconf 90' lang='lat' dir='ltr'><strong>esse</strong></span> <span class='ocrx_word' id='word_1_129' title='bbox 391 2184 575 2252; x_wconf 88' lang='lat' dir='ltr'><strong>duxerunt:</strong></span> <span class='ocrx_word' id='word_1_130' title='bbox 600 2187 788 2252; x_wconf 87' lang='lat' dir='ltr'><strong>intertium</strong></span> <span class='ocrx_word' id='word_1_131' title='bbox 811 2209 935 2252; x_wconf 85' lang='lat' dir='ltr'><strong>anuum</strong></span> <span class='ocrx_word' id='word_1_132' title='bbox 952 2187 1080 2272; x_wconf 87' lang='lat' dir='ltr'><strong>profec-</strong></span> 
     </span>
     <span class='ocr_line' id='line_1_20' title="bbox 101 2288 1078 2374; baseline 0.002 -20"><span class='ocrx_word' id='word_1_133' title='bbox 101 2292 227 2355; x_wconf 89' lang='lat' dir='ltr'><strong>tionem</strong></span> <span class='ocrx_word' id='word_1_134' title='bbox 248 2288 324 2373; x_wconf 90' lang='lat' dir='ltr'><strong>lege</strong></span> <span class='ocrx_word' id='word_1_135' title='bbox 345 2289 556 2354; x_wconf 91' lang='lat' dir='ltr'><strong>confirmant.</strong></span> <span class='ocrx_word' id='word_1_136' title='bbox 587 2288 736 2372; x_wconf 89' lang='lat' dir='ltr'><strong>[Adeas</strong></span> <span class='ocrx_word' id='word_1_137' title='bbox 760 2311 814 2355; x_wconf 89' lang='lat' dir='ltr'><strong>res</strong></span> <span class='ocrx_word' id='word_1_138' title='bbox 838 2289 1078 2374; x_wconf 88' lang='lat' dir='ltr'><strong>conficiendas]</strong></span> 
     </span>
     <span class='ocr_line' id='line_1_21' title="bbox 102 2391 1101 2478; baseline -0.004 -19"><span class='ocrx_word' id='word_1_139' title='bbox 102 2393 285 2477; x_wconf 87' lang='lat' dir='ltr'><strong>Orgetorix</strong></span> <span class='ocrx_word' id='word_1_140' title='bbox 305 2392 486 2478; x_wconf 83' lang='lat' dir='ltr'><strong>[deligitur.</strong></span> <span class='ocrx_word' id='word_1_141' title='bbox 502 2391 548 2476; x_wconf 88' lang='lat' dir='ltr'><strong>Is]</strong></span> <span class='ocrx_word' id='word_1_142' title='bbox 565 2392 630 2459; x_wconf 91' lang='lat' dir='ltr'><strong>sibi</strong></span> <span class='ocrx_word' id='word_1_143' title='bbox 646 2393 851 2477; x_wconf 88' lang='lat' dir='ltr'><strong>legationem</strong></span> <span class='ocrx_word' id='word_1_144' title='bbox 863 2393 908 2459; x_wconf 87' lang='lat' dir='ltr'><strong>ad</strong></span> <span class='ocrx_word' id='word_1_145' title='bbox 920 2395 1101 2459; x_wconf 79' lang='lat' dir='ltr'><strong>civitatesc</strong></span> 
     </span>
     <span class='ocr_line' id='line_1_22' title="bbox 101 2495 1101 2584; baseline -0.005 -21"><span class='ocrx_word' id='word_1_146' title='bbox 101 2499 258 2584; x_wconf 84' lang='lat' dir='ltr'><strong>suscepit.</strong></span> <span class='ocrx_word' id='word_1_147' title='bbox 271 2500 311 2564; x_wconf 93' lang='lat' dir='ltr'><strong>In</strong></span> <span class='ocrx_word' id='word_1_148' title='bbox 324 2520 362 2564; x_wconf 91' lang='lat' dir='ltr'><strong>eo</strong></span> <span class='ocrx_word' id='word_1_149' title='bbox 375 2498 496 2563; x_wconf 91' lang='lat' dir='ltr'><strong>itinere</strong></span> <span class='ocrx_word' id='word_1_150' title='bbox 509 2497 690 2583; x_wconf 88' lang='lat' dir='ltr'><strong>persuadet</strong></span> <span class='ocrx_word' id='word_1_151' title='bbox 699 2495 848 2581; x_wconf 78' lang='lat' dir='ltr'><strong>Castico,</strong></span> <span class='ocrx_word' id='word_1_152' title='bbox 861 2495 1101 2565; x_wconf 75' lang='lat' dir='ltr'><strong>Catamantas</strong></span> 
     </span>
     <span class='ocr_line' id='line_1_23' title="bbox 100 2601 1080 2689; baseline -0.003 -20"><span class='ocrx_word' id='word_1_153' title='bbox 100 2602 207 2669; x_wconf 87' lang='lat' dir='ltr'><strong>loedis</strong></span> <span class='ocrx_word' id='word_1_154' title='bbox 220 2601 300 2686; x_wconf 90' lang='lat' dir='ltr'><strong>filio,</strong></span> <span class='ocrx_word' id='word_1_155' title='bbox 314 2602 479 2689; x_wconf 86' lang='lat' dir='ltr'><strong>Sequano,</strong></span> <span class='ocrx_word' id='word_1_156' title='bbox 496 2603 590 2667; x_wconf 91' lang='lat' dir='ltr'><strong>cuius</strong></span> <span class='ocrx_word' id='word_1_157' title='bbox 602 2611 701 2688; x_wconf 90' lang='lat' dir='ltr'><strong>pater</strong></span> <span class='ocrx_word' id='word_1_158' title='bbox 715 2622 854 2686; x_wconf 85' lang='lat' dir='ltr'><strong>reguum</strong></span> <span class='ocrx_word' id='word_1_159' title='bbox 871 2602 905 2666; x_wconf 90' lang='lat' dir='ltr'><strong>in</strong></span> <span class='ocrx_word' id='word_1_160' title='bbox 917 2601 1080 2689; x_wconf 90' lang='lat' dir='ltr'><strong>Sequanis</strong></span> 
     </span>
     <span class='ocr_line' id='line_1_24' title="bbox 100 2705 1079 2792; baseline -0.002 -20"><span class='ocrx_word' id='word_1_161' title='bbox 100 2707 222 2772; x_wconf 90' lang='lat' dir='ltr'><strong>multos</strong></span> <span class='ocrx_word' id='word_1_162' title='bbox 246 2729 353 2773; x_wconf 85' lang='lat' dir='ltr'><strong>annos</strong></span> <span class='ocrx_word' id='word_1_163' title='bbox 370 2706 564 2774; x_wconf 88' lang='lat' dir='ltr'><strong>obtinuerat</strong></span> <span class='ocrx_word' id='word_1_164' title='bbox 579 2716 611 2771; x_wconf 89' lang='lat' dir='ltr'><strong>et</strong></span> <span class='ocrx_word' id='word_1_165' title='bbox 628 2729 648 2771; x_wconf 92' lang='lat' dir='ltr'><strong>a</strong></span> <span class='ocrx_word' id='word_1_166' title='bbox 666 2714 786 2772; x_wconf 85' lang='lat' dir='ltr'><strong>senatu</strong></span> <span class='ocrx_word' id='word_1_167' title='bbox 806 2705 922 2792; x_wconf 92' lang='lat' dir='ltr'><strong>populi</strong></span> <span class='ocrx_word' id='word_1_168' title='bbox 936 2706 1079 2772; x_wconf 91' lang='lat' dir='ltr'><strong>Romani</strong></span> 
     </span>
     <span class='ocr_line' id='line_1_25' title="bbox 100 2810 1078 2898; baseline -0.002 -22"><span class='ocrx_word' id='word_1_169' title='bbox 100 2811 228 2876; x_wconf 89' lang='lat' dir='ltr'><strong>amicus</strong></span> <span class='ocrx_word' id='word_1_170' title='bbox 252 2810 442 2898; x_wconf 85' lang='lat' dir='ltr'><strong>appellatus</strong></span> <span class='ocrx_word' id='word_1_171' title='bbox 465 2819 549 2893; x_wconf 90' lang='lat' dir='ltr'><strong>erat,</strong></span> <span class='ocrx_word' id='word_1_172' title='bbox 572 2819 609 2876; x_wconf 91' lang='lat' dir='ltr'><strong>ut</strong></span> <span class='ocrx_word' id='word_1_173' title='bbox 631 2830 772 2894; x_wconf 88' lang='lat' dir='ltr'><strong>regnum</strong></span> <span class='ocrx_word' id='word_1_174' title='bbox 795 2810 829 2875; x_wconf 95' lang='lat' dir='ltr'><strong>in</strong></span> <span class='ocrx_word' id='word_1_175' title='bbox 853 2810 994 2876; x_wconf 88' lang='lat' dir='ltr'><strong>civitate</strong></span> <span class='ocrx_word' id='word_1_176' title='bbox 1017 2832 1078 2875; x_wconf 90' lang='lat' dir='ltr'><strong>sua</strong></span> 
     </span>
     <span class='ocr_line' id='line_1_26' title="bbox 99 2913 1099 3001; baseline -0.004 -21"><span class='ocrx_word' id='word_1_177' title='bbox 99 2923 292 3000; x_wconf 87' lang='lat' dir='ltr'><strong>occuparet,</strong></span> <span class='ocrx_word' id='word_1_178' title='bbox 308 2914 398 3000; x_wconf 89' lang='lat' dir='ltr'><strong>quod</strong></span> <span class='ocrx_word' id='word_1_179' title='bbox 412 2924 509 3001; x_wconf 89' lang='lat' dir='ltr'><strong>pater</strong></span> <span class='ocrx_word' id='word_1_180' title='bbox 525 2923 605 2980; x_wconf 90' lang='lat' dir='ltr'><strong>ante</strong></span> <span class='ocrx_word' id='word_1_181' title='bbox 617 2913 800 2999; x_wconf 82' lang='lat' dir='ltr'><strong>habuerat3</strong></span> <span class='ocrx_word' id='word_1_182' title='bbox 816 2916 962 3001; x_wconf 89' lang='lat' dir='ltr'><strong>itemque</strong></span> <span class='ocrx_word' id='word_1_183' title='bbox 972 2914 1099 2980; x_wconf 81' lang='lat' dir='ltr'><strong>Dum-s</strong></span> 
     </span>
     <span class='ocr_line' id='line_1_27' title="bbox 98 3016 1077 3105; baseline 0.002 -23"><span class='ocrx_word' id='word_1_184' title='bbox 98 3019 209 3101; x_wconf 91' lang='lat' dir='ltr'><strong>norigi</strong></span> <span class='ocrx_word' id='word_1_185' title='bbox 224 3016 354 3100; x_wconf 87' lang='lat' dir='ltr'><strong>Aeduo,</strong></span> <span class='ocrx_word' id='word_1_186' title='bbox 376 3016 476 3082; x_wconf 87' lang='lat' dir='ltr'><strong>fratri</strong></span> <span class='ocrx_word' id='word_1_187' title='bbox 492 3016 669 3102; x_wconf 88' lang='lat' dir='ltr'><strong>Divitiaci,</strong></span> <span class='ocrx_word' id='word_1_188' title='bbox 692 3019 748 3103; x_wconf 92' lang='lat' dir='ltr'><strong>qui</strong></span> <span class='ocrx_word' id='word_1_189' title='bbox 771 3039 808 3083; x_wconf 90' lang='lat' dir='ltr'><strong>eo</strong></span> <span class='ocrx_word' id='word_1_190' title='bbox 825 3026 972 3103; x_wconf 89' lang='lat' dir='ltr'><strong>tempore</strong></span> <span class='ocrx_word' id='word_1_191' title='bbox 987 3020 1077 3105; x_wconf 92' lang='lat' dir='ltr'><strong>prin·</strong></span> 
     </span>
     <span class='ocr_line' id='line_1_28' title="bbox 98 3120 1077 3208; baseline 0.002 -22"><span class='ocrx_word' id='word_1_192' title='bbox 98 3122 246 3208; x_wconf 90' lang='lat' dir='ltr'><strong>cipatum</strong></span> <span class='ocrx_word' id='word_1_193' title='bbox 280 3122 315 3186; x_wconf 95' lang='lat' dir='ltr'><strong>in</strong></span> <span class='ocrx_word' id='word_1_194' title='bbox 349 3122 491 3188; x_wconf 88' lang='lat' dir='ltr'><strong>civitate</strong></span> <span class='ocrx_word' id='word_1_195' title='bbox 526 3120 699 3188; x_wconf 91' lang='lat' dir='ltr'><strong>octinebat</strong></span> <span class='ocrx_word' id='word_1_196' title='bbox 734 3143 774 3187; x_wconf 92' lang='lat' dir='ltr'><strong>ac</strong></span> <span class='ocrx_word' id='word_1_197' title='bbox 808 3123 954 3187; x_wconf 85' lang='lat' dir='ltr'><strong>maxime</strong></span> <span class='ocrx_word' id='word_1_198' title='bbox 987 3120 1077 3208; x_wconf 90' lang='lat' dir='ltr'><strong>plebi</strong></span> 
     </span>
     <span class='ocr_line' id='line_1_29' title="bbox 97 3223 1077 3312; baseline 0 -21"><span class='ocrx_word' id='word_1_199' title='bbox 97 3235 256 3310; x_wconf 88' lang='lat' dir='ltr'><strong>acceptus</strong></span> <span class='ocrx_word' id='word_1_200' title='bbox 280 3233 364 3307; x_wconf 88' lang='lat' dir='ltr'><strong>erat,</strong></span> <span class='ocrx_word' id='word_1_201' title='bbox 391 3234 428 3290; x_wconf 91' lang='lat' dir='ltr'><strong>ut</strong></span> <span class='ocrx_word' id='word_1_202' title='bbox 452 3223 540 3290; x_wconf 90' lang='lat' dir='ltr'><strong>idem</strong></span> <span class='ocrx_word' id='word_1_203' title='bbox 562 3235 753 3309; x_wconf 85' lang='lat' dir='ltr'><strong>conaretur,</strong></span> <span class='ocrx_word' id='word_1_204' title='bbox 776 3226 956 3311; x_wconf 88' lang='lat' dir='ltr'><strong>persuadet</strong></span> <span class='ocrx_word' id='word_1_205' title='bbox 981 3228 1077 3312; x_wconf 92' lang='lat' dir='ltr'><strong>eique</strong></span> 
     </span>
     <span class='ocr_line' id='line_1_30' title="bbox 96 3327 1097 3395; baseline -0.004 0"><span class='ocrx_word' id='word_1_206' title='bbox 96 3328 200 3395; x_wconf 85' lang='lat' dir='ltr'><strong>filiam</strong></span> <span class='ocrx_word' id='word_1_207' title='bbox 222 3329 373 3395; x_wconf 82' lang='lat' dir='ltr'><strong>suumin</strong></span> <span class='ocrx_word' id='word_1_208' title='bbox 395 3328 645 3394; x_wconf 88' lang='lat' dir='ltr'><strong>matrimonium</strong></span> <span class='ocrx_word' id='word_1_209' title='bbox 677 3327 746 3394; x_wconf 87' lang='lat' dir='ltr'><strong>dat.</strong></span> <span class='ocrx_word' id='word_1_210' title='bbox 790 3328 957 3395; x_wconf 79' lang='lat' dir='ltr'><strong>Perfacile</strong></span> <span class='ocrx_word' id='word_1_211' title='bbox 983 3330 1097 3395; x_wconf 81' lang='lat' dir='ltr'><strong>factus</strong></span> 
     </span>
     <span class='ocr_line' id='line_1_31' title="bbox 98 3430 1077 3519; baseline 0 -21"><span class='ocrx_word' id='word_1_212' title='bbox 98 3454 171 3498; x_wconf 86' lang='lat' dir='ltr'><strong>esse</strong></span> <span class='ocrx_word' id='word_1_213' title='bbox 194 3430 262 3498; x_wconf 92' lang='lat' dir='ltr'><strong>illis</strong></span> <span class='ocrx_word' id='word_1_214' title='bbox 284 3431 407 3518; x_wconf 90' lang='lat' dir='ltr'><strong>probat</strong></span> <span class='ocrx_word' id='word_1_215' title='bbox 429 3441 553 3499; x_wconf 86' lang='lat' dir='ltr'><strong>conata</strong></span> <span class='ocrx_word' id='word_1_216' title='bbox 580 3431 759 3519; x_wconf 87' lang='lat' dir='ltr'><strong>perficere,</strong></span> <span class='ocrx_word' id='word_1_217' title='bbox 785 3439 963 3518; x_wconf 89' lang='lat' dir='ltr'><strong>propterea</strong></span> <span class='ocrx_word' id='word_1_218' title='bbox 987 3431 1077 3519; x_wconf 88' lang='lat' dir='ltr'><strong>quod</strong></span> 
     </span>
     <span class='ocr_line' id='line_1_32' title="bbox 96 3533 1075 3622; baseline 0.002 -22"><span class='ocrx_word' id='word_1_219' title='bbox 96 3537 169 3622; x_wconf 86' lang='lat' dir='ltr'><strong>ipss</strong></span> <span class='ocrx_word' id='word_1_220' title='bbox 189 3556 270 3602; x_wconf 89' lang='lat' dir='ltr'><strong>suae</strong></span> <span class='ocrx_word' id='word_1_221' title='bbox 292 3535 444 3603; x_wconf 86' lang='lat' dir='ltr'><strong>civitatis</strong></span> <span class='ocrx_word' id='word_1_222' title='bbox 466 3536 642 3621; x_wconf 89' lang='lat' dir='ltr'><strong>imperium</strong></span> <span class='ocrx_word' id='word_1_223' title='bbox 664 3533 864 3603; x_wconf 87' lang='lat' dir='ltr'><strong>obtenturus</strong></span> <span class='ocrx_word' id='word_1_224' title='bbox 881 3544 984 3602; x_wconf 89' lang='lat' dir='ltr'><strong>esset:</strong></span> <span class='ocrx_word' id='word_1_225' title='bbox 1007 3557 1075 3602; x_wconf 90' lang='lat' dir='ltr'><strong>non</strong></span> 
     </span>
    </p>

    <p class='ocr_par' dir='ltr' id='par_1_10' title="bbox 878 3654 917 3707">
     <span class='ocr_line' id='line_1_33' title="bbox 878 3654 917 3707; baseline 0 -19"><span class='ocrx_word' id='word_1_226' title='bbox 878 3654 917 3707; x_wconf 52' lang='grc' dir='ltr'><strong>νὴ</strong></span> 
     </span>
    </p>
   </div>
   <div class='ocr_carea' id='block_1_3' title="bbox 0 0 1192 3924">
    <p class='ocr_par' dir='ltr' id='par_1_11' title="bbox 0 0 1192 3924">
     <span class='ocr_line' id='line_1_34' title="bbox 0 0 1192 3924; baseline 0 1"><span class='ocrx_word' id='word_1_227' title='bbox 0 0 1192 3924; x_wconf 95' lang='lat' dir='ltr'><strong> </strong></span> 
     </span>
    </p>
   </div>
  </div>
 </body>
</html>
