2376 3924
143 219 186 284 34
450 219 499 268 DE
518 219 635 270 BELLO
655 218 813 269 GALLICO

144 412 178 474 in
196 407 344 474 Galliam
357 409 490 474 venisse
505 429 604 494 quam
624 407 781 495 populum
796 410 992 476 Romanum.
1016 411 1118 476 Num-

144 535 243 598 quam
275 519 353 576 ante
381 511 443 576 hoc
473 522 601 597 tempus
631 512 817 578 exercitum
839 513 952 600 populi
975 509 1119 580 Romani

122 615 279 681 sGalliae
291 615 483 701 provinciae
494 615 615 681 finibus
629 636 809 700 egressum.
824 616 913 698 Quid
926 616 992 682 sibi
1003 616 1120 699 vellet,

143 720 254 785 curin
271 741 348 785 suas
366 719 593 804 possessiones
616 719 771 785 veniret?
792 720 1006 786 Provinciam
1022 743 1119 786 suam

143 823 231 888 hanc
254 845 328 888 esse
351 820 516 905 Galliam,
551 825 637 889 sicut
668 822 761 890 illam
783 832 943 889 nostram.
982 825 1027 890 Ut
1051 825 1118 910 ipsi

143 926 283 993 concedi
306 948 372 991 non
397 934 574 1013 oporteret,
599 928 626 991 si
649 928 683 991 in
707 935 840 993 nostros
858 928 941 993 fines
958 929 1119 1012 impetum

141 1031 279 1113 iaceret,
304 1030 353 1094 sic
376 1030 456 1093 item
478 1050 539 1095 nos
556 1051 630 1094 esse
646 1030 788 1116 iniquos,
813 1029 902 1117 quod
918 1031 952 1095 in
969 1052 1028 1096 suo
1045 1031 1119 1097 iure

121 1157 179 1199 sse
202 1132 500 1219 interpellaremus.
526 1132 624 1213 Quod
639 1133 763 1198 fratres
775 1131 912 1197 Aeduos
928 1132 1118 1219 appellatos

125 1238 280 1320 diceret,
297 1258 363 1301 non
380 1257 415 1301 se
430 1245 500 1302 tam
515 1235 698 1301 barbarum
714 1258 821 1323 neque
841 1245 910 1302 tam
927 1238 1120 1322 imperitum

142 1363 216 1406 esse
238 1361 363 1424 rerum,
389 1348 515 1405 utnon
542 1341 644 1405 sciret
665 1361 773 1426 neque
794 1339 884 1406 bello
896 1339 1119 1425 Allobrogum

142 1445 292 1529 proximo
316 1442 451 1508 Aeduos
478 1444 638 1509 Romanis
668 1444 832 1510 auxilium
859 1445 979 1510 tulisse
1009 1466 1119 1530 neque

143 1548 232 1632 ipsos
255 1547 291 1611 in
315 1546 366 1611 his
390 1545 677 1629 contentionibus,
706 1569 789 1633 quas
808 1547 918 1613 Aedui
948 1569 1061 1613 secum
1084 1557 1119 1613 et

142 1674 217 1717 curn
240 1649 404 1737 Sequanis
433 1650 647 1735 habuissent,
681 1650 811 1716 auxilio
839 1650 952 1737 populi
974 1653 1119 1718 Romani

109 1774 219 1820 rousos
242 1777 326 1820 esse.
348 1754 481 1820 Debere
505 1776 541 1819 se
565 1755 730 1839 suspicari
753 1754 912 1820 simulata
936 1752 1119 1823 Caesarem

142 1860 303 1941 amicitia,
326 1857 416 1945 quod
439 1858 624 1923 exercitum
639 1858 674 1922 in
691 1855 805 1923 Gallia
826 1855 963 1941 habeat,
986 1858 1037 1923 sui
1061 1879 1119 1945 op·

109 1981 132 2020 11
142 1962 306 2050 primendi
335 1985 439 2029 causa
467 1960 602 2028 habere.
649 1961 715 2042 Qui
743 1962 810 2028 nisi
840 1962 983 2028 decedat
1016 1973 1119 2050 atque

142 2067 327 2133 exereitum
351 2065 498 2132 deducat
525 2089 569 2131 ex
597 2065 649 2130 his
679 2065 890 2150 regionibus,
926 2088 999 2132 sese
1022 2066 1119 2135 illum

108 2190 133 2228 12
142 2192 208 2236 non
231 2192 289 2255 pro
313 2170 421 2236 amieo
446 2169 506 2234 sed
530 2169 625 2235 hoste
648 2167 852 2234 habiturum.
876 2169 1018 2251 Quodsi
1043 2193 1120 2238 eum

118 2274 362 2358 interfecerit,
396 2273 510 2339 multis
540 2295 613 2338 sese
641 2271 812 2338 nobilibus
842 2273 1119 2360 principibusque

91 2381 96 2462 ᾖ
140 2377 592 2465 ρορηΙὶΒοιηαηυω-ςωῐωη
605 2397 679 2440 esse
691 2375 874 2442 facturum:
887 2376 923 2441 id
935 2398 971 2442 se
983 2377 1027 2443 ab
1035 2379 1119 2464 ipsis

141 2506 199 2569 per
221 2504 334 2548 eorum
356 2482 492 2547 nuntios
509 2490 713 2566 compertum
728 2478 863 2565 habere,
888 2503 1027 2567 quorum
1050 2503 1119 2549 om·

141 2588 232 2651 nium
255 2587 401 2670 gratiam
424 2593 526 2670 atque
541 2584 726 2649 amicitiam
743 2585 813 2650 eius
830 2594 937 2651 morte
951 2585 1119 2654 redimere

103 2688 132 2747 v1³
141 2699 263 2777 posset.
280 2689 420 2770 Quodsi
434 2687 647 2754 discessisset
664 2697 700 2754 et
717 2688 858 2756 liberam
869 2692 1119 2777 possessionem

141 2793 275 2860 Galliae
299 2792 364 2858 sibi
387 2791 604 2872 tradidisset,
642 2811 764 2876 magno
792 2814 827 2858 se
850 2792 945 2859 illum
967 2797 1119 2881 praemio

140 2906 429 2963 remuneraturum
441 2903 474 2960 et
486 2916 713 2981 quaecumque
725 2895 817 2962 bella
829 2900 900 2982 geri
912 2896 1026 2981 vellet,
1044 2900 1118 2967 sine

141 3001 208 3066 ullo
233 3002 303 3066 eius
327 2998 443 3064 labore
467 3007 500 3063 et
523 2996 671 3084 periculo
694 3000 933 3067 confecturum.

11 3088 14 3095 ¹
114 3112 128 3151 ’ὸ
226 3103 278 3168 45.
300 3101 409 3168 Multa
430 3099 474 3167 ab
491 3099 639 3167 Caesare
659 3103 694 3168 in
717 3127 792 3170 eam
807 3106 1011 3171 sententiam
1024 3104 1120 3175 diota

142 3215 236 3289 sunt,
271 3226 374 3291 quare
402 3205 538 3288 negotio
564 3204 726 3272 desistere
754 3230 821 3273 non
843 3217 975 3294 posset:
1008 3228 1120 3296 neque

11 3360 22 3399 ι
142 3332 236 3374 suam
254 3330 362 3394 neque
377 3306 491 3394 populi
503 3308 644 3373 Romani
660 3310 938 3376 consuetudinem
960 3313 1043 3398 pati,
1061 3314 1120 3381 ‘uti

11 3408 13 3419 '
143 3414 265 3498 optime
280 3420 449 3476 merentes
465 3412 575 3477 socios
593 3410 773 3498 desereret,
789 3437 897 3501 neque
913 3437 950 3480 se
966 3414 1121 3485 iudicare

119 3544 126 3560 ·
143 3514 290 3581 Galliam
313 3516 424 3601 potius
448 3538 523 3581 esse
538 3513 702 3583 Ariovisti
718 3539 817 3604 quam
832 3520 947 3606 populi
962 3519 1138 3611 Romani..
