<?xml version="1.0" encoding="UTF-8"?>
<!DOCTYPE html PUBLIC "-//W3C//DTD XHTML 1.0 Transitional//EN"
    "http://www.w3.org/TR/xhtml1/DTD/xhtml1-transitional.dtd">
<html xmlns="http://www.w3.org/1999/xhtml" xml:lang="en" lang="en">
 <head>
  <title>
</title>
<meta http-equiv="Content-Type" content="text/html;charset=utf-8" />
  <meta name='ocr-system' content='tesseract 3.04.00' />
  <meta name='ocr-capabilities' content='ocr_page ocr_carea ocr_par ocr_line ocrx_word'/>
</head>
<body>
  <div class='ocr_page' id='page_1' title='image "./ciuliicaesarisc00hoffgoog/ciuliicaesarisc00hoffgoog_0443.png"; bbox 0 0 2378 3922; ppageno 0'>
   <div class='ocr_carea' id='block_1_1' title="bbox 141 229 763 295">
    <p class='ocr_par' dir='ltr' id='par_1_1' title="bbox 141 229 763 295">
     <span class='ocr_line' id='line_1_1' title="bbox 141 229 763 295; baseline 0 -15"><span class='ocrx_word' id='word_1_1' title='bbox 141 229 182 295; x_wconf 78' lang='lat'>38</span> <span class='ocrx_word' id='word_1_2' title='bbox 440 229 490 280; x_wconf 73' lang='lat' dir='ltr'>DE</span> <span class='ocrx_word' id='word_1_3' title='bbox 509 229 629 280; x_wconf 70' lang='lat' dir='ltr'><strong>BELLO</strong></span> <span class='ocrx_word' id='word_1_4' title='bbox 650 230 763 281; x_wconf 84' lang='lat' dir='ltr'>CIVILI</span> 
     </span>
    </p>
   </div>
   <div class='ocr_carea' id='block_1_2' title="bbox 40 419 1187 3625">
    <p class='ocr_par' dir='ltr' id='par_1_2' title="bbox 115 419 1119 1129">
     <span class='ocr_line' id='line_1_2' title="bbox 223 419 1117 505; baseline 0.002 -21"><span class='ocrx_word' id='word_1_5' title='bbox 223 419 274 484; x_wconf 80' lang='lat'>56.</span> <span class='ocrx_word' id='word_1_6' title='bbox 299 421 388 484; x_wconf 91' lang='lat' dir='ltr'>Dum</span> <span class='ocrx_word' id='word_1_7' title='bbox 410 421 472 485; x_wconf 88' lang='lat' dir='ltr'>hac</span> <span class='ocrx_word' id='word_1_8' title='bbox 487 422 530 486; x_wconf 89' lang='lat' dir='ltr'>ad</span> <span class='ocrx_word' id='word_1_9' title='bbox 545 420 687 486; x_wconf 84' lang='lat' dir='ltr'>Ilerdam</span> <span class='ocrx_word' id='word_1_10' title='bbox 708 429 876 505; x_wconf 90' lang='lat' dir='ltr'>geruntur,</span> <span class='ocrx_word' id='word_1_11' title='bbox 900 421 1117 486; x_wconf 79' lang='lat' dir='ltr'>Massilienses</span> 
     </span>
     <span class='ocr_line' id='line_1_3' title="bbox 137 523 1119 610; baseline 0.001 -22"><span class='ocrx_word' id='word_1_12' title='bbox 137 526 187 588; x_wconf 92' lang='lat' dir='ltr'>usi</span> <span class='ocrx_word' id='word_1_13' title='bbox 221 524 259 589; x_wconf 75' lang='lat' dir='ltr'>JL.</span> <span class='ocrx_word' id='word_1_14' title='bbox 295 525 428 588; x_wconf 90' lang='lat' dir='ltr'>Domitii</span> <span class='ocrx_word' id='word_1_15' title='bbox 470 524 599 589; x_wconf 89' lang='lat' dir='ltr'>consilio</span> <span class='ocrx_word' id='word_1_16' title='bbox 643 546 744 589; x_wconf 89' lang='lat' dir='ltr'>naves</span> <span class='ocrx_word' id='word_1_17' title='bbox 785 523 897 609; x_wconf 87' lang='lat' dir='ltr'>longas</span> <span class='ocrx_word' id='word_1_18' title='bbox 939 525 1119 610; x_wconf 84' lang='lat' dir='ltr'>expediunt</span> 
     </span>
     <span class='ocr_line' id='line_1_4' title="bbox 115 627 1117 713; baseline 0.005 -25"><span class='ocrx_word' id='word_1_19' title='bbox 115 648 270 692; x_wconf 76' lang='lat' dir='ltr'>enumero</span> <span class='ocrx_word' id='word_1_20' title='bbox 293 644 379 710; x_wconf 82' lang='lat' dir='ltr'>xvll,</span> <span class='ocrx_word' id='word_1_21' title='bbox 414 649 551 713; x_wconf 86' lang='lat' dir='ltr'>quarum</span> <span class='ocrx_word' id='word_1_22' title='bbox 580 637 673 692; x_wconf 89' lang='lat' dir='ltr'>erant</span> <span class='ocrx_word' id='word_1_23' title='bbox 700 644 738 693; x_wconf 82' lang='lat' dir='ltr'>xl</span> <span class='ocrx_word' id='word_1_24' title='bbox 760 636 874 692; x_wconf 85' lang='lat' dir='ltr'>tectae.</span> <span class='ocrx_word' id='word_1_25' title='bbox 920 627 1024 693; x_wconf 90' lang='lat' dir='ltr'>Multa</span> <span class='ocrx_word' id='word_1_26' title='bbox 1051 628 1117 693; x_wconf 92' lang='lat' dir='ltr'>huc</span> 
     </span>
     <span class='ocr_line' id='line_1_5' title="bbox 136 730 1116 816; baseline 0.001 -21"><span class='ocrx_word' id='word_1_27' title='bbox 136 734 260 795; x_wconf 90' lang='lat' dir='ltr'>minora</span> <span class='ocrx_word' id='word_1_28' title='bbox 283 733 413 816; x_wconf 90' lang='lat' dir='ltr'>navigia</span> <span class='ocrx_word' id='word_1_29' title='bbox 436 731 576 814; x_wconf 90' lang='lat' dir='ltr'>addunt,</span> <span class='ocrx_word' id='word_1_30' title='bbox 610 740 646 794; x_wconf 93' lang='lat' dir='ltr'>ut</span> <span class='ocrx_word' id='word_1_31' title='bbox 679 733 748 816; x_wconf 88' lang='lat' dir='ltr'>ipsa</span> <span class='ocrx_word' id='word_1_32' title='bbox 772 730 975 795; x_wconf 89' lang='lat' dir='ltr'>multitudine</span> <span class='ocrx_word' id='word_1_33' title='bbox 1005 740 1116 796; x_wconf 90' lang='lat' dir='ltr'>nostra</span> 
     </span>
     <span class='ocr_line' id='line_1_6' title="bbox 135 834 1114 920; baseline 0 -21"><span class='ocrx_word' id='word_1_34' title='bbox 135 834 244 899; x_wconf 90' lang='lat' dir='ltr'>classis</span> <span class='ocrx_word' id='word_1_35' title='bbox 267 845 436 900; x_wconf 90' lang='lat' dir='ltr'>terreatur.</span> <span class='ocrx_word' id='word_1_36' title='bbox 482 837 639 919; x_wconf 88' lang='lat' dir='ltr'>Magnum</span> <span class='ocrx_word' id='word_1_37' title='bbox 667 857 838 899; x_wconf 91' lang='lat' dir='ltr'>numerum</span> <span class='ocrx_word' id='word_1_38' title='bbox 864 837 1114 920; x_wconf 77' lang='lat' dir='ltr'>sagittariorum,</span> 
     </span>
     <span class='ocr_line' id='line_1_7' title="bbox 134 938 1115 1025; baseline 0 -22"><span class='ocrx_word' id='word_1_39' title='bbox 134 961 287 1025; x_wconf 90' lang='lat' dir='ltr'>magnum</span> <span class='ocrx_word' id='word_1_40' title='bbox 304 939 509 1022; x_wconf 80' lang='lat' dir='ltr'>Albicorum,</span> <span class='ocrx_word' id='word_1_41' title='bbox 533 940 573 1004; x_wconf 91' lang='lat' dir='ltr'>de</span> <span class='ocrx_word' id='word_1_42' title='bbox 597 939 714 1024; x_wconf 93' lang='lat' dir='ltr'>quibus</span> <span class='ocrx_word' id='word_1_43' title='bbox 737 962 834 1024; x_wconf 90' lang='lat' dir='ltr'>supra</span> <span class='ocrx_word' id='word_1_44' title='bbox 857 938 1115 1004; x_wconf 88' lang='lat' dir='ltr'>demonstratum</span> 
     </span>
     <span class='ocr_line' id='line_1_8' title="bbox 133 1042 1114 1129; baseline 0.001 -22"><span class='ocrx_word' id='word_1_45' title='bbox 133 1052 191 1124; x_wconf 91' lang='lat' dir='ltr'>est,</span> <span class='ocrx_word' id='word_1_46' title='bbox 214 1046 382 1128; x_wconf 91' lang='lat' dir='ltr'>imponunt</span> <span class='ocrx_word' id='word_1_47' title='bbox 404 1054 501 1128; x_wconf 89' lang='lat' dir='ltr'>atque</span> <span class='ocrx_word' id='word_1_48' title='bbox 524 1043 582 1108; x_wconf 91' lang='lat' dir='ltr'>hos</span> <span class='ocrx_word' id='word_1_49' title='bbox 604 1045 754 1129; x_wconf 90' lang='lat' dir='ltr'>praemiis</span> <span class='ocrx_word' id='word_1_50' title='bbox 770 1042 1114 1129; x_wconf 77' lang='lat' dir='ltr'>pollicitationibusque</span> 
     </span>
    </p>

    <p class='ocr_par' dir='ltr' id='par_1_3' title="bbox 110 1146 1112 1235">
     <span class='ocr_line' id='line_1_9' title="bbox 110 1146 1112 1235; baseline 0.002 -25"><span class='ocrx_word' id='word_1_51' title='bbox 110 1149 274 1211; x_wconf 70' lang='lat' dir='ltr'>tincitant.</span> <span class='ocrx_word' id='word_1_52' title='bbox 321 1146 435 1211; x_wconf 77' lang='lat' dir='ltr'>Certos</span> <span class='ocrx_word' id='word_1_53' title='bbox 457 1147 517 1211; x_wconf 91' lang='lat' dir='ltr'>sibi</span> <span class='ocrx_word' id='word_1_54' title='bbox 542 1147 686 1233; x_wconf 89' lang='lat' dir='ltr'>deposcit</span> <span class='ocrx_word' id='word_1_55' title='bbox 707 1170 808 1212; x_wconf 86' lang='lat' dir='ltr'>naves</span> <span class='ocrx_word' id='word_1_56' title='bbox 830 1150 991 1212; x_wconf 87' lang='lat' dir='ltr'>Domitius</span> <span class='ocrx_word' id='word_1_57' title='bbox 1014 1158 1112 1235; x_wconf 93' lang='lat' dir='ltr'>atque</span> 
     </span>
    </p>

    <p class='ocr_par' dir='ltr' id='par_1_4' title="bbox 109 1249 1113 1749">
     <span class='ocr_line' id='line_1_10' title="bbox 133 1249 1112 1336; baseline 0.003 -23"><span class='ocrx_word' id='word_1_58' title='bbox 133 1249 190 1312; x_wconf 89' lang='lat' dir='ltr'>has</span> <span class='ocrx_word' id='word_1_59' title='bbox 220 1249 338 1314; x_wconf 91' lang='lat' dir='ltr'>colonis</span> <span class='ocrx_word' id='word_1_60' title='bbox 373 1251 629 1336; x_wconf 83' lang='lat' dir='ltr'>pastoribusque,</span> <span class='ocrx_word' id='word_1_61' title='bbox 657 1273 743 1336; x_wconf 90' lang='lat' dir='ltr'>quos</span> <span class='ocrx_word' id='word_1_62' title='bbox 777 1274 886 1315; x_wconf 91' lang='lat' dir='ltr'>secum</span> <span class='ocrx_word' id='word_1_63' title='bbox 917 1251 1112 1334; x_wconf 80' lang='lat' dir='ltr'>adduxerat,</span> 
     </span>
     <span class='ocr_line' id='line_1_11' title="bbox 109 1353 1113 1440; baseline 0.004 -24"><span class='ocrx_word' id='word_1_64' title='bbox 109 1353 277 1438; x_wconf 73' lang='lat' dir='ltr'>scomplet.</span> <span class='ocrx_word' id='word_1_65' title='bbox 324 1355 377 1421; x_wconf 84' lang='lat' dir='ltr'>Sic</span> <span class='ocrx_word' id='word_1_66' title='bbox 400 1353 547 1419; x_wconf 89' lang='lat' dir='ltr'>omnibus</span> <span class='ocrx_word' id='word_1_67' title='bbox 569 1353 667 1419; x_wconf 90' lang='lat' dir='ltr'>rebus</span> <span class='ocrx_word' id='word_1_68' title='bbox 690 1356 847 1419; x_wconf 88' lang='lat' dir='ltr'>instructa</span> <span class='ocrx_word' id='word_1_69' title='bbox 869 1355 969 1419; x_wconf 89' lang='lat' dir='ltr'>classe</span> <span class='ocrx_word' id='word_1_70' title='bbox 993 1379 1113 1440; x_wconf 89' lang='lat' dir='ltr'>magna</span> 
     </span>
     <span class='ocr_line' id='line_1_12' title="bbox 130 1457 1112 1545; baseline 0.004 -26"><span class='ocrx_word' id='word_1_71' title='bbox 130 1457 250 1521; x_wconf 78' lang='lat' dir='ltr'>fiducia</span> <span class='ocrx_word' id='word_1_72' title='bbox 272 1457 314 1522; x_wconf 92' lang='lat' dir='ltr'>ad</span> <span class='ocrx_word' id='word_1_73' title='bbox 336 1468 463 1523; x_wconf 90' lang='lat' dir='ltr'>nostras</span> <span class='ocrx_word' id='word_1_74' title='bbox 486 1481 585 1523; x_wconf 86' lang='lat' dir='ltr'>naves</span> <span class='ocrx_word' id='word_1_75' title='bbox 609 1458 796 1544; x_wconf 87' lang='lat' dir='ltr'>procedunt,</span> <span class='ocrx_word' id='word_1_76' title='bbox 821 1458 937 1543; x_wconf 88' lang='lat' dir='ltr'>quibus</span> <span class='ocrx_word' id='word_1_77' title='bbox 960 1469 1112 1545; x_wconf 88' lang='lat' dir='ltr'>praeerat</span> 
     </span>
     <span class='ocr_line' id='line_1_13' title="bbox 130 1562 1111 1646; baseline 0.001 -21"><span class='ocrx_word' id='word_1_78' title='bbox 130 1563 171 1625; x_wconf 82' lang='lat' dir='ltr'>l).</span> <span class='ocrx_word' id='word_1_79' title='bbox 196 1562 326 1627; x_wconf 88' lang='lat' dir='ltr'>Brutus.</span> <span class='ocrx_word' id='word_1_80' title='bbox 360 1563 433 1626; x_wconf 90' lang='lat' dir='ltr'>Hae</span> <span class='ocrx_word' id='word_1_81' title='bbox 456 1562 499 1627; x_wconf 91' lang='lat' dir='ltr'>ad</span> <span class='ocrx_word' id='word_1_82' title='bbox 521 1562 667 1645; x_wconf 90' lang='lat' dir='ltr'>insulam,</span> <span class='ocrx_word' id='word_1_83' title='bbox 687 1585 770 1646; x_wconf 92' lang='lat' dir='ltr'>quae</span> <span class='ocrx_word' id='word_1_84' title='bbox 794 1571 841 1625; x_wconf 87' lang='lat' dir='ltr'>ost</span> <span class='ocrx_word' id='word_1_85' title='bbox 864 1571 976 1626; x_wconf 88' lang='lat' dir='ltr'>contra</span> <span class='ocrx_word' id='word_1_86' title='bbox 999 1563 1111 1627; x_wconf 90' lang='lat' dir='ltr'>Massi-</span> 
     </span>
     <span class='ocr_line' id='line_1_14' title="bbox 130 1665 616 1749; baseline 0.002 -20"><span class='ocrx_word' id='word_1_87' title='bbox 130 1665 215 1749; x_wconf 89' lang='lat' dir='ltr'>liam,</span> <span class='ocrx_word' id='word_1_88' title='bbox 239 1669 394 1731; x_wconf 89' lang='lat' dir='ltr'>stationes</span> <span class='ocrx_word' id='word_1_89' title='bbox 418 1666 616 1731; x_wconf 90' lang='lat' dir='ltr'>obtinebant.</span> 
     </span>
    </p>

    <p class='ocr_par' dir='ltr' id='par_1_5' title="bbox 127 1769 1109 2062">
     <span class='ocr_line' id='line_1_15' title="bbox 214 1769 1109 1853; baseline 0.001 -20"><span class='ocrx_word' id='word_1_90' title='bbox 214 1769 264 1834; x_wconf 81' lang='lat'>57.</span> <span class='ocrx_word' id='word_1_91' title='bbox 288 1771 371 1834; x_wconf 85' lang='lat' dir='ltr'>Erat</span> <span class='ocrx_word' id='word_1_92' title='bbox 392 1771 491 1835; x_wconf 92' lang='lat' dir='ltr'>multo</span> <span class='ocrx_word' id='word_1_93' title='bbox 514 1771 645 1835; x_wconf 89' lang='lat' dir='ltr'>inferior</span> <span class='ocrx_word' id='word_1_94' title='bbox 668 1793 801 1834; x_wconf 90' lang='lat' dir='ltr'>numero</span> <span class='ocrx_word' id='word_1_95' title='bbox 823 1771 955 1834; x_wconf 89' lang='lat' dir='ltr'>navium</span> <span class='ocrx_word' id='word_1_96' title='bbox 970 1770 1109 1853; x_wconf 80' lang='lat' dir='ltr'>Brutus3</span> 
     </span>
     <span class='ocr_line' id='line_1_16' title="bbox 128 1872 1108 1957; baseline 0.002 -22"><span class='ocrx_word' id='word_1_97' title='bbox 128 1872 185 1937; x_wconf 89' lang='lat' dir='ltr'>sed</span> <span class='ocrx_word' id='word_1_98' title='bbox 208 1872 325 1938; x_wconf 90' lang='lat' dir='ltr'>electos</span> <span class='ocrx_word' id='word_1_99' title='bbox 348 1896 390 1937; x_wconf 87' lang='lat' dir='ltr'>ex</span> <span class='ocrx_word' id='word_1_100' title='bbox 418 1874 566 1938; x_wconf 91' lang='lat' dir='ltr'>omnibus</span> <span class='ocrx_word' id='word_1_101' title='bbox 594 1872 772 1957; x_wconf 86' lang='lat' dir='ltr'>legionibus</span> <span class='ocrx_word' id='word_1_102' title='bbox 800 1873 988 1937; x_wconf 80' lang='lat' dir='ltr'>fortissimos</span> <span class='ocrx_word' id='word_1_103' title='bbox 1011 1875 1108 1956; x_wconf 90' lang='lat' dir='ltr'>viros,</span> 
     </span>
     <span class='ocr_line' id='line_1_17' title="bbox 127 1976 1108 2062; baseline 0.003 -23"><span class='ocrx_word' id='word_1_104' title='bbox 127 1979 364 2062; x_wconf 88' lang='lat' dir='ltr'>antesignanos,</span> <span class='ocrx_word' id='word_1_105' title='bbox 380 1980 592 2060; x_wconf 78' lang='lat' dir='ltr'>centuriones,</span> <span class='ocrx_word' id='word_1_106' title='bbox 609 1976 773 2041; x_wconf 81' lang='lat' dir='ltr'>Caesarei</span> <span class='ocrx_word' id='word_1_107' title='bbox 791 1977 882 2040; x_wconf 87' lang='lat' dir='ltr'>classi</span> <span class='ocrx_word' id='word_1_108' title='bbox 904 1977 1108 2060; x_wconf 88' lang='lat' dir='ltr'>attribuerat,</span> 
     </span>
    </p>

    <p class='ocr_par' dir='ltr' id='par_1_6' title="bbox 104 2081 1107 2477">
     <span class='ocr_line' id='line_1_18' title="bbox 104 2081 1107 2166; baseline 0.004 -24"><span class='ocrx_word' id='word_1_109' title='bbox 104 2084 182 2165; x_wconf 68' lang='lat' dir='ltr'>aqui</span> <span class='ocrx_word' id='word_1_110' title='bbox 205 2081 264 2145; x_wconf 89' lang='lat' dir='ltr'>sibi</span> <span class='ocrx_word' id='word_1_111' title='bbox 289 2081 320 2144; x_wconf 91' lang='lat' dir='ltr'>id</span> <span class='ocrx_word' id='word_1_112' title='bbox 343 2084 484 2145; x_wconf 90' lang='lat' dir='ltr'>muneris</span> <span class='ocrx_word' id='word_1_113' title='bbox 508 2081 770 2166; x_wconf 88' lang='lat' dir='ltr'>depoposcerant.</span> <span class='ocrx_word' id='word_1_114' title='bbox 795 2083 838 2144; x_wconf 89' lang='lat' dir='ltr'>lli</span> <span class='ocrx_word' id='word_1_115' title='bbox 854 2103 969 2144; x_wconf 88' lang='lat' dir='ltr'>manus</span> <span class='ocrx_word' id='word_1_116' title='bbox 984 2082 1107 2146; x_wconf 83' lang='lat' dir='ltr'>ferreas</span> 
     </span>
     <span class='ocr_line' id='line_1_19' title="bbox 126 2186 1107 2271; baseline 0.002 -23"><span class='ocrx_word' id='word_1_117' title='bbox 126 2195 223 2269; x_wconf 90' lang='lat' dir='ltr'>atque</span> <span class='ocrx_word' id='word_1_118' title='bbox 246 2186 448 2270; x_wconf 83' lang='lat' dir='ltr'>harpagones</span> <span class='ocrx_word' id='word_1_119' title='bbox 472 2195 668 2270; x_wconf 88' lang='lat' dir='ltr'>paraverant</span> <span class='ocrx_word' id='word_1_120' title='bbox 696 2207 877 2269; x_wconf 68' lang='lat' dir='ltr'>magnaque</span> <span class='ocrx_word' id='word_1_121' title='bbox 906 2208 1039 2249; x_wconf 92' lang='lat' dir='ltr'>numero</span> <span class='ocrx_word' id='word_1_122' title='bbox 1063 2190 1107 2271; x_wconf 91' lang='lat' dir='ltr'>pi-</span> 
     </span>
     <span class='ocr_line' id='line_1_20' title="bbox 125 2288 1106 2374; baseline 0.002 -23"><span class='ocrx_word' id='word_1_123' title='bbox 125 2288 237 2372; x_wconf 86' lang='lat' dir='ltr'>lorum,</span> <span class='ocrx_word' id='word_1_124' title='bbox 262 2289 462 2374; x_wconf 84' lang='lat' dir='ltr'>tragularum</span> <span class='ocrx_word' id='word_1_125' title='bbox 492 2288 752 2373; x_wconf 87' lang='lat' dir='ltr'>reliquorumque</span> <span class='ocrx_word' id='word_1_126' title='bbox 775 2288 911 2352; x_wconf 88' lang='lat' dir='ltr'>telorum</span> <span class='ocrx_word' id='word_1_127' title='bbox 935 2312 968 2353; x_wconf 90' lang='lat' dir='ltr'>se</span> <span class='ocrx_word' id='word_1_128' title='bbox 992 2292 1106 2353; x_wconf 89' lang='lat' dir='ltr'>instru-</span> 
     </span>
     <span class='ocr_line' id='line_1_21' title="bbox 124 2392 1104 2477; baseline 0.002 -22"><span class='ocrx_word' id='word_1_129' title='bbox 124 2403 250 2457; x_wconf 88' lang='lat' dir='ltr'>xerant.</span> <span class='ocrx_word' id='word_1_130' title='bbox 289 2394 340 2456; x_wconf 89' lang='lat' dir='ltr'>Ita</span> <span class='ocrx_word' id='word_1_131' title='bbox 364 2395 490 2477; x_wconf 88' lang='lat' dir='ltr'>cognito</span> <span class='ocrx_word' id='word_1_132' title='bbox 514 2392 652 2456; x_wconf 86' lang='lat' dir='ltr'>hostium</span> <span class='ocrx_word' id='word_1_133' title='bbox 676 2393 819 2456; x_wconf 88' lang='lat' dir='ltr'>adventu</span> <span class='ocrx_word' id='word_1_134' title='bbox 842 2416 916 2457; x_wconf 90' lang='lat' dir='ltr'>suas</span> <span class='ocrx_word' id='word_1_135' title='bbox 939 2415 1039 2457; x_wconf 88' lang='lat' dir='ltr'>naves</span> <span class='ocrx_word' id='word_1_136' title='bbox 1063 2416 1104 2457; x_wconf 84' lang='lat' dir='ltr'>ex</span> 
     </span>
    </p>

    <p class='ocr_par' dir='ltr' id='par_1_7' title="bbox 40 2496 1104 3309">
     <span class='ocr_line' id='line_1_22' title="bbox 40 2496 1104 2581; baseline -0.002 -19"><span class='ocrx_word' id='word_1_137' title='bbox 40 2514 42 2521; x_wconf 81' lang='grc'>’</span> <span class='ocrx_word' id='word_1_138' title='bbox 102 2507 219 2580; x_wconf 82' lang='lat' dir='ltr'>apertu</span> <span class='ocrx_word' id='word_1_139' title='bbox 248 2497 404 2578; x_wconf 89' lang='lat' dir='ltr'>educunt,</span> <span class='ocrx_word' id='word_1_140' title='bbox 440 2518 513 2560; x_wconf 92' lang='lat' dir='ltr'>cum</span> <span class='ocrx_word' id='word_1_141' title='bbox 536 2496 789 2560; x_wconf 85' lang='lat' dir='ltr'>Massiliensibus</span> <span class='ocrx_word' id='word_1_142' title='bbox 813 2498 997 2581; x_wconf 90' lang='lat' dir='ltr'>confligunt.</span> <span class='ocrx_word' id='word_1_143' title='bbox 1044 2498 1104 2560; x_wconf 91' lang='lat' dir='ltr'>Pu·</span> 
     </span>
     <span class='ocr_line' id='line_1_23' title="bbox 123 2601 1104 2685; baseline 0.003 -24"><span class='ocrx_word' id='word_1_144' title='bbox 123 2610 257 2681; x_wconf 88' lang='lat' dir='ltr'>gnatum</span> <span class='ocrx_word' id='word_1_145' title='bbox 270 2611 318 2664; x_wconf 82' lang='lat' dir='ltr'>est</span> <span class='ocrx_word' id='word_1_146' title='bbox 333 2604 494 2685; x_wconf 86' lang='lat' dir='ltr'>utrimque</span> <span class='ocrx_word' id='word_1_147' title='bbox 510 2601 680 2663; x_wconf 83' lang='lat' dir='ltr'>fortissime</span> <span class='ocrx_word' id='word_1_148' title='bbox 696 2609 793 2685; x_wconf 93' lang='lat' dir='ltr'>atque</span> <span class='ocrx_word' id='word_1_149' title='bbox 810 2602 980 2683; x_wconf 72' lang='lat' dir='ltr'>acerrimo,</span> <span class='ocrx_word' id='word_1_150' title='bbox 998 2623 1104 2684; x_wconf 89' lang='lat' dir='ltr'>neque</span> 
     </span>
     <span class='ocr_line' id='line_1_24' title="bbox 123 2703 1103 2785; baseline 0.004 -21"><span class='ocrx_word' id='word_1_151' title='bbox 123 2703 257 2766; x_wconf 89' lang='lat' dir='ltr'>multum</span> <span class='ocrx_word' id='word_1_152' title='bbox 292 2704 398 2768; x_wconf 84' lang='lat' dir='ltr'>Albici</span> <span class='ocrx_word' id='word_1_153' title='bbox 437 2707 553 2767; x_wconf 87' lang='lat' dir='ltr'>nostris</span> <span class='ocrx_word' id='word_1_154' title='bbox 590 2706 709 2767; x_wconf 85' lang='lat' dir='ltr'>virtute</span> <span class='ocrx_word' id='word_1_155' title='bbox 747 2703 923 2785; x_wconf 85' lang='lat' dir='ltr'>cedebant,</span> <span class='ocrx_word' id='word_1_156' title='bbox 959 2705 1103 2768; x_wconf 82' lang='lat' dir='ltr'>homines</span> 
     </span>
     <span class='ocr_line' id='line_1_25' title="bbox 100 2809 1103 2892; baseline 0.004 -23"><span class='ocrx_word' id='word_1_157' title='bbox 100 2810 228 2891; x_wconf 66' lang='lat' dir='ltr'>rasperi</span> <span class='ocrx_word' id='word_1_158' title='bbox 244 2817 276 2870; x_wconf 90' lang='lat' dir='ltr'>et</span> <span class='ocrx_word' id='word_1_159' title='bbox 292 2811 444 2891; x_wconf 89' lang='lat' dir='ltr'>montani,</span> <span class='ocrx_word' id='word_1_160' title='bbox 469 2810 636 2873; x_wconf 87' lang='lat' dir='ltr'>exercitati</span> <span class='ocrx_word' id='word_1_161' title='bbox 660 2811 691 2871; x_wconf 94' lang='lat' dir='ltr'>in</span> <span class='ocrx_word' id='word_1_162' title='bbox 708 2811 819 2891; x_wconf 79' lang='lat' dir='ltr'>armis3</span> <span class='ocrx_word' id='word_1_163' title='bbox 845 2819 942 2892; x_wconf 89' lang='lat' dir='ltr'>atquc</span> <span class='ocrx_word' id='word_1_164' title='bbox 959 2809 990 2872; x_wconf 92' lang='lat' dir='ltr'>hi</span> <span class='ocrx_word' id='word_1_165' title='bbox 1007 2810 1103 2873; x_wconf 91' lang='lat' dir='ltr'>modo</span> 
     </span>
     <span class='ocr_line' id='line_1_26' title="bbox 122 2911 1102 2998; baseline 0.005 -26"><span class='ocrx_word' id='word_1_166' title='bbox 122 2911 257 2994; x_wconf 87' lang='lat' dir='ltr'>digressi</span> <span class='ocrx_word' id='word_1_167' title='bbox 285 2936 304 2975; x_wconf 89' lang='lat' dir='ltr'>a</span> <span class='ocrx_word' id='word_1_168' title='bbox 327 2912 580 2976; x_wconf 86' lang='lat' dir='ltr'>Massiliensibus</span> <span class='ocrx_word' id='word_1_169' title='bbox 610 2922 773 2976; x_wconf 87' lang='lat' dir='ltr'>recentem</span> <span class='ocrx_word' id='word_1_170' title='bbox 807 2935 919 2976; x_wconf 92' lang='lat' dir='ltr'>eorum</span> <span class='ocrx_word' id='word_1_171' title='bbox 952 2912 1102 2998; x_wconf 89' lang='lat' dir='ltr'>pollicita-</span> 
     </span>
     <span class='ocr_line' id='line_1_27' title="bbox 122 3015 1101 3101; baseline 0.004 -25"><span class='ocrx_word' id='word_1_172' title='bbox 122 3016 240 3077; x_wconf 88' lang='lat' dir='ltr'>tionem</span> <span class='ocrx_word' id='word_1_173' title='bbox 268 3019 382 3080; x_wconf 84' lang='lat' dir='ltr'>animis</span> <span class='ocrx_word' id='word_1_174' title='bbox 405 3015 626 3098; x_wconf 87' lang='lat' dir='ltr'>continebant,</span> <span class='ocrx_word' id='word_1_175' title='bbox 656 3027 864 3101; x_wconf 88' lang='lat' dir='ltr'>pastoresque</span> <span class='ocrx_word' id='word_1_176' title='bbox 888 3018 1021 3080; x_wconf 82' lang='lat' dir='ltr'>Domitii</span> <span class='ocrx_word' id='word_1_177' title='bbox 1045 3040 1101 3101; x_wconf 90' lang='lat' dir='ltr'>spe</span> 
     </span>
     <span class='ocr_line' id='line_1_28' title="bbox 120 3117 1101 3204; baseline 0.002 -24"><span class='ocrx_word' id='word_1_178' title='bbox 120 3117 276 3183; x_wconf 87' lang='lat' dir='ltr'>libertatis</span> <span class='ocrx_word' id='word_1_179' title='bbox 311 3122 442 3184; x_wconf 88' lang='lat' dir='ltr'>excitati</span> <span class='ocrx_word' id='word_1_180' title='bbox 475 3119 534 3183; x_wconf 91' lang='lat' dir='ltr'>sub</span> <span class='ocrx_word' id='word_1_181' title='bbox 565 3119 662 3183; x_wconf 91' lang='lat' dir='ltr'>oculis</span> <span class='ocrx_word' id='word_1_182' title='bbox 692 3119 811 3183; x_wconf 89' lang='lat' dir='ltr'>domini</span> <span class='ocrx_word' id='word_1_183' title='bbox 840 3142 931 3182; x_wconf 88' lang='lat' dir='ltr'>suam</span> <span class='ocrx_word' id='word_1_184' title='bbox 962 3119 1101 3204; x_wconf 89' lang='lat' dir='ltr'>probare</span> 
     </span>
     <span class='ocr_line' id='line_1_29' title="bbox 121 3225 459 3309; baseline 0.009 -23"><span class='ocrx_word' id='word_1_185' title='bbox 121 3247 252 3309; x_wconf 90' lang='lat' dir='ltr'>operam</span> <span class='ocrx_word' id='word_1_186' title='bbox 277 3225 459 3289; x_wconf 88' lang='lat' dir='ltr'>studebant.</span> 
     </span>
    </p>

    <p class='ocr_par' dir='ltr' id='par_1_8' title="bbox 119 3327 1101 3516">
     <span class='ocr_line' id='line_1_30' title="bbox 205 3327 1101 3414; baseline 0 -23"><span class='ocrx_word' id='word_1_187' title='bbox 205 3327 255 3391; x_wconf 79' lang='lat'>58.</span> <span class='ocrx_word' id='word_1_188' title='bbox 294 3331 359 3414; x_wconf 90' lang='lat' dir='ltr'>lpsi</span> <span class='ocrx_word' id='word_1_189' title='bbox 389 3328 604 3392; x_wconf 88' lang='lat' dir='ltr'>Massilienses</span> <span class='ocrx_word' id='word_1_190' title='bbox 639 3339 670 3391; x_wconf 89' lang='lat' dir='ltr'>et</span> <span class='ocrx_word' id='word_1_191' title='bbox 704 3327 865 3392; x_wconf 88' lang='lat' dir='ltr'>celeritate</span> <span class='ocrx_word' id='word_1_192' title='bbox 900 3330 1030 3391; x_wconf 85' lang='lat' dir='ltr'>navium</span> <span class='ocrx_word' id='word_1_193' title='bbox 1069 3337 1101 3391; x_wconf 90' lang='lat' dir='ltr'>et</span> 
     </span>
     <span class='ocr_line' id='line_1_31' title="bbox 119 3430 1099 3516; baseline -0.005 -20"><span class='ocrx_word' id='word_1_194' title='bbox 119 3435 251 3496; x_wconf 85' lang='lat' dir='ltr'>scientia</span> <span class='ocrx_word' id='word_1_195' title='bbox 274 3431 529 3516; x_wconf 86' lang='lat' dir='ltr'>gubernatorum</span> <span class='ocrx_word' id='word_1_196' title='bbox 552 3431 663 3495; x_wconf 84' lang='lat' dir='ltr'>conlisi</span> <span class='ocrx_word' id='word_1_197' title='bbox 694 3439 819 3495; x_wconf 90' lang='lat' dir='ltr'>nostros</span> <span class='ocrx_word' id='word_1_198' title='bbox 848 3430 1022 3495; x_wconf 89' lang='lat' dir='ltr'>eludebant</span> <span class='ocrx_word' id='word_1_199' title='bbox 1045 3432 1099 3492; x_wconf 85' lang='lat' dir='ltr'>irn-</span> 
     </span>
    </p>

    <p class='ocr_par' dir='ltr' id='par_1_9' title="bbox 51 3533 1187 3625">
     <span class='ocr_line' id='line_1_32' title="bbox 51 3533 1187 3625; baseline -0.002 -28"><span class='ocrx_word' id='word_1_200' title='bbox 51 3622 53 3625; x_wconf 78' lang='lat'>.</span> <span class='ocrx_word' id='word_1_201' title='bbox 102 3545 273 3620; x_wconf 81' lang='lat' dir='ltr'>petusquo</span> <span class='ocrx_word' id='word_1_202' title='bbox 312 3557 424 3599; x_wconf 90' lang='lat' dir='ltr'>eorum</span> <span class='ocrx_word' id='word_1_203' title='bbox 463 3533 667 3622; x_wconf 91' lang='lat' dir='ltr'>decipiebant</span> <span class='ocrx_word' id='word_1_204' title='bbox 693 3543 741 3617; x_wconf 90' lang='lat' dir='ltr'>et,</span> <span class='ocrx_word' id='word_1_205' title='bbox 773 3534 880 3620; x_wconf 94' lang='lat' dir='ltr'>quoad</span> <span class='ocrx_word' id='word_1_206' title='bbox 907 3533 1023 3597; x_wconf 89' lang='lat' dir='ltr'>licebat</span> <span class='ocrx_word' id='word_1_207' title='bbox 1056 3533 1099 3596; x_wconf 91' lang='lat' dir='ltr'>la·</span> <span class='ocrx_word' id='word_1_208' title='bbox 1183 3555 1187 3562; x_wconf 87' lang='lat'><strong>·</strong></span> 
     </span>
    </p>
   </div>
   <div class='ocr_carea' id='block_1_3' title="bbox 0 0 1194 3922">
    <p class='ocr_par' dir='ltr' id='par_1_10' title="bbox 0 0 1194 3922">
     <span class='ocr_line' id='line_1_33' title="bbox 0 0 1194 3922; baseline 0 5"><span class='ocrx_word' id='word_1_209' title='bbox 0 0 1194 3922; x_wconf 95' lang='lat' dir='ltr'> </span> 
     </span>
    </p>
   </div>
  </div>
 </body>
</html>
