2376 3924
355 241 465 291 mena
482 242 533 304 111,
553 240 630 293 cnr.
643 241 753 291 *re-eo.
979 240 1040 305 145

64 433 217 498 tecedens
245 433 385 498 hostium
412 430 571 496 beneficio
600 430 778 516 periculum
800 420 917 496 vitavit
943 430 1040 495 etad

65 537 248 622 Aeginium,
283 535 370 622 quod
394 545 443 600 est
466 535 626 600 obiectum
650 532 917 621 [oppositumque]
941 536 1039 600 Thes-

64 641 172 724 saliae,
197 640 328 707 Caesari
350 643 493 706 venienti
516 642 663 704 occurrit.

151 746 200 809 80.
232 745 409 811 Coniuncto
443 746 589 809 exercitu
622 743 743 808 Caesar
771 744 937 829 Gomphos
971 768 1040 831 pcr-

63 851 161 932 venit,
186 849 272 934 quod
295 858 344 913 est
366 848 519 934 oppidum
542 850 682 934 primum
703 847 890 912 Thessaliae
912 851 1040 913 venien-

63 951 148 1016 tibus
172 951 214 1017 ab
236 953 351 1038 Epir03
391 972 475 1036 quae
508 973 588 1038 gens
622 953 733 1036 paucis
766 960 841 1015 ante
875 953 1039 1017 mensibus

24 1100 26 1103 ψ
62 1055 146 1120 ultro
170 1055 213 1121 ad
236 1055 410 1122 Caesarem
432 1055 556 1141 legatos
578 1058 720 1139 miserat,
747 1063 781 1119 nt
803 1057 867 1121 suis
891 1056 1039 1120 omnibus

63 1159 269 1225 facultatibus
301 1168 458 1241 uteretur,
493 1158 754 1244 praesidiumque
778 1158 819 1223 ab
843 1181 880 1223 eo
903 1159 1039 1224 mihtum

63 1267 209 1350 petierat.
234 1262 300 1330 Sed
315 1284 353 1327 eo
368 1263 456 1326 fama
471 1265 536 1326 iam
559 1272 795 1347 praecurrerat,
819 1285 918 1348 quam
940 1281 1060 1348 supra2

62 1367 239 1449 docuimus,
263 1366 305 1431 de
327 1365 448 1451 proelio
470 1365 710 1451 Dyrrhachino,
745 1366 832 1450 quod
854 1367 962 1435 multis
986 1389 1038 1431 au·

62 1481 157 1535 xerat
179 1469 334 1556 partibus.
369 1470 485 1554 Itaque
507 1468 763 1553 Androsthenes,
787 1479 918 1556 praetor
939 1471 1060 1537 Thes-3

62 1574 169 1656 saliae,
194 1596 267 1638 cum
290 1595 324 1638 se
340 1575 494 1637 victoriae
509 1573 643 1658 Pompei
665 1576 816 1638 comitem
838 1596 908 1639 esse
930 1574 1039 1639 mallet

62 1699 160 1762 quam
182 1679 304 1741 socium
319 1675 466 1741 Caesaris
488 1679 522 1741 in
544 1675 641 1741 rebus
664 1676 821 1760 adversis,
846 1689 974 1742 omnem
996 1702 1039 1743 ex

61 1784 147 1866 agris
170 1779 408 1845 multitudinem
436 1801 604 1844 servorum
633 1803 672 1845 ac
699 1779 874 1846 liberorum
895 1783 929 1846 in
953 1785 1038 1868 oppi-

61 1885 139 1949 dum
173 1887 258 1969 cogit
291 1894 465 1970 portasque
499 1882 678 1969 praecludit
714 1893 747 1949 et
779 1884 821 1948 ad
856 1885 1038 1972 Scipionem

60 1988 315 2074 Pompeiumque
345 1991 474 2054 nuntios
502 1989 609 2070 mittit,
642 1997 680 2052 ut
701 1987 763 2053 sibi
785 1988 928 2054 subsidio
951 1994 1037 2055 veni-

60 2103 130 2157 ant:
160 2117 194 2158 se
217 2094 380 2159 confidere
413 2093 643 2159 munitionibus
677 2093 796 2180 oppidi,
830 2096 858 2159 si
891 2094 1038 2160 celeriter

60 2206 282 2280 succurratur3
328 2198 536 2283 longinquam
573 2199 844 2283 oppugnationem
881 2198 1038 2262 sustinere

60 2323 124 2364 non
147 2322 249 2385 posse.
274 2301 379 2387 Scipio
396 2299 540 2365 discessu
555 2303 757 2365 exercituum
772 2300 814 2364 ab
830 2300 1059 2385 Dyrrhachio4

60 2405 186 2488 cognito
209 2404 359 2468 Larisam
380 2403 522 2489 legiones
545 2402 742 2486 adduxerat3
767 2405 939 2487 Pompeius
961 2426 1051 2468 non-¹

60 2507 138 2570 dum
160 2504 346 2571 Thessaliae
369 2506 659 2593 appropinquabat.
691 2506 812 2570 Caesar
835 2509 948 2570 castris
970 2528 1037 2571 mu-

59 2612 133 2674 nitis
168 2609 270 2674 scalas
303 2609 529 2695 musculosque
552 2608 595 2673 ad
616 2610 820 2695 repentinam
849 2613 1036 2695 oppugnati-

59 2736 153 2778 onem
164 2714 234 2778 fieri
247 2723 279 2779 et
294 2724 399 2779 crates
414 2717 523 2800 parari
538 2716 637 2778 iussit.
663 2712 789 2796 Quibus
805 2713 903 2779 rebus
915 2716 1057 2780 effectiss

59 2819 244 2883 cohortatus
265 2819 381 2883 mihtes
404 2818 522 2900 docuit,
547 2826 704 2903 quantum
725 2839 821 2883 usum
843 2818 979 2884 haberet
994 2821 1037 2886 ad
1068 2892 1070 2896 y

59 2922 294 2987 sublevandam
316 2925 459 2987 omnium
487 2944 597 2987 rerum
625 2924 767 3007 inopiam
794 2925 890 3009 potiri
919 2925 1036 3011 oppido

59 3026 153 3112 pleno
191 3036 288 3111 atque
333 3026 493 3112 opulento,
539 3025 633 3090 simul
676 3024 807 3113 reliquis
852 3029 1036 3094 civitatibus

58 3132 152 3195 huius
185 3129 275 3194 urbis
309 3129 457 3216 exemplo
491 3130 611 3195 inferre
644 3139 803 3196 terrorem
836 3140 869 3196 et
898 3130 932 3196 id
965 3132 1035 3197 fieri

58 3234 214 3316 celeriter,
253 3236 443 3320 priusquam
476 3233 597 3300 auxilia
634 3242 873 3301 concurrerent.
918 3241 1057 3324 Itaqueo

57 3360 135 3403 usus
162 3338 317 3425 singulari
344 3337 481 3403 militum
509 3338 616 3405 studio
638 3339 763 3425 eodem,
801 3361 866 3428 quo
887 3352 1033 3430 venerat,

58 3443 110 3507 dic
132 3452 205 3528 post
226 3443 341 3508 horam
361 3464 483 3533 nonam
504 3443 659 3533 oppidum
680 3443 843 3513 altissimis
864 3446 1034 3515 moenibus

57 3568 246 3633 oppugnare
267 3566 442 3635 eggrem
462 3556 540 3625 unte
560 3546 636 3615 solis
657 3552 744 3617 occu

108 3654 195 3701 σιω.
207 3654 237 3699 n
536 3658 543 3671 ·
