2376 3924
380 243 428 292 AD
447 242 550 290 BELL.
570 241 649 290 AFR.
669 243 778 291 eti-38.
965 242 1068 290 LXVII

75 430 315 498 conscriptis,
335 429 406 496 quod
424 431 452 479 in
471 431 561 494 priore
580 430 698 479 editione
716 431 890 490 retinueram,
909 447 970 480 cum
983 430 1065 495 plane

86 521 201 566 otiosum
219 519 263 580 sit,
282 518 335 566 iam
355 522 384 566 ut
402 516 523 580 spurium
543 515 651 567 seclusi.

188 619 210 652 c.
229 606 270 665 31,
291 606 318 651 1:
345 601 422 654 iubet
445 600 560 661 militet,
588 601 637 667 qni
655 605 738 653 eutru
760 600 931 654 munitiones
951 617 1066 668 proces-

84 695 181 741 serunt
209 688 330 758 [quique]
347 686 511 754 pabulandi
538 692 590 739 uui
617 687 749 756 iipnondi
776 704 880 738 causa
908 693 960 740 unt
978 688 1064 741 etium

69 775 231 828 'muniendi
247 774 346 843 pratia
366 772 469 825 uultum
485 773 630 840 petierunt
648 789 771 840 quaeque
790 773 828 826 ari
847 789 907 826 eum
924 789 982 826 rem
994 788 1066 840 opus

83 855 184 930 'eruiufl
203 864 243 911 sic
261 869 291 911 ut
309 868 391 910 antea
409 876 471 909 cum
490 861 655 924 Nipperdeio
674 861 778 926 scripsi.
798 861 904 910 Krener
923 866 950 909 et
967 861 1066 911 Dinter

84 948 339 998 Forchhammerum
369 948 454 998 secuti
482 946 610 1012 quique
634 954 696 997 ente
722 945 850 998 *nullum
877 948 1065 996 inseruerunt:

85 1032 133 1099 qui
156 1037 239 1084 entra
262 1032 432 1084 munitiones
454 1036 653 1100 processerunt
667 1031 734 1099 pub.
753 1036 805 1084 eut
823 1031 889 1101 iipn.
909 1031 1065 1085 autetiam

85 1117 231 1170 muniendi
247 1118 354 1187 pratia,
379 1118 504 1185 quique
522 1117 626 1170 eutium
640 1118 786 1185 petierunt
803 1134 926 1186 quaeque
944 1122 1007 1170 cett.
1037 1125 1066 1170 at

85 1205 223 1254 muniendi
247 1206 336 1269 gratie
359 1221 413 1254 non
439 1206 492 1254 nisi
515 1206 550 1254 iis
574 1210 650 1255 extra
672 1206 836 1254 munitiones
863 1204 1064 1269 procedendum

85 1298 155 1351 erat,
184 1291 230 1355 qui
252 1290 356 1340 vallum
383 1297 507 1356 peterent
534 1307 658 1356 quaeque
682 1291 717 1340 ad
739 1306 798 1340 earn
817 1307 873 1340 rem
892 1307 960 1355 opus
979 1299 1064 1341 eraut.

84 1375 146 1424 inde
165 1382 255 1439 patet,
283 1392 337 1425 non
359 1377 479 1441 disiungi
498 1392 578 1441 posse
597 1370 645 1441 qui
663 1379 746 1428 eutru
764 1375 934 1429 munitiones
952 1391 1062 1444 proces·

84 1464 181 1512 serunt
199 1460 346 1514 muniendi
362 1461 460 1530 pratia
478 1463 511 1513 sb
531 1463 578 1523 iis,
598 1463 644 1528 qui
662 1461 767 1514 eutium
781 1462 934 1529 petierunt.

186 1563 209 1596 c.
228 1550 269 1607 34,
288 1549 319 1596 2:
346 1546 394 1614 qui
417 1546 457 1599 ibi
480 1562 543 1599 cum
560 1545 667 1615 pruiidi
684 1545 812 1611 santiliue
830 1562 899 1600 suae
915 1547 1062 1615 praesidio

81 1636 217 1696 prueerut
235 1631 416 1702 commeatui]
442 1635 482 1683 sic
500 1634 516 1686 i
531 1641 558 1683 et
576 1633 674 1697 reliqui
693 1633 757 1683 libri
775 1635 895 1699 exceptis
915 1634 973 1699 ab,
998 1652 1062 1700 quo-

84 1733 142 1765 rum
162 1718 305 1769 lectionem
325 1718 373 1785 qui
391 1718 431 1771 ibi
449 1734 511 1771 cum
528 1718 635 1787 prandi
647 1717 761 1782 suiiiiiiu
773 1723 905 1785 praeerat
913 1719 1061 1788 praesidio

84 1803 248 1857 contmeatut'
265 1806 429 1871 Nipperdey,
449 1806 563 1865 Kronou
582 1805 680 1855 Dinter
698 1813 866 1870 receperunt.

185 1909 209 1942 c.
227 1893 269 1955 35,
290 1896 318 1942 1:
347 1890 447 1958 quique
466 1907 528 1944 eum
546 1905 577 1944 eo
596 1895 688 1943 essent
706 1889 860 1960 [comitem]
888 1891 1000 1944 comites
1019 1894 1062 1943 de-

82 1977 150 2026 levit
166 1978 311 2044 Kreyssig‚
333 1979 506 2028 retinuerunt
524 1979 645 2040 Diibner‚
663 1979 770 2028 Dinter.
791 2006 827 2017 —
848 1982 872 2041 ξ.
891 1981 920 2028 2:
945 1978 976 2030 in
996 1977 1063 2030 Cue-

82 2063 158 2115 suris
177 2062 291 2133 castra]
309 2064 450 2129 vulgatam
467 2064 576 2114 servavi
588 2064 733 2113 verborum
747 2063 962 2125 collocationem,
982 2081 1062 2130 quam

82 2149 98 2201 f
118 2164 224 2214 quoque
247 2149 365 2200 exhibet
395 2149 552 2215 Nipperdey
575 2155 602 2199 et
624 2149 738 2199 Diibner
760 2148 792 2201 in
810 2154 909 2202 castra
927 2148 1059 2202 Caesarie

83 2236 233 2288 ediderunt.

185 2338 208 2372 c.
226 2322 268 2382 36,
287 2325 316 2370 1;
342 2325 426 2387 utque
446 2320 508 2388 [sub
527 2320 652 2388 uranum]
673 2319 801 2388 Scipioni
823 2320 855 2372 in
880 2325 977 2373 eastra
996 2319 1061 2372 sub-

83 2407 191 2460 mittere
207 2422 265 2460 uon
282 2406 473 2477 internuntii]
503 2407 555 2460 sub
573 2423 689 2461 muitum
711 2410 982 2474 interpretamentum
1002 2423 1062 2457 esse

81 2502 156 2546 ratus
178 2495 214 2546 sd
236 2493 398 2547 submittere
421 2494 587 2559 adscriptum
610 2495 718 2545 seclusi.
752 2493 784 2544 0.
803 2492 973 2544 Schambsch
998 2508 1062 2546 siin.

81 2582 147 2646 phil.
164 2588 183 2632 t·
203 2581 300 2644 CXIX,
324 2599 350 2648 p.
369 2582 421 2632 869
448 2580 668 2633 subministrare
694 2581 867 2631 scribendum
892 2586 919 2630 et
945 2596 1062 2645 sequens

80 2667 242 2720 submittere
261 2667 407 2718 delendum
427 2683 487 2718 esse
505 2669 620 2717 censuit.

184 2771 206 2805 c
219 2756 261 2816 38,
279 2761 304 2806 ις
322 2754 393 2807 Post
406 2751 511 2806 Caesar
524 2753 563 2806 ad
575 2752 682 2822 iupnm,
702 2752 735 2805 de
748 2766 800 2819 quo
820 2751 911 2820 docui,
930 2753 1060 2806 ascendit

82 2844 164 2906 utque
185 2839 217 2892 in
235 2855 455 2906 unumquemque
477 2837 571 2892 collem
594 2841 816 2905 inspecturus
841 2843 935 2892 turres
959 2838 1059 2893 custei-

81 2925 162 2991 taque
180 2927 248 2976 iter
265 2925 359 2990 facere
371 2924 461 2991 coepit
479 2923 573 2990 idque
586 2924 671 2978 adeo
688 2924 782 2978 niinus
795 2924 934 2977 semitiora
945 2923 1060 2994 efficit]

81 3014 121 3061 sic
144 3013 198 3062 ism
222 3013 250 3060 in
273 3028 312 3076 pr.
338 3010 402 3062 edit.
425 3012 515 3063 locum
543 3012 688 3062 emendare
715 3011 814 3062 studui.
845 3011 908 3062 libri
935 3011 1061 3062 meliores

80 3113 176 3163 parum
202 3099 274 3148 inter
300 3114 329 3148 se
357 3097 522 3164 discrepent:
547 3102 631 3165 post
658 3099 757 3160 abcf,
785 3100 870 3150 ceteri
892 3103 1061 3166 postquam,-

81 3188 185 3250 utque
203 3198 239 3237 eo
257 3183 351 3237 usiuue
371 3184 468 3245 sbcf‚
487 3184 588 3249 reliqui
608 3187 691 3251 utque
709 3199 748 3236 eu
765 3184 876 3252 usinum
899 3183 990 3250 effecit
1008 3184 1060 3234 soli

79 3271 98 3324 b
118 3279 146 3320 et
162 3271 259 3321 Dresd.
277 3273 301 3320 2.
331 3272 360 3321 in
377 3270 491 3335 vulgatu
508 3270 626 3321 lectione
651 3268 816 3336 (Postquam
835 3268 939 3323 Caesar
958 3266 998 3320 ad
1015 3267 1060 3321 iu-

79 3372 152 3425 pum,
171 3355 205 3409 de
217 3370 271 3423 quo
284 3354 376 3421 docui,
395 3353 559 3422 adscendit3
578 3359 661 3421 atque
678 3355 710 3407 in
727 3370 948 3422 imumquemque
965 3352 1060 3408 colim

80 3447 174 3495 turres
201 3440 370 3508 castellaque
396 3438 492 3504 fucere
518 3439 622 3508 σοφῆς
650 3445 735 3507 atque
752 3456 785 3494 en
803 3439 898 3494 miuus
920 3438 1060 3493 semihora

80 3525 181 3593 effecit)
208 3527 372 3594 Nipperdeio
400 3526 554 3591 displicuit,
581 3526 654 3592 quod
678 3530 773 3580 tumes
793 3528 822 3577 in
840 3540 1059 3592 unumquemque

874 3625 904 3678 Qu
