2376 3924
92 229 208 279 XXVIII
366 269 368 275 .
394 227 605 278 ADNOTATIO
626 226 770 277 CRITICA

91 419 160 470 haec
179 418 260 467 lectio
279 417 359 465 nimis
379 414 518 465 recederet
539 415 574 464 ab
598 414 728 464 librorum
747 414 853 479 verbis,
882 431 977 466 omnes
1001 416 1074 466 dein-

92 520 157 569 ceps
176 503 293 553 editores
312 501 362 552 illa
374 500 434 553 XV
443 499 524 552 rrrr'lia
543 499 763 568 legionariorum
775 499 897 553 militarat
910 499 983 567 (XX
994 501 1074 553 arilia

92 589 225 655 Scaliger)
249 590 426 638 retinuerunt.
457 603 528 636 nnus
546 587 702 651 Nipperdey
720 585 783 638 LX
804 585 965 639 cohortes
991 586 1073 656 legio·

91 673 241 726 uariorum
266 672 387 725 rnilitum
414 674 588 724 scribendum
615 688 675 723 esse
703 674 821 735 censuit,
850 674 915 738 quia
932 673 972 723 VI
995 673 1074 723 modo

92 761 223 826 legiones,
241 776 295 810 non
307 759 368 819 VII,
387 764 417 808 nt
433 773 576 823 perperam
595 775 617 808 c.
633 760 649 808 6
668 760 798 823 scriptum
815 759 860 819 sit,
879 774 941 808 eum
955 758 1074 809 Caesare

92 847 120 895 in
134 845 277 896 Graeciam
289 849 461 894 transvectae
475 847 537 906 sint,
555 845 621 894 licet
635 851 739 910 septem
757 844 881 910 legiones
899 845 984 895 etiam
1004 846 1075 910 apud

91 933 246 996 Appianum
264 932 291 980 b.
304 946 327 980 o.
339 930 375 991 11,
389 929 423 978 54
442 934 693 981 commemorentur.
713 946 746 980 ex
765 929 907 980 duodecim
927 930 1001 981 enim
1019 930 1075 980 illis

92 1018 245 1083 legionibus
257 1015 434 1066 Brundisium
447 1015 572 1066 adductis
591 1017 710 1066 seeundo
730 1020 883 1066 commeatu
901 1019 1075 1081 quattuor

92 1120 110 1153 a
127 1104 164 1152 M.
183 1101 302 1152 Antonio
325 1102 354 1149 in
376 1099 520 1151 Graeciam
543 1103 729 1163 transmissas,
759 1100 848 1153 duaa
873 1110 941 1150 vero
969 1107 1074 1152 aestate

92 1189 151 1238 eius
170 1189 235 1237 anni
254 1203 315 1236 cum
334 1186 365 1248 Q.
385 1185 529 1237 Cornificio
549 1188 577 1236 in
595 1187 738 1252 Illyricum
755 1187 890 1252 profectas
909 1202 983 1245 esse3
1011 1186 1075 1237 inde

92 1276 147 1323 iam
166 1273 269 1338 colligi,
288 1273 434 1322 Caesarem
452 1289 506 1322 non
526 1275 579 1324 nisi
597 1288 657 1326 sex
681 1274 804 1339 legiones
821 1273 1017 1324 transduxisse.
1048 1280 1076 1323 at

94 1360 162 1412 haec
186 1360 325 1425 legionum
351 1361 514 1424 computatio
540 1376 571 1410 eo
595 1362 672 1410 irrita
693 1360 736 1423 fir,
764 1360 836 1426 quod
853 1359 1011 1425 Nipperdey
1029 1374 1074 1410 ne·

94 1446 190 1511 glexit‚
219 1447 290 1494 inter
309 1451 438 1509 quattuor
456 1445 578 1510 legiones
596 1462 657 1494 cum
675 1448 794 1495 Antonio
813 1450 982 1495 transvectas
1002 1447 1075 1496 tres

93 1531 173 1581 modo
191 1534 397 1596 veteranas,
416 1544 521 1581 aarum
538 1547 603 1580 vero
623 1530 778 1582 tironum·
796 1531 879 1580 fuisse
893 1530 1026 1595 (cleia,
1040 1530 1075 1596 2).

93 1618 164 1667 hane
182 1633 247 1666 vero
266 1633 351 1680 nuper
371 1616 479 1665 demum
498 1618 680 1681 conscriptam
700 1633 788 1682 neque
813 1633 845 1666 ex
869 1630 981 1666 numero
1006 1613 1075 1668 duo·

95 1701 183 1754 decim
201 1700 318 1752 illarum
336 1699 476 1768 legionum
493 1701 585 1761 fuisse,
604 1700 667 1750 inde
687 1701 783 1762 elucet,
803 1701 875 1766 quod
887 1701 939 1751 hae
952 1701 1075 1766 legiones

93 1788 145 1838 hoc
171 1786 399 1853 infrequentiores
423 1787 506 1836 fuisse
532 1786 673 1848 dicuntur,
703 1778 784 1851 ‘quod
802 1787 882 1836 multi
900 1785 1017 1838 Gallicis
1035 1793 1076 1838 tot

93 1872 174 1923 bellis
194 1873 350 1922 defecerant
368 1872 534 1938 longumque
556 1873 610 1922 iter
628 1888 661 1922 ex
679 1872 816 1936 Hispania
833 1888 961 1938 magnum
980 1888 1074 1923 nume·

93 1975 153 2008 rum
181 1959 350 2008 deminuerat
380 1965 407 2008 et
437 1959 528 2022 gravis
558 1964 705 2006 autumnus
735 1959 762 2006 in
790 1958 892 2022 Apulia
919 1959 1076 2024 circumque

93 2044 268 2093 Brundisium
290 2059 322 2092 ex
347 2043 534 2093 saluberrimis
558 2041 665 2092 Galliae
690 2049 718 2092 et
740 2043 891 2108 Hispaniae
916 2046 1076 2110 regionibus

94 2146 200 2180 omnem
219 2129 365 2179 exercitum
385 2128 541 2179 valetudine
559 2121 752 2193 temptaverat.'
784 2128 883 2179 falsum
907 2130 989 2180 etiam
1016 2146 1075 2181 esse

93 2216 296 2281 Nipperdeium‚
316 2230 377 2263 cum
396 2214 585 2278 computandis
604 2215 699 2278 copiis,
719 2231 787 2279 quas
802 2214 904 2265 Caesar
916 2217 944 2264 in
958 2215 1075 2267 Graecia

94 2303 248 2363 habuisset,
279 2301 463 2350 demonstrare
491 2300 624 2363 studeret,
655 2316 716 2350 eum
745 2307 873 2365 quattuor
896 2302 931 2350 ab
955 2303 1074 2352 Antonio

94 2388 218 2438 adductis
241 2387 395 2452 legionibus
419 2403 472 2437 non
497 2386 547 2447 XI,
576 2387 625 2436 sed
643 2386 667 2435 X
685 2386 764 2436 modo
789 2387 917 2437 habuisse
942 2388 1075 2453 legiones,

94 2475 147 2524 iarn
176 2474 260 2524 Henr.
285 2472 434 2522 Schneider
460 2472 553 2522 docuit
581 2471 658 2537 t‘loci
683 2472 808 2522 Caesaris
836 2473 870 2522 de
897 2472 971 2524 bello
999 2475 1076 2524 eivili

95 2561 349 2610 commentariorum
367 2559 492 2609 nonnulli
512 2555 641 2624 explicati
653 2563 680 2608 et
694 2552 852 2621 emendati’‚
871 2559 984 2610 Vratisl.
998 2561 1074 2620 1859,

94 2663 120 2710 p.
140 2648 172 2695 65
192 2652 261 2711 sqq.)
281 2646 313 2695 ci.
326 2646 358 2697 F.
371 2645 508 2695 Hol'mann
527 2645 598 2694 infra
615 2645 651 2694 ad
670 2661 693 2694 c.
711 2645 753 2704 89,
773 2647 797 2694 2.
815 2644 855 2694 nil
874 2646 957 2709 igitur
976 2646 1074 2707 obstat,

94 2734 238 2796 quominus
257 2732 337 2782 fidem
356 2731 504 2782 babeamus
523 2731 613 2781 verbis
632 2731 688 2780 illis
707 2747 730 2783 e.
749 2732 773 2794 6,
793 2734 823 2780 2:
850 2729 1013 2799 intpost'tue,
1041 2736 1075 2784 ui

94 2832 185 2882 supra
210 2817 432 2869 demonstratam
454 2821 509 2882 est,
537 2815 656 2884 legiones
677 2816 749 2883 VII‚·
776 2817 805 2866 id
823 2817 903 2868 modo
928 2819 1075 2882 quaeritur,

95 2904 227 2965 quomodo
248 2918 317 2966 quae
336 2916 440 2968 supra,
464 2904 482 2952 i.
501 2917 523 2956 e.
544 2909 636 2952 nostro
654 2903 730 2967 Ioco,
751 2903 877 2954 similiter
896 2910 968 2954 certe
987 2904 1075 2955 relata

95 2994 185 3049 erant,
209 2989 237 3036 in
262 2988 346 3037 verba
369 2987 418 3038 illa
435 2986 496 3040 XV
510 2986 590 3039 milia
613 2987 833 3055 leptorrart'orum
855 2987 977 3041 militum
998 2992 1075 3043 abire

94 3075 241 3139 potuerint.
260 3079 291 3122 nt
309 3072 459 3140 legionarii
478 3075 580 3124 milites
598 3075 627 3123 in
641 3075 730 3124 locum
749 3073 888 3142 legionum
905 3076 1074 3140 invaderent,

95 3165 152 3209 tum
171 3167 244 3210 certe
263 3175 374 3209 necesse
394 3165 461 3223 erat,
482 3176 543 3209 cum
555 3161 670 3210 vitiosus
683 3160 730 3208 ille
750 3152 820 3213 ‘XV
833 3158 926 3212 milia'
945 3176 1074 3215 numerus

95 3248 257 3312 irrepsisset.
277 3247 410 3310 suspicari
428 3248 510 3296 etiam
530 3247 601 3307 licet,
621 3248 696 3297 iuxta
714 3250 834 3314 aupusle
852 3245 972 3297 additam
990 3249 1074 3300 luisse

96 3334 259 3398 particulam
272 3349 412 3384 numerum
427 3335 636 3399 restringentem
653 3333 719 3386 vix.
738 3335 792 3384 iam
805 3335 829 3383 si
841 3333 963 3394 iacimus,
980 3340 1074 3399 genui·
1120 3338 1123 3343 ’

96 3436 159 3469 narn
177 3421 261 3471 fuisse
276 3421 422 3471 lectionem
439 3422 473 3471 at
495 3424 614 3487 ursyuste
632 3416 1074 3476 vrxvmllanoemoninceevrrns

96 3519 118 3556 e.
132 3520 155 3570 q.
169 3520 201 3573 3,,
221 3514 340 3574 apparet,
359 3508 427 3558 illud
449 3516 502 3574 Vll,
520 3509 592 3574 quod
610 3509 681 3560 rnale
701 3510 831 3574 scriptum
848 3508 954 3557 numeri
966 3510 1075 3575 signum
