2376 3924
460 253 534 304 cnr.
555 254 665 304 ao-aa.
897 314 900 319 Ι
987 255 1050 320 243

75 443 207 524 vastari,
241 461 341 526 pecus
363 441 468 526 diripi,
483 452 486 457 '
502 441 669 525 trucidari,
703 442 821 528 oppida
855 442 1049 528 castellaque

77 545 160 608 dirui
183 542 358 629 delerique,
382 545 544 630 principes
567 547 734 609 civitatum
757 554 814 608 aut
835 547 973 611 interfici
995 556 1051 611 aut

75 651 108 712 in
132 650 253 712 catenis
276 649 388 730 teneri,
424 646 540 712 hberos
564 669 674 712 eorum
697 647 846 713 obsidum
868 651 996 713 nomine
1018 653 1052 714 in

76 754 264 816 servitutem
286 749 407 836 abripi3
445 752 483 815 iis
505 772 540 815 se
562 753 595 815 in
617 752 753 815 miseriis
775 773 932 836 suamque
953 751 1073 817 fidemt

76 855 321 941 implorantibus
344 855 463 920 auxilio
493 864 624 941 propter
658 858 824 942 copiarum
857 857 1053 942 paucitatem

77 981 146 1023 esse
175 982 240 1024 non
269 981 371 1045 posse.
417 959 535 1024 Milites
561 961 690 1024 interim
718 962 870 1046 inopere
899 978 1075 1024 exerceres

77 1073 175 1148 atquc
191 1073 297 1128 castra
320 1065 456 1146 munire,
479 1072 596 1145 turres,
620 1062 751 1128 castella
765 1063 873 1128 facere
889 1064 1053 1149 molesque

77 1168 182 1231 iacere
205 1170 238 1231 in
260 1190 351 1232 marc
373 1189 438 1232 non
461 1168 681 1232 intermittere.

163 1270 214 1335 27.
239 1271 347 1357 Scipio
363 1272 492 1335 interim
508 1271 696 1356 elephantos
710 1271 773 1336 hoc
787 1271 883 1336 modo
899 1272 1053 1336 condoce-

79 1376 187 1438 facere
210 1378 356 1440 instituit.
385 1377 479 1440 Duas
501 1377 655 1441 instruxit
677 1377 772 1459 acies,
795 1397 895 1440 unam
917 1375 1053 1439 fundito-

78 1502 150 1542 rum
181 1488 293 1542 contra
321 1477 519 1563 elephantos,
554 1500 637 1564 quae
666 1482 758 1565 quasi
793 1479 1055 1545 adversariorum

78 1580 183 1645 locum
207 1580 367 1646 obtineret
389 1591 556 1647 etcontra
579 1603 691 1647 eorum
719 1582 859 1648 frontem
882 1584 1055 1647 adversam

79 1684 200 1770 lapillos
234 1687 373 1750 minutos
406 1688 563 1770 mitteret,
602 1686 720 1752 deinde
753 1689 787 1751 in
820 1687 966 1752 ordinem
996 1686 1055 1750 ele·

79 1789 217 1873 phantos
240 1790 419 1873 constituit,
454 1796 527 1875 post
548 1788 617 1854 illos
640 1799 749 1855 autem
771 1811 863 1855 suam
885 1792 989 1854 aciem
1011 1792 1077 1853 ina

80 1894 208 1975 struxit,
242 1901 288 1975 ut,
323 1913 397 1956 cum
419 1891 461 1957 ab
485 1893 681 1958 adversariis
714 1893 837 1980 lapides
870 1895 954 1958 mitti
987 1916 1055 1958 coe·
1145 1918 1151 1927 ’

79 1998 210 2080 pissent,
241 2005 274 2060 et
304 1995 466 2082 elephanti
495 1998 659 2083 perterriti
688 2018 722 2062 se
750 1996 793 2061 ad
822 2018 896 2061 suos
924 2019 1056 2062 conver·

79 2102 192 2165 iissent
214 2121 327 2165 rursus
349 2100 392 2165 ab
416 2124 474 2166 sua
497 2104 566 2167 acie
588 2101 750 2188 lapidibus
778 2103 883 2167 missis
907 2123 961 2165 cos
984 2123 1056 2165 con-

80 2211 245 2266 verterent
278 2203 435 2269 adversus
468 2205 608 2288 hostem;
647 2205 733 2291 quod
767 2227 865 2289 aegre
898 2204 1057 2288 tardeque

80 2305 188 2369 fiebat.
233 2307 345 2371 Rudes
378 2312 464 2372 enim
497 2307 659 2395 elephanti
692 2309 866 2373 multorum
899 2325 1079 2373 annorume

81 2409 228 2475 doctrina
249 2432 375 2497 usuque
397 2422 524 2478 vetusto
546 2416 605 2478 vix
627 2413 733 2478 edocti
764 2422 875 2478 tamen
897 2412 1059 2476 communi

81 2515 222 2599 periculo
244 2517 279 2579 in
300 2518 403 2581 aciem
427 2517 659 2603 producuntur.

167 2618 218 2682 28.
241 2621 331 2684 Dum
364 2621 446 2687 haec
478 2622 521 2686 ad
547 2623 726 2707 Ruspinam
760 2619 802 2685 ab
834 2621 980 2703 utrisque
1003 2617 1059 2682 du·

82 2722 173 2786 cibus
206 2721 482 2806 administrantur,
517 2723 553 2789 O.
582 2722 746 2809 Vergihus
779 2724 969 2808 praetorius,
1004 2722 1059 2806 qui

82 2828 214 2913 Thapsi,
249 2828 366 2914 oppido
404 2830 575 2911 maritimo,
614 2836 774 2913 praeerat,
809 2849 884 2892 cum
916 2824 1059 2891 animad-

81 2940 224 2997 verteret
258 2955 358 2997 naves
392 2932 534 3019 singulas
569 2954 643 2996 cum
676 2933 822 2996 exercitu
844 2929 993 2995 Caesaris
1014 2931 1060 2992 iu·

83 3046 188 3102 certas
232 3037 376 3102 locorum
412 3046 510 3122 atque
547 3046 727 3101 castrorum
766 3057 898 3101 suorum
934 3035 1059 3118 vagari,

83 3143 285 3205 occasionem
307 3151 421 3206 nactus
444 3160 563 3205 navem
579 3161 676 3225 quam
692 3139 737 3204 ibi
752 3138 867 3204 habuit
882 3139 1061 3203 actuariam

83 3244 222 3330 complet
254 3242 408 3309 militibus
437 3253 469 3309 et
497 3245 672 3328 sagittariis
705 3253 738 3308 et
771 3243 894 3308 eisdem
923 3241 1061 3326 scaphas

83 3351 125 3415 dc
148 3349 287 3414 navibus
310 3348 458 3433 adiungit
486 3371 525 3413 ac
553 3348 694 3433 singulas
723 3370 824 3412 naves
848 3346 1061 3412 Caesarianas

84 3455 263 3519 consectari
301 3454 414 3538 coepit.
460 3452 504 3517 Et
540 3472 614 3517 cum
651 3452 759 3538 plures
796 3451 929 3516 adortus
967 3459 1083 3532 esset,²

83 3562 193 3645 pulsus
246 3557 443 3644 fugatusque
487 3556 562 3623 inde
607 3556 806 3621 discessisset
849 3576 909 3620 nec
952 3560 1062 3680 tamen

915 3655 954 3700 xe
