2376 3924
379 214 488 271 nisan
506 221 538 285 r,
569 219 647 270 car.
667 182 776 271 sssssr.
1005 220 1065 284 139

82 411 202 498 lapsus
235 410 487 476 Indutiomarus
520 410 625 476 nihilo
660 414 770 476 minus
794 413 910 499 copias
934 433 1066 495 cogere,

84 536 257 598 exercerc,
281 538 301 580 a
324 515 477 582 finitimis
502 538 604 601 equos
627 537 759 603 parare,
789 515 903 581 exules
930 514 1066 581 damna·

83 629 205 705 tosque
228 629 302 686 tota
325 617 440 684 Callia
462 621 596 704 magnis
619 621 777 706 praemiis
802 620 846 685 ad
870 643 906 685 se
930 620 1068 685 allicere

85 725 209 809 coepit.
255 723 305 789 Ao
329 733 461 789 tantam
485 724 550 789 sibi
574 725 640 789 iam
675 725 727 789 his
762 725 862 790 rebus
894 725 928 789 in
953 722 1088 788 (tallias

84 827 328 892 auctoritatem
340 836 607 912 comparaverat,
624 838 661 894 ut
673 827 820 914 undique
834 826 879 893 ad
892 850 965 892 eum
977 826 1067 911 lega-

84 932 197 995 tiones
211 938 460 1013 concurrerent,
474 931 619 1014 gratiam
635 940 735 1016 atque
744 932 928 997 amicitiam
935 928 1069 1016 publice

84 1035 314 1120 privatimque
337 1043 501 1120 peterent.

191 1136 244 1201 56.
266 1136 335 1204 Ubi
352 1136 523 1203 intellexit
538 1137 626 1202 ultro
645 1137 689 1203 ad
706 1161 741 1202 se
757 1139 876 1219 veniri,
901 1135 1010 1201 altera
1027 1159 1069 1200 ex

86 1252 186 1328 parte
210 1240 359 1306 Senones
373 1239 607 1327 Carnutesque
620 1243 829 1308 conscientia
846 1242 1008 1307 facinoris
1022 1242 1070 1304 in·

89 1346 223 1428 stigari,
259 1344 368 1409 altera
397 1344 540 1410 Nervios
564 1345 828 1431 Aduatucosque
858 1344 983 1409 bellurn
1007 1344 1069 1407 Ro-

88 1451 199 1515 manis
221 1470 353 1535 parare,
377 1470 485 1535 neque
510 1447 575 1513 sibi
592 1449 859 1514 voluntariorum
883 1448 998 1533 copias
1017 1446 1071 1510 do-

88 1552 172 1634 fore,
197 1553 225 1616 si
249 1574 292 1616 ex
307 1550 431 1616 finibus
449 1553 517 1615 suis
534 1552 692 1637 progredi
710 1554 888 1638 coepisset,
905 1560 1071 1615 armatum

89 1653 270 1721 concilium
295 1654 426 1722 indicit.
450 1655 525 1720 Hoc
547 1678 639 1721 more
664 1653 838 1721 Gallorum
863 1665 913 1719 est
938 1657 1093 1720 initium2

91 1758 191 1825 belli:
208 1781 271 1846 quo
289 1759 364 1844 lege
380 1761 546 1824 communi
565 1782 678 1825 omnes
694 1759 838 1845 puberes
856 1761 978 1824 armati
995 1781 1071 1822 eon-

91 1864 209 1929 venire
232 1872 446 1946 consuerunt,
472 1865 588 1949 quiex
611 1865 653 1928 iis
676 1865 879 1928 novissimus
903 1865 1072 1945 convenit,

93 1969 127 2032 in
152 1976 337 2053 conspectu
364 1966 592 2033 multitudinis
617 1965 769 2031 omnibus
794 1967 999 2032 eruciatibus
1024 1966 1071 2030 af-

92 2070 201 2135 fectus
218 2078 370 2135 necatur.
386 2072 425 2136 In
442 2092 480 2134 eo
498 2068 640 2134 concilio
653 2068 914 2154 Cingetorigem,
932 2069 1095 2134 alteriuse

91 2173 281 2259 principem
308 2173 479 2257 factionis,
515 2194 675 2258 generum
705 2173 810 2256 suum,
846 2196 942 2260 quem
973 2196 1073 2259 supra

93 2276 399 2343 demonstravimus
424 2273 583 2341 Caesaris
608 2285 760 2342 secutum
774 2275 874 2340 fidem
891 2276 934 2341 ab
952 2299 989 2340 eo
1006 2299 1073 2341 non

93 2379 305 2462 discessisse,
327 2378 458 2445 hostem
482 2379 612 2444 iudicat
636 2379 791 2465 bonaque
816 2381 886 2444 eius
910 2379 1073 2466 publicat.

92 2483 157 2548 His
169 2481 271 2549 rebus
283 2483 447 2549 confectis
460 2484 495 2547 in
508 2482 652 2549 concilio
665 2486 862 2570 pronuntiat
875 2486 1096 2547 arcessitum⁴

94 2610 132 2653 se
155 2584 382 2663 aSenonibus
406 2596 438 2651 et
455 2584 662 2652 Carnutibus
687 2586 829 2672 aliisque
846 2584 1074 2670 compluribus

93 2688 232 2756 Galliae
247 2688 464 2772 civitatibus3
487 2687 552 2753 huc
577 2691 700 2755 iturum
723 2711 782 2774 por
799 2689 881 2753 fines
897 2688 1098 2754 Remorum⁵

92 2813 277 2879 eorumque
299 2813 400 2878 agros
424 2794 659 2879 populaturum
684 2815 734 2870 ac,
758 2795 953 2879 priusquam
977 2792 1013 2856 id
1028 2793 1076 2856 fa-

91 2898 176 2974 ciat,
192 2905 307 2963 castra
323 2896 469 2962 Labieni
485 2906 764 2983 oppugnaturum.
789 2896 882 2978 Quae
898 2898 970 2962 fieri
985 2897 1077 2978 velit,

93 2998 274 3087 praecipit.

199 3100 253 3169 57.
276 3101 460 3187 Labienus,
478 3125 552 3169 cum
569 3112 602 3168 et
619 3101 685 3168 loci
701 3113 824 3170 natura
842 3113 873 3167 et
890 3126 991 3168 manu
1008 3126 1076 3167 mu-

91 3206 276 3275 nitissimis
298 3208 421 3271 castris
446 3229 520 3272 sese
543 3215 683 3288 teneret,
720 3207 761 3270 de
785 3230 844 3272 suo
869 3230 909 3272 ac
933 3205 1077 3288 legionis

92 3308 248 3397 periculo
277 3307 361 3375 nihil
391 3308 549 3393 timebat3
593 3332 635 3374 ne
666 3332 766 3394 quam
795 3311 1006 3375 occasionem
1029 3309 1077 3372 rei

91 3414 182 3483 benc
204 3411 375 3499 gerendae
390 3411 584 3496 dimitteret,
597 3412 782 3495 cogitabat.
799 3413 917 3496 Itaque
930 3408 1100 3494 aCinge-2

92 3518 209 3603 rorigo
231 3526 336 3603 atque
358 3516 430 3581 eius
459 3517 654 3601 propinquis
680 3518 833 3580 oratione
856 3515 1079 3580 Indutiomari
