2376 3924
490 240 565 292 etr.
584 239 693 295 re-se.
1013 219 1076 306 '259

100 433 259 518 praesidio
276 432 422 497 celeriter
438 441 687 517 occupaverunt.
712 430 877 496 Labienus
894 453 967 496 cum
984 440 1075 516 parte

100 538 244 620 equitum
266 539 323 600 vix
345 537 423 621 fuga
446 537 506 601 sibi
531 537 656 622 peperit
678 535 823 599 salutem.

185 640 235 703 51.
259 642 331 704 Hac
353 664 389 704 re
412 662 470 725 per
492 642 615 725 equites
638 649 730 724 gesta
753 639 875 703 Caesar
897 638 1075 722 legionibus

103 768 201 829 opera
224 743 388 807 distribuit
410 752 507 828 atque
530 746 563 808 in
586 767 623 808 eo
647 743 734 825 colle,
766 765 828 827 quo
853 752 923 805 crat
946 724 1074 835 potilqs,

100 857 205 911 castra
228 849 372 911 munivit.
405 847 532 912 Deinde
556 847 597 912 ab
621 850 686 911 suis
708 848 858 910 maximis
881 847 994 909 castris
1017 864 1097 930 pera

100 951 243 1014 medium
278 974 427 1036 campum
456 974 474 1015 c
503 952 634 1034 regione
668 950 776 1035 oppidi
810 951 949 1030 Uzittae,
989 949 1075 1032 quod

98 1060 181 1116 inter
204 1075 263 1118 sua
286 1063 392 1118 castra
415 1064 447 1118 et
470 1056 627 1140 Scipionis
643 1057 675 1118 in
692 1053 827 1138 planicie
851 1055 989 1138 positum
1005 1062 1076 1117 erat

98 1157 334 1241 tenebaturque
357 1181 376 1220 a
400 1159 558 1242 Scipione,
593 1157 656 1221 duo
680 1157 813 1220 brachia
842 1158 978 1220 instituit
1001 1156 1076 1220 duci

98 1270 129 1324 et
152 1263 196 1323 ita
220 1261 368 1343 dirigere,
393 1270 429 1324 ut
444 1261 487 1324 ad
502 1261 656 1345 angulum
672 1261 824 1324 dextrum
847 1262 1076 1344 sinistrumque

97 1367 164 1427 eius
188 1364 296 1449 oppidi
320 1367 539 1428 convenirent.
562 1365 601 1428 Id
624 1367 685 1430 hac
708 1368 831 1429 ratione
848 1386 927 1449 opus
943 1366 1097 1427 instrue-³

97 1467 163 1548 bat,
198 1476 243 1548 ut,
278 1489 351 1530 cum
386 1470 516 1553 propius
551 1470 704 1554 oppidum
737 1472 845 1554 copies
880 1469 1076 1532 admovisset

98 1592 350 1655 oppugnareque
385 1575 550 1656 coepisset,
585 1582 671 1637 tecta
706 1573 806 1636 latera
835 1575 899 1636 suis
930 1572 1074 1634 munitio-

96 1673 191 1738 nibus
213 1674 358 1757 haberet,
386 1699 427 1740 ne
449 1675 492 1740 ab
515 1679 677 1760 equitatus
708 1676 911 1740 multitudine
942 1676 1074 1738 circum-

95 1788 211 1842 ventus
235 1779 277 1843 ab
301 1782 539 1865 oppugnatione
556 1780 783 1861 deterreretur,
808 1789 986 1865 praetcrea,
1011 1799 1074 1862 quo

95 1881 219 1946 facilius
253 1882 410 1968 colloquia
442 1883 513 1948 fieri
547 1894 685 1969 possent,
721 1886 801 1947 etsi
825 1885 879 1968 qui
904 1883 1074 1968 perfugere

95 1985 222 2068 vellent,
257 1986 289 2050 id
313 1986 400 2071 quod
423 1995 519 2051 antea
542 2010 638 2073 saepe
662 1987 831 2051 accidebat
858 2009 976 2071 magno
1000 2009 1073 2050 curn

95 2111 207 2152 eorum
241 2090 392 2174 periculo,
426 2099 496 2155 tum
523 2091 616 2155 facile
644 2100 676 2154 ct
704 2093 772 2154 sine
802 2089 942 2175 periculo
970 2090 1071 2152 fieret.

94 2191 205 2255 Voluit
238 2195 335 2256 etiam
370 2197 520 2280 experiri,
557 2218 631 2259 eum
659 2197 790 2280 propius
819 2195 943 2258 hostem
967 2215 1095 2258 acces-4

95 2296 195 2376 sisset,
219 2295 397 2360 haberetne
412 2300 445 2360 in
461 2301 567 2361 animo
584 2298 746 2361 dimicare.
771 2296 960 2360 Accedebat
976 2298 1092 2362 etiams

95 2397 137 2461 ad
170 2399 311 2484 reliquas
345 2420 470 2482 causas,
505 2401 592 2484 quod
614 2403 640 2464 is
664 2401 751 2464 locus
785 2400 957 2485 depressus
992 2408 1071 2481 erat,

95 2507 246 2588 puteique
261 2501 306 2566 ibi
321 2502 464 2567 nonnulli
479 2504 549 2567 fieri
571 2503 772 2590 [complures]
794 2514 958 2590 poterant:
974 2528 1071 2590 aqua,

95 2611 181 2672 tione
212 2609 297 2671 enim
327 2607 423 2692 longa
445 2618 477 2672 et
500 2618 638 2693 angusta
661 2608 822 2673 utebatur.
869 2611 958 2673 Dum
991 2611 1094 2674 haece

96 2734 203 2797 opera,
228 2733 311 2796 quae
335 2721 409 2776 ante
433 2711 510 2791 dixi,
535 2712 658 2784 fiebant
680 2738 700 2777 a
722 2712 910 2797 legionibus,
943 2716 1072 2779 interim

94 2838 169 2901 pars
204 2817 272 2879 acie
307 2825 382 2880 ante
417 2838 497 2902 opus
534 2819 693 2880 instructa
726 2817 786 2881 sub
821 2817 911 2880 hoste
946 2817 1070 2899 stabat,

94 2920 217 3002 equites
240 2918 374 2984 barbari
403 2920 547 3004 levisque
570 2928 754 2984 armaturae
785 2921 912 3006 proeliis
940 2924 1071 2986 minutis

95 3024 273 3087 comminus
296 3022 502 3087 dimicabant.

179 3126 230 3189 52.
255 3125 376 3191 Caesar
400 3126 441 3190 ab
465 3150 503 3190 eo
526 3149 622 3213 opere
646 3151 720 3192 curn
742 3130 807 3192 iam
822 3128 882 3192 sub
898 3151 1070 3213 vesperum

94 3232 202 3316 copias
226 3232 259 3294 in
275 3240 382 3294 castra
403 3230 584 3315 reduceret,
607 3254 725 3316 magno
748 3235 879 3297 incursu
895 3255 968 3295 cum
985 3233 1070 3295 omni

93 3335 239 3419 equitatu
260 3334 388 3419 levique
411 3345 577 3400 armatura
598 3336 691 3418 Iuba,
716 3339 832 3422 Scipio,
855 3336 1021 3401 Labienus
1037 3336 1069 3398 in

93 3437 286 3522 legionarios
308 3440 465 3524 impetum
487 3440 642 3505 fecerunt.
668 3442 804 3525 Equites
826 3440 1013 3505 Caesariani
1036 3440 1091 3500 vis

92 3540 265 3604 universae
287 3540 478 3626 subitaeque
506 3543 646 3608 hostium
672 3543 884 3628 multitudinis
911 3542 994 3628 pulsi
1018 3564 1069 3626 pa·

917 3647 974 3694 Π*
