2376 3924
116 247 157 312 32
442 246 492 296 nc
512 246 631 306 eunuc
654 245 766 296 o1vm1

116 460 216 502 cornu
239 440 442 521 constiterat,
471 437 576 503 locum
599 461 663 503 non
686 439 790 503 tenuit
812 447 909 522 atque
932 438 965 501 in
988 441 1096 523 proxi·

115 564 203 604 mum
227 542 339 608 collem
361 565 431 608 sese
454 544 585 628 recepit.

200 644 251 710 45.
288 646 408 712 Caesar
437 671 544 734 paene
570 650 655 713 omni
686 651 755 713 acie
784 649 971 734 perterrita,
1007 649 1096 734 quod

114 760 246 833 praeter
273 753 453 835 opinionem
482 750 813 836 consuetudinemque
836 751 1016 832 acciderat,
1045 774 1095 816 oo-

115 853 261 918 hortatus
277 876 350 917 siros
373 853 532 938 legionem
547 877 666 918 nonam
682 854 825 920 subsidio
841 855 944 937 ducit,
968 855 1095 920 hostem

115 955 290 1021 insolenter
313 966 410 1042 atque
434 958 552 1020 acriter
574 967 701 1021 nostros
724 959 948 1042 insequentem
971 961 1095 1044 suppri-

117 1061 174 1122 mit
196 1081 371 1144 rursusque
394 1069 487 1144 terga
502 1070 630 1125 vertere
654 1083 752 1145 seque
776 1060 818 1125 ad
841 1060 995 1146 oppidum
1017 1059 1094 1124 ller-

94 1162 192 1226 adam
213 1164 357 1248 recipere
379 1173 412 1228 et
434 1163 493 1228 sub
516 1186 607 1228 muro
631 1166 804 1228 consistere
827 1165 920 1248 cogit.
952 1163 1018 1230 Sed
1040 1186 1095 1228 no-

115 1289 177 1330 nae
199 1266 332 1351 legionis
354 1266 471 1332 milites
494 1266 568 1331 elati
591 1267 712 1349 studio,
737 1266 814 1331 dum
840 1268 960 1331 sarcire
983 1290 1094 1353 accep-

116 1380 184 1434 tum
218 1370 446 1435 detrimentum
479 1371 606 1453 volunt,
645 1381 765 1435 temere
799 1372 934 1434 insecuti
967 1370 1094 1455 longius

115 1474 274 1557 fugientes
308 1477 341 1538 in
374 1473 479 1539 locum
513 1476 658 1559 iniquum
691 1473 942 1558 progrediuntur
971 1483 1003 1538 et
1032 1473 1093 1538 sub

115 1586 265 1660 montem,
289 1580 321 1642 in
345 1600 408 1662 quo
425 1588 496 1642 erat
518 1577 671 1663 oppidum
687 1579 827 1661 positum
842 1576 960 1659 Ilerda,
985 1600 1093 1642 suece-

93 1681 205 1746 adunt.
251 1683 338 1746 Hinc
368 1705 401 1746 se
424 1684 569 1766 recipere
593 1703 666 1744 cum
688 1680 822 1762 vellent,
850 1703 962 1745 rursus
984 1679 1028 1745 illi
1051 1703 1094 1745 cx

93 1785 183 1855 aleco
207 1788 371 1871 superiore
395 1794 520 1850 nostros
543 1784 743 1870 premebant.
782 1785 982 1871 Praeruptus
1005 1785 1094 1852 locus

116 1898 185 1952 erat
212 1899 350 1975 utraque
373 1912 417 1952 ex
439 1897 531 1974 parte
554 1911 593 1952 ac
616 1887 757 1952 directus
785 1898 911 1953 tantum
934 1891 967 1953 in
990 1889 1093 1955 latitu-

116 1993 224 2057 dinem
246 1993 388 2079 patebat,
412 2002 448 2057 ut
463 2003 529 2058 tres
544 1995 719 2057 instructae
736 1993 883 2058 cohortes
898 2016 972 2058 eum
988 1993 1093 2060 locum

116 2095 299 2180 explerent,
333 2106 370 2160 ut
396 2119 503 2182 neque
533 2096 677 2161 subsidia
705 2095 747 2160 ab
770 2095 925 2161 lateribus
948 2096 1093 2163 submitti

115 2223 220 2286 neque
247 2202 372 2285 equites
400 2199 621 2265 laborantibus
649 2201 721 2264 usui
754 2222 824 2264 esse
852 2209 992 2284 possent.
1038 2201 1092 2266 Ab

93 2305 232 2390 soppido
261 2314 369 2369 autem
398 2304 529 2369 declivis
557 2305 644 2368 locus
666 2305 755 2369 tenui
781 2304 909 2388 fastigio
935 2304 1095 2389 vergebat

94 2410 147 2476 ein
170 2409 403 2494 longitudinem
425 2432 579 2496 passuum
601 2410 729 2474 circiter
751 2424 844 2472 cccc.
879 2409 953 2473 Hac
974 2412 1093 2475 nostris

115 2523 185 2577 erat
212 2524 376 2599 receptus,
411 2512 498 2598 quod
527 2535 565 2578 eo
594 2513 716 2577 incitati
745 2511 850 2576 studio
883 2511 1093 2578 inconsultius

114 2627 353 2701 processerant,
377 2617 438 2681 hoc
461 2615 668 2702 pugnabatur
690 2615 769 2697 loco,
793 2625 826 2680 et
847 2626 979 2702 propter
994 2639 1092 2702 angu-

115 2723 191 2784 stias
214 2722 323 2805 iniquo
347 2730 380 2785 et
402 2719 489 2805 quod
512 2718 571 2784 sub
595 2721 671 2803 ipsis
694 2718 858 2783 radicibus
880 2721 997 2785 montis
1020 2742 1093 2786 con-

115 2826 272 2905 stiterant,
296 2834 331 2888 ut
354 2823 476 2888 nullum
497 2824 617 2887 frustra
640 2822 739 2888 telum
767 2824 877 2888 ineos
900 2825 1091 2890 mitteretur.

115 2928 240 2991 Tamen
262 2930 381 2991 virtute
410 2936 443 2991 et
470 2928 626 3011 patientia
653 2925 841 2991 nitebantur
864 2937 962 3013 atque
985 2918 1093 2993 omnia

94 3030 249 3096 rvulnera
265 3029 474 3095 sustinebant.
506 3030 698 3116 Augebatur
720 3029 780 3095 illis
804 3033 905 3117 copia,
929 3040 1027 3117 atque
1050 3055 1094 3098 ex

115 3136 228 3199 castris
252 3135 398 3199 cohortes
420 3159 479 3221 per
503 3136 656 3222 oppidum
680 3134 794 3200 erebro
810 3135 1093 3222 submittebantur,

92 3249 150 3304 aut
178 3241 294 3323 integri
324 3238 457 3303 defessis
486 3240 706 3305 succederent.
751 3240 824 3304 Hoc
856 3239 943 3305 idem
971 3237 1094 3306 Caesar

113 3344 222 3407 faeere
238 3336 424 3428 cogebatur,
448 3352 484 3407 ut
506 3343 671 3408 submissis
694 3345 727 3407 in
750 3342 891 3407 eundem
913 3342 1019 3407 locum
1042 3367 1091 3409 co-

114 3445 259 3511 hortibus
283 3447 425 3510 defessos
447 3448 614 3531 reciperet.
