2376 3924
378 927 415 994 Ο.
438 930 553 996 IULIl
576 929 796 1000 CAESARIS

174 1092 281 1201 DE
327 1091 596 1204 BELLO
638 1092 1002 1207 GALLIOO

394 1289 536 1342 nmen
559 1289 775 1354 ommes.

439 1639 728 1696 ARGUMEN'PUM.

98 1761 137 1830 [Α.
157 1763 189 1813 U.
209 1761 240 1814 C.
253 1761 320 1830 700]
339 1763 410 1812 Dum
430 1779 462 1812 ex
481 1763 604 1813 Caesaris
616 1762 693 1812 iussu
712 1779 810 1829 magna
828 1762 924 1814 classis
943 1764 970 1813 in
984 1763 1076 1815 Gallia

131 1849 279 1909 instruitur,
308 1849 366 1914 ipse
394 1849 422 1897 in
449 1848 588 1914 Illyricum
618 1847 755 1913 proiectus
781 1849 903 1899 Pirustas
934 1850 1074 1901 obsidibus

131 1936 268 2001 imperatis
287 1935 395 1986 cohibet
413 1952 435 1989 c.
456 1937 477 1986 l.
514 1935 545 1984 ln
565 1933 682 1986 Galliam
702 1950 835 1998 reversus,
854 1940 994 2001 postquam
1016 1937 1076 1986 Tre-

129 2038 254 2072 verorum
272 2022 365 2073 turbas
384 2022 536 2089 composuit
558 2027 585 2072 et
608 2021 752 2073 interfecto
776 2022 942 2089 Dumnorige
966 2022 1074 2074 Aeduos

130 2110 249 2160 coercuit
276 2124 298 2160 c.
328 2110 410 2173 2-7,
437 2110 536 2160 iterum
562 2110 590 2158 in
617 2109 787 2160 Britanniam
814 2110 961 2160 exereitum
988 2115 1074 2161 trans·

128 2196 210 2246 mittit
228 2212 253 2246 c·
271 2196 364 2246 8-11.
401 2195 476 2258 Quae
500 2197 536 2246 sit
562 2195 719 2246 Britanniae
746 2194 950 2261 incolarumque
976 2200 1074 2247 natura

127 2287 207 2349 atque
226 2282 341 2349 indoles,
361 2283 504 2349 exponitur
523 2298 545 2333 c.
566 2282 674 2332 12-14.
699 2281 820 2332 Devictis
840 2281 887 2348 qui
905 2282 973 2332 citra
991 2282 1073 2333 ultra·

127 2384 178 2432 que
205 2368 341 2419 Tamesim
368 2368 496 2419 accolunt
521 2385 544 2418 c.
566 2367 683 2430 15-22,
710 2368 739 2417 in
770 2365 887 2418 Galliam
917 2368 1073 2420 revertitur.

126 2453 267 2521 Plerisque
292 2454 377 2505 Gallis
402 2469 419 2504 a
444 2455 561 2505 Caesare
585 2453 773 2505 deficientibus
797 2453 881 2519 legati
905 2453 1023 2505 Sabinus
1047 2460 1075 2506 et

127 2540 206 2592 Cotta
233 2556 294 2591 cum
324 2539 431 2605 legione
458 2540 491 2590 sb
515 2539 690 2590 Eburonibus
719 2540 900 2605 circumventi
923 2541 1074 2592 caeduntur

127 2642 148 2679 c.
169 2628 279 2678 23-37.
316 2625 408 2676 Victor
426 2625 565 2677 Ambiorix
582 2625 739 2678 Aduatucos
763 2631 790 2677 et
811 2626 925 2678 Nervios
950 2628 1003 2678 sibi
1027 2628 1073 2679 ad·

127 2712 214 2778 iungit
236 2718 263 2762 et
281 2712 312 2773 Q.
337 2711 476 2764 Ciceronis
500 2717 589 2764 castra
613 2713 731 2779 graviter
754 2717 894 2780 oppugnat
920 2728 942 2766 c.
961 2714 1073 2766 38-48.

127 2796 251 2848 Caesaris
276 2796 395 2848 adventu
421 2797 512 2848 hostes
540 2798 573 2848 ab
598 2798 739 2850 obsidione
763 2799 947 2861 deterrentur,
974 2799 1073 2851 deinde

127 2881 230 2946 proelio
248 2883 319 2934 facto
338 2884 515 2950 profligantur
533 2901 555 2936 c.
574 2885 685 2938 49-51.
706 2887 825 2938 Senones
845 2886 1023 2939 nihilominus
1042 2893 1070 2939 et

126 2969 239 3021 Treveri
258 2987 300 3022 res
319 2986 403 3022 novas
422 2971 578 3037 moliuntur,
596 2973 644 3024 sed
662 2974 803 3025 interfecto
822 2973 1008 3026 Indutiomaro
1029 2989 1072 3024 res

127 3056 237 3122 paulum
257 3062 388 3122 pacantur
407 3074 429 3112 c.
448 3058 559 3112 52-68.

182 3228 207 3293 l.
232 3228 271 3294 L.
295 3229 460 3312 Domitio,
490 3228 553 3316 Ap.
578 3229 720 3297 Claudio
744 3231 939 3299 consulibus
964 3232 1071 3299 disce-

93 3331 175 3397 dens
199 3331 242 3399 ab
265 3332 414 3398 hibernis
438 3331 565 3399 Osesar
593 3334 796 3418 inbellem,
830 3345 867 3401 ut
890 3338 1071 3422 quotannis

91 3438 205 3501 facere
228 3445 417 3521 consuerat,
440 3436 565 3521 legatis
588 3438 745 3524 imperat,
776 3460 858 3524 quos
881 3439 1071 3524 legionibus
