<?xml version="1.0" encoding="UTF-8"?>
<!DOCTYPE html PUBLIC "-//W3C//DTD XHTML 1.0 Transitional//EN"
    "http://www.w3.org/TR/xhtml1/DTD/xhtml1-transitional.dtd">
<html xmlns="http://www.w3.org/1999/xhtml" xml:lang="en" lang="en">
 <head>
  <title>
</title>
<meta http-equiv="Content-Type" content="text/html;charset=utf-8" />
  <meta name='ocr-system' content='tesseract 3.04.00' />
  <meta name='ocr-capabilities' content='ocr_page ocr_carea ocr_par ocr_line ocrx_word'/>
</head>
<body>
  <div class='ocr_page' id='page_1' title='image "./ciuliicaesarisc00hoffgoog/ciuliicaesarisc00hoffgoog_0094.png"; bbox 0 0 2376 3924; ppageno 0'>
   <div class='ocr_carea' id='block_1_1' title="bbox 371 815 787 886">
    <p class='ocr_par' dir='ltr' id='par_1_1' title="bbox 371 815 787 886">
     <span class='ocr_line' id='line_1_1' title="bbox 371 815 787 886; baseline 0.012 -5"><span class='ocrx_word' id='word_1_1' title='bbox 371 815 408 882; x_wconf 81' lang='grc' dir='ltr'><strong>Ο.</strong></span> <span class='ocrx_word' id='word_1_2' title='bbox 432 818 547 885; x_wconf 89' lang='lat' dir='ltr'>IULII</span> <span class='ocrx_word' id='word_1_3' title='bbox 569 818 787 886; x_wconf 80' lang='lat' dir='ltr'><strong>CAESARIS</strong></span> 
     </span>
    </p>
   </div>
   <div class='ocr_carea' id='block_1_2' title="bbox 155 976 999 1090">
    <p class='ocr_par' dir='ltr' id='par_1_2' title="bbox 155 976 999 1090">
     <span class='ocr_line' id='line_1_2' title="bbox 155 976 999 1090; baseline 0.005 -4"><span class='ocrx_word' id='word_1_4' title='bbox 155 977 268 1086; x_wconf 86' lang='lat' dir='ltr'><strong>DE</strong></span> <span class='ocrx_word' id='word_1_5' title='bbox 311 976 583 1087; x_wconf 82' lang='lat' dir='ltr'>BELLO</span> <span class='ocrx_word' id='word_1_6' title='bbox 626 978 999 1090; x_wconf 78' lang='lat' dir='ltr'><strong>GALLIUO</strong></span> 
     </span>
    </p>
   </div>
   <div class='ocr_carea' id='block_1_3' title="bbox 363 1198 793 1250">
    <p class='ocr_par' dir='ltr' id='par_1_3' title="bbox 363 1198 793 1250">
     <span class='ocr_line' id='line_1_3' title="bbox 363 1198 793 1250; baseline 0.009 -4"><span class='ocrx_word' id='word_1_7' title='bbox 363 1198 510 1247; x_wconf 82' lang='lat' dir='ltr'>LIBER</span> <span class='ocrx_word' id='word_1_8' title='bbox 534 1199 793 1250; x_wconf 83' lang='lat' dir='ltr'>SECUNDUS.</span> 
     </span>
    </p>
   </div>
   <div class='ocr_carea' id='block_1_4' title="bbox 502 1375 623 1382">
    <p class='ocr_par' dir='ltr' id='par_1_4' title="bbox 502 1375 623 1382">
     <span class='ocr_line' id='line_1_4' title="bbox 502 1375 623 1382; baseline 0 0"><span class='ocrx_word' id='word_1_9' title='bbox 502 1375 508 1382; x_wconf 68' lang='grc' dir='ltr'>ι</span> <span class='ocrx_word' id='word_1_10' title='bbox 513 1376 609 1381; x_wconf 69' lang='lat'>-—-—-.</span> <span class='ocrx_word' id='word_1_11' title='bbox 618 1379 623 1382; x_wconf 90' lang='lat'><em>.</em></span> 
     </span>
    </p>
   </div>
   <div class='ocr_carea' id='block_1_5' title="bbox 430 1558 722 1616">
    <p class='ocr_par' dir='ltr' id='par_1_5' title="bbox 430 1558 722 1616">
     <span class='ocr_line' id='line_1_5' title="bbox 430 1558 722 1616; baseline 0.007 -2"><span class='ocrx_word' id='word_1_12' title='bbox 430 1558 722 1616; x_wconf 76' lang='lat' dir='ltr'>ARGUMENTUM.</span> 
     </span>
    </p>
   </div>
   <div class='ocr_carea' id='block_1_6' title="bbox 83 1697 1065 2546">
    <p class='ocr_par' dir='ltr' id='par_1_6' title="bbox 83 1697 1065 2546">
     <span class='ocr_line' id='line_1_6' title="bbox 83 1697 1065 1768; baseline 0.003 -18"><span class='ocrx_word' id='word_1_13' title='bbox 83 1701 127 1768; x_wconf 85' lang='lat' dir='ltr'><strong>[A.</strong></span> <span class='ocrx_word' id='word_1_14' title='bbox 145 1702 179 1752; x_wconf 89' lang='lat' dir='ltr'><strong>U.</strong></span> <span class='ocrx_word' id='word_1_15' title='bbox 202 1699 232 1750; x_wconf 85' lang='lat' dir='ltr'><strong>C.</strong></span> <span class='ocrx_word' id='word_1_16' title='bbox 251 1697 319 1766; x_wconf 70' lang='lat' dir='ltr'><strong>eea]</strong></span> <span class='ocrx_word' id='word_1_17' title='bbox 339 1697 440 1750; x_wconf 81' lang='lat' dir='ltr'>Omnes</span> <span class='ocrx_word' id='word_1_18' title='bbox 453 1700 556 1766; x_wconf 80' lang='lat' dir='ltr'><strong>Belgae</strong></span> <span class='ocrx_word' id='word_1_19' title='bbox 575 1717 635 1749; x_wconf 88' lang='lat' dir='ltr'><strong>oum</strong></span> <span class='ocrx_word' id='word_1_20' title='bbox 654 1706 747 1750; x_wconf 87' lang='lat' dir='ltr'><strong>eontra</strong></span> <span class='ocrx_word' id='word_1_21' title='bbox 766 1701 896 1766; x_wconf 91' lang='lat' dir='ltr'><strong>populum</strong></span> <span class='ocrx_word' id='word_1_22' title='bbox 914 1703 1065 1754; x_wconf 84' lang='lat' dir='ltr'><strong>Romanum</strong></span> 
     </span>
     <span class='ocr_line' id='line_1_7' title="bbox 118 1785 1064 1852; baseline 0.002 -16"><span class='ocrx_word' id='word_1_23' title='bbox 118 1787 308 1837; x_wconf 87' lang='lat' dir='ltr'><strong>coniurassent</strong></span> <span class='ocrx_word' id='word_1_24' title='bbox 326 1791 353 1835; x_wconf 91' lang='lat' dir='ltr'><strong>et</strong></span> <span class='ocrx_word' id='word_1_25' title='bbox 370 1785 478 1848; x_wconf 82' lang='lat' dir='ltr'><strong>Bibrax,</strong></span> <span class='ocrx_word' id='word_1_26' title='bbox 497 1786 624 1851; x_wconf 90' lang='lat' dir='ltr'><strong>oppidum</strong></span> <span class='ocrx_word' id='word_1_27' title='bbox 642 1786 797 1849; x_wconf 78' lang='lat' dir='ltr'><strong>Remorum,</strong></span> <span class='ocrx_word' id='word_1_28' title='bbox 818 1790 865 1852; x_wconf 92' lang='lat' dir='ltr'><strong>qui</strong></span> <span class='ocrx_word' id='word_1_29' title='bbox 883 1789 934 1838; x_wconf 89' lang='lat' dir='ltr'><strong>soli</strong></span> <span class='ocrx_word' id='word_1_30' title='bbox 952 1806 1011 1838; x_wconf 90' lang='lat' dir='ltr'><strong>cum</strong></span> <span class='ocrx_word' id='word_1_31' title='bbox 1031 1790 1064 1838; x_wconf 87' lang='lat' dir='ltr'><strong>iis</strong></span> 
     </span>
     <span class='ocr_line' id='line_1_8' title="bbox 118 1872 1064 1938; baseline 0.003 -17"><span class='ocrx_word' id='word_1_32' title='bbox 118 1873 210 1924; x_wconf 84' lang='lat' dir='ltr'><strong>facere</strong></span> <span class='ocrx_word' id='word_1_33' title='bbox 229 1872 381 1936; x_wconf 84' lang='lat' dir='ltr'><strong>noluerant,</strong></span> <span class='ocrx_word' id='word_1_34' title='bbox 400 1876 595 1938; x_wconf 80' lang='lat' dir='ltr'><strong>oppugnarent,</strong></span> <span class='ocrx_word' id='word_1_35' title='bbox 618 1874 708 1923; x_wconf 85' lang='lat' dir='ltr'><strong>missis</strong></span> <span class='ocrx_word' id='word_1_36' title='bbox 729 1890 745 1923; x_wconf 87' lang='lat' dir='ltr'><strong>a</strong></span> <span class='ocrx_word' id='word_1_37' title='bbox 764 1873 878 1924; x_wconf 81' lang='lat' dir='ltr'><strong>Caesare</strong></span> <span class='ocrx_word' id='word_1_38' title='bbox 898 1876 1008 1925; x_wconf 81' lang='lat' dir='ltr'>auxiliis</span> <span class='ocrx_word' id='word_1_39' title='bbox 1030 1875 1064 1924; x_wconf 90' lang='lat' dir='ltr'><strong>ab</strong></span> 
     </span>
     <span class='ocr_line' id='line_1_9' title="bbox 118 1958 1064 2026; baseline 0.001 -17"><span class='ocrx_word' id='word_1_40' title='bbox 118 1959 261 2009; x_wconf 82' lang='lat' dir='ltr'><strong>obsidione</strong></span> <span class='ocrx_word' id='word_1_41' title='bbox 279 1958 449 2010; x_wconf 89' lang='lat' dir='ltr'><strong>deterrentur</strong></span> <span class='ocrx_word' id='word_1_42' title='bbox 467 1960 602 2026; x_wconf 80' lang='lat' dir='ltr'><strong>c.1-1o;</strong></span> <span class='ocrx_word' id='word_1_43' title='bbox 622 1960 793 2011; x_wconf 75' lang='lat' dir='ltr'><strong>discedentes</strong></span> <span class='ocrx_word' id='word_1_44' title='bbox 804 1961 906 2010; x_wconf 81' lang='lat' dir='ltr'><strong>Caesar</strong></span> <span class='ocrx_word' id='word_1_45' title='bbox 926 1963 1064 2011; x_wconf 88' lang='lat' dir='ltr'><strong>insecutus</strong></span> 
     </span>
     <span class='ocr_line' id='line_1_10' title="bbox 117 2045 1064 2112; baseline -0.001 -15"><span class='ocrx_word' id='word_1_46' title='bbox 117 2051 146 2098; x_wconf 91' lang='lat' dir='ltr'><strong>in</strong></span> <span class='ocrx_word' id='word_1_47' title='bbox 164 2046 258 2112; x_wconf 82' lang='lat' dir='ltr'><strong>fugam</strong></span> <span class='ocrx_word' id='word_1_48' title='bbox 276 2047 376 2096; x_wconf 86' lang='lat' dir='ltr'><strong>conicit</strong></span> <span class='ocrx_word' id='word_1_49' title='bbox 394 2062 417 2096; x_wconf 89' lang='lat' dir='ltr'><strong>c.</strong></span> <span class='ocrx_word' id='word_1_50' title='bbox 437 2047 478 2096; x_wconf 92' lang='lat'><strong>11.</strong></span> <span class='ocrx_word' id='word_1_51' title='bbox 515 2045 717 2110; x_wconf 82' lang='lat' dir='ltr'><strong>Suessionibus,</strong></span> <span class='ocrx_word' id='word_1_52' title='bbox 737 2047 903 2111; x_wconf 81' lang='lat' dir='ltr'><strong>Bellovacis,</strong></span> <span class='ocrx_word' id='word_1_53' title='bbox 922 2048 1064 2097; x_wconf 85' lang='lat' dir='ltr'><strong>Ambianis</strong></span> 
     </span>
     <span class='ocr_line' id='line_1_11' title="bbox 116 2131 1064 2198; baseline 0.003 -17"><span class='ocrx_word' id='word_1_54' title='bbox 116 2133 147 2182; x_wconf 95' lang='lat' dir='ltr'><strong>in</strong></span> <span class='ocrx_word' id='word_1_55' title='bbox 165 2131 245 2184; x_wconf 87' lang='lat' dir='ltr'><strong>fidem</strong></span> <span class='ocrx_word' id='word_1_56' title='bbox 264 2134 384 2198; x_wconf 81' lang='lat' dir='ltr'><strong>acceptis</strong></span> <span class='ocrx_word' id='word_1_57' title='bbox 402 2131 504 2183; x_wconf 77' lang='lat' dir='ltr'><strong>Caesar</strong></span> <span class='ocrx_word' id='word_1_58' title='bbox 520 2133 637 2184; x_wconf 82' lang='lat' dir='ltr'><strong>Nervios</strong></span> <span class='ocrx_word' id='word_1_59' title='bbox 655 2148 717 2182; x_wconf 91' lang='lat' dir='ltr'><strong>cum</strong></span> <span class='ocrx_word' id='word_1_60' title='bbox 741 2133 824 2183; x_wconf 89' lang='lat' dir='ltr'><strong>sociis</strong></span> <span class='ocrx_word' id='word_1_61' title='bbox 843 2134 1018 2184; x_wconf 82' lang='lat' dir='ltr'><strong>Atrebatibus</strong></span> <span class='ocrx_word' id='word_1_62' title='bbox 1037 2141 1064 2184; x_wconf 89' lang='lat' dir='ltr'><strong>et</strong></span> 
     </span>
     <span class='ocr_line' id='line_1_12' title="bbox 117 2219 1063 2286; baseline 0 -16"><span class='ocrx_word' id='word_1_63' title='bbox 117 2219 316 2272; x_wconf 81' lang='lat' dir='ltr'><strong>Veromanduis</strong></span> <span class='ocrx_word' id='word_1_64' title='bbox 338 2219 444 2270; x_wconf 81' lang='lat' dir='ltr'><strong>fortiter</strong></span> <span class='ocrx_word' id='word_1_65' title='bbox 466 2224 650 2286; x_wconf 80' lang='lat' dir='ltr'><strong>repugnantes</strong></span> <span class='ocrx_word' id='word_1_66' title='bbox 675 2219 795 2270; x_wconf 85' lang='lat' dir='ltr'><strong>debellat</strong></span> <span class='ocrx_word' id='word_1_67' title='bbox 813 2237 836 2269; x_wconf 90' lang='lat' dir='ltr'><strong>o.</strong></span> <span class='ocrx_word' id='word_1_68' title='bbox 856 2221 971 2285; x_wconf 78' lang='lat'><strong>12-28,</strong></span> <span class='ocrx_word' id='word_1_69' title='bbox 998 2222 1063 2270; x_wconf 88' lang='lat' dir='ltr'><strong>item</strong></span> 
     </span>
     <span class='ocr_line' id='line_1_13' title="bbox 117 2307 1062 2374; baseline -0.003 -16"><span class='ocrx_word' id='word_1_70' title='bbox 117 2308 273 2360; x_wconf 79' lang='lat' dir='ltr'><strong>Aduatucos</strong></span> <span class='ocrx_word' id='word_1_71' title='bbox 297 2323 320 2358; x_wconf 87' lang='lat' dir='ltr'><strong>o.</strong></span> <span class='ocrx_word' id='word_1_72' title='bbox 344 2309 455 2358; x_wconf 78' lang='lat'><strong>29-33.</strong></span> <span class='ocrx_word' id='word_1_73' title='bbox 485 2307 640 2358; x_wconf 84' lang='lat' dir='ltr'><strong>Armoricae</strong></span> <span class='ocrx_word' id='word_1_74' title='bbox 664 2314 758 2374; x_wconf 89' lang='lat' dir='ltr'><strong>gentes</strong></span> <span class='ocrx_word' id='word_1_75' title='bbox 782 2309 812 2357; x_wconf 90' lang='lat' dir='ltr'><strong>P.</strong></span> <span class='ocrx_word' id='word_1_76' title='bbox 837 2308 950 2358; x_wconf 81' lang='lat' dir='ltr'><strong>Crassus</strong></span> <span class='ocrx_word' id='word_1_77' title='bbox 975 2309 1001 2356; x_wconf 93' lang='lat' dir='ltr'><strong>in</strong></span> <span class='ocrx_word' id='word_1_78' title='bbox 1024 2307 1062 2356; x_wconf 81' lang='lat' dir='ltr'><strong>di-</strong></span> 
     </span>
     <span class='ocr_line' id='line_1_14' title="bbox 117 2393 1064 2461; baseline -0.002 -16"><span class='ocrx_word' id='word_1_79' title='bbox 117 2397 223 2445; x_wconf 87' lang='lat' dir='ltr'><strong>cionem</strong></span> <span class='ocrx_word' id='word_1_80' title='bbox 246 2394 342 2461; x_wconf 91' lang='lat' dir='ltr'><strong>populi</strong></span> <span class='ocrx_word' id='word_1_81' title='bbox 360 2395 476 2445; x_wconf 84' lang='lat' dir='ltr'><strong>Romani</strong></span> <span class='ocrx_word' id='word_1_82' title='bbox 498 2395 602 2461; x_wconf 84' lang='lat' dir='ltr'><strong>redegit</strong></span> <span class='ocrx_word' id='word_1_83' title='bbox 626 2413 649 2445; x_wconf 87' lang='lat' dir='ltr'><strong>c.</strong></span> <span class='ocrx_word' id='word_1_84' title='bbox 667 2395 708 2443; x_wconf 83' lang='lat'><strong>34.</strong></span> <span class='ocrx_word' id='word_1_85' title='bbox 745 2394 826 2443; x_wconf 89' lang='lat' dir='ltr'><strong>Omni</strong></span> <span class='ocrx_word' id='word_1_86' title='bbox 852 2393 944 2443; x_wconf 82' lang='lat' dir='ltr'><strong>Gallia</strong></span> <span class='ocrx_word' id='word_1_87' title='bbox 966 2399 1064 2458; x_wconf 88' lang='lat' dir='ltr'><strong>pacata</strong></span> 
     </span>
     <span class='ocr_line' id='line_1_15' title="bbox 115 2479 711 2546; baseline 0 -17"><span class='ocrx_word' id='word_1_88' title='bbox 115 2480 239 2546; x_wconf 89' lang='lat' dir='ltr'><strong>legiones</strong></span> <span class='ocrx_word' id='word_1_89' title='bbox 257 2481 286 2530; x_wconf 90' lang='lat' dir='ltr'><strong>in</strong></span> <span class='ocrx_word' id='word_1_90' title='bbox 305 2479 420 2531; x_wconf 87' lang='lat' dir='ltr'><strong>hiberna</strong></span> <span class='ocrx_word' id='word_1_91' title='bbox 438 2479 610 2532; x_wconf 87' lang='lat' dir='ltr'><strong>deducuntur</strong></span> <span class='ocrx_word' id='word_1_92' title='bbox 628 2497 651 2534; x_wconf 89' lang='lat' dir='ltr'><strong>c.</strong></span> <span class='ocrx_word' id='word_1_93' title='bbox 670 2481 711 2530; x_wconf 84' lang='lat'><strong>35.</strong></span> 
     </span>
    </p>
   </div>
   <div class='ocr_carea' id='block_1_7' title="bbox 76 2652 1081 3572">
    <p class='ocr_par' dir='ltr' id='par_1_7' title="bbox 76 2652 1081 3572">
     <span class='ocr_line' id='line_1_16' title="bbox 168 2652 1061 2737; baseline 0.003 -21"><span class='ocrx_word' id='word_1_94' title='bbox 168 2653 196 2717; x_wconf 90' lang='lat'><strong>1.</strong></span> <span class='ocrx_word' id='word_1_95' title='bbox 221 2652 306 2719; x_wconf 81' lang='lat' dir='ltr'><strong>Cum</strong></span> <span class='ocrx_word' id='word_1_96' title='bbox 330 2663 419 2720; x_wconf 89' lang='lat' dir='ltr'><strong>esset</strong></span> <span class='ocrx_word' id='word_1_97' title='bbox 435 2652 564 2720; x_wconf 80' lang='lat' dir='ltr'><strong>Caesar</strong></span> <span class='ocrx_word' id='word_1_98' title='bbox 586 2656 620 2719; x_wconf 95' lang='lat' dir='ltr'><strong>in</strong></span> <span class='ocrx_word' id='word_1_99' title='bbox 637 2655 793 2719; x_wconf 86' lang='lat' dir='ltr'><strong>citeriore</strong></span> <span class='ocrx_word' id='word_1_100' title='bbox 810 2652 924 2719; x_wconf 77' lang='lat' dir='ltr'><strong>Gallia</strong></span> <span class='ocrx_word' id='word_1_101' title='bbox 951 2655 996 2737; x_wconf 91' lang='lat' dir='ltr'><strong>[in</strong></span> <span class='ocrx_word' id='word_1_102' title='bbox 1012 2654 1061 2719; x_wconf 92' lang='lat' dir='ltr'><strong>hi-</strong></span> 
     </span>
     <span class='ocr_line' id='line_1_17' title="bbox 80 2757 1061 2845; baseline 0 -22"><span class='ocrx_word' id='word_1_103' title='bbox 80 2757 220 2842; x_wconf 89' lang='lat' dir='ltr'><strong>bernis],</strong></span> <span class='ocrx_word' id='word_1_104' title='bbox 249 2760 298 2823; x_wconf 90' lang='lat' dir='ltr'><strong>ita</strong></span> <span class='ocrx_word' id='word_1_105' title='bbox 327 2761 376 2825; x_wconf 89' lang='lat' dir='ltr'><strong>uti</strong></span> <span class='ocrx_word' id='word_1_106' title='bbox 407 2781 509 2845; x_wconf 87' lang='lat' dir='ltr'><strong>supra</strong></span> <span class='ocrx_word' id='word_1_107' title='bbox 538 2758 853 2844; x_wconf 82' lang='lat' dir='ltr'><strong>demonstravimus,</strong></span> <span class='ocrx_word' id='word_1_108' title='bbox 883 2759 991 2825; x_wconf 85' lang='lat' dir='ltr'><strong>crebri</strong></span> <span class='ocrx_word' id='word_1_109' title='bbox 1016 2760 1061 2824; x_wconf 88' lang='lat' dir='ltr'><strong>ad</strong></span> 
     </span>
     <span class='ocr_line' id='line_1_18' title="bbox 81 2863 1059 2950; baseline 0 -23"><span class='ocrx_word' id='word_1_110' title='bbox 81 2883 157 2927; x_wconf 90' lang='lat' dir='ltr'><strong>eum</strong></span> <span class='ocrx_word' id='word_1_111' title='bbox 172 2884 323 2931; x_wconf 89' lang='lat' dir='ltr'><strong>rumores</strong></span> <span class='ocrx_word' id='word_1_112' title='bbox 341 2863 579 2948; x_wconf 85' lang='lat' dir='ltr'><strong>afferebantur,</strong></span> <span class='ocrx_word' id='word_1_113' title='bbox 602 2863 791 2950; x_wconf 87' lang='lat' dir='ltr'><strong>litterisque</strong></span> <span class='ocrx_word' id='word_1_114' title='bbox 814 2866 892 2928; x_wconf 89' lang='lat' dir='ltr'><strong>item</strong></span> <span class='ocrx_word' id='word_1_115' title='bbox 914 2863 1059 2928; x_wconf 88' lang='lat' dir='ltr'><strong>Labieni</strong></span> 
     </span>
     <span class='ocr_line' id='line_1_19' title="bbox 79 2965 1059 3053; baseline 0.002 -24"><span class='ocrx_word' id='word_1_116' title='bbox 79 2967 204 3032; x_wconf 83' lang='lat' dir='ltr'><strong>certior</strong></span> <span class='ocrx_word' id='word_1_117' title='bbox 231 2965 336 3032; x_wconf 86' lang='lat' dir='ltr'><strong>fiebat</strong></span> <span class='ocrx_word' id='word_1_118' title='bbox 366 2988 481 3032; x_wconf 87' lang='lat' dir='ltr'><strong>omnes</strong></span> <span class='ocrx_word' id='word_1_119' title='bbox 509 2966 652 3050; x_wconf 86' lang='lat' dir='ltr'><strong>Belgas,</strong></span> <span class='ocrx_word' id='word_1_120' title='bbox 690 2988 789 3053; x_wconf 90' lang='lat' dir='ltr'><strong>quam</strong></span> <span class='ocrx_word' id='word_1_121' title='bbox 820 2970 956 3032; x_wconf 88' lang='lat' dir='ltr'><strong>tertiam</strong></span> <span class='ocrx_word' id='word_1_122' title='bbox 986 2990 1059 3031; x_wconf 87' lang='lat' dir='ltr'><strong>esse</strong></span> 
     </span>
     <span class='ocr_line' id='line_1_20' title="bbox 79 3067 1058 3156; baseline -0.001 -22"><span class='ocrx_word' id='word_1_123' title='bbox 79 3067 215 3135; x_wconf 78' lang='lat' dir='ltr'><strong>Galliae</strong></span> <span class='ocrx_word' id='word_1_124' title='bbox 237 3078 368 3156; x_wconf 86' lang='lat' dir='ltr'><strong>partem</strong></span> <span class='ocrx_word' id='word_1_125' title='bbox 393 3069 597 3154; x_wconf 85' lang='lat' dir='ltr'><strong>dixeramus,</strong></span> <span class='ocrx_word' id='word_1_126' title='bbox 621 3078 740 3134; x_wconf 89' lang='lat' dir='ltr'><strong>contra</strong></span> <span class='ocrx_word' id='word_1_127' title='bbox 762 3070 920 3155; x_wconf 91' lang='lat' dir='ltr'><strong>populum</strong></span> <span class='ocrx_word' id='word_1_128' title='bbox 938 3070 1058 3135; x_wconf 86' lang='lat' dir='ltr'><strong>Roma-</strong></span> 
     </span>
     <span class='ocr_line' id='line_1_21' title="bbox 79 3171 1081 3258; baseline -0.007 -18"><span class='ocrx_word' id='word_1_129' title='bbox 79 3196 158 3240; x_wconf 92' lang='lat' dir='ltr'><strong>num</strong></span> <span class='ocrx_word' id='word_1_130' title='bbox 173 3175 352 3240; x_wconf 87' lang='lat' dir='ltr'><strong>coniurare</strong></span> <span class='ocrx_word' id='word_1_131' title='bbox 368 3171 570 3258; x_wconf 87' lang='lat' dir='ltr'><strong>obsidesque</strong></span> <span class='ocrx_word' id='word_1_132' title='bbox 588 3174 675 3237; x_wconf 90' lang='lat' dir='ltr'><strong>inter</strong></span> <span class='ocrx_word' id='word_1_133' title='bbox 689 3195 724 3237; x_wconf 87' lang='lat' dir='ltr'><strong>se</strong></span> <span class='ocrx_word' id='word_1_134' title='bbox 742 3173 832 3238; x_wconf 88' lang='lat' dir='ltr'><strong>dare.</strong></span> <span class='ocrx_word' id='word_1_135' title='bbox 849 3171 1081 3238; x_wconf 76' lang='lat' dir='ltr'><strong>Coniurandie</strong></span> 
     </span>
     <span class='ocr_line' id='line_1_22' title="bbox 78 3276 1057 3363; baseline -0.002 -21"><span class='ocrx_word' id='word_1_136' title='bbox 78 3276 140 3345; x_wconf 82' lang='lat' dir='ltr'><strong>has</strong></span> <span class='ocrx_word' id='word_1_137' title='bbox 159 3299 235 3343; x_wconf 88' lang='lat' dir='ltr'><strong>esse</strong></span> <span class='ocrx_word' id='word_1_138' title='bbox 251 3298 390 3342; x_wconf 83' lang='lat' dir='ltr'><strong>causes:</strong></span> <span class='ocrx_word' id='word_1_139' title='bbox 405 3278 560 3362; x_wconf 91' lang='lat' dir='ltr'><strong>primum,</strong></span> <span class='ocrx_word' id='word_1_140' title='bbox 578 3277 667 3363; x_wconf 91' lang='lat' dir='ltr'><strong>quod</strong></span> <span class='ocrx_word' id='word_1_141' title='bbox 683 3286 889 3360; x_wconf 85' lang='lat' dir='ltr'><strong>vererentur,</strong></span> <span class='ocrx_word' id='word_1_142' title='bbox 907 3299 950 3340; x_wconf 89' lang='lat' dir='ltr'><strong>ne</strong></span> <span class='ocrx_word' id='word_1_143' title='bbox 968 3278 1057 3340; x_wconf 91' lang='lat' dir='ltr'><strong>omni</strong></span> 
     </span>
     <span class='ocr_line' id='line_1_23' title="bbox 76 3379 1057 3467; baseline -0.002 -20"><span class='ocrx_word' id='word_1_144' title='bbox 76 3390 201 3467; x_wconf 83' lang='lat' dir='ltr'><strong>pacata</strong></span> <span class='ocrx_word' id='word_1_145' title='bbox 217 3379 334 3448; x_wconf 82' lang='lat' dir='ltr'><strong>Gallia</strong></span> <span class='ocrx_word' id='word_1_146' title='bbox 352 3381 397 3447; x_wconf 86' lang='lat' dir='ltr'><strong>ad</strong></span> <span class='ocrx_word' id='word_1_147' title='bbox 420 3403 476 3446; x_wconf 92' lang='lat' dir='ltr'><strong>eos</strong></span> <span class='ocrx_word' id='word_1_148' title='bbox 494 3383 664 3447; x_wconf 78' lang='lat' dir='ltr'><strong>exereitus</strong></span> <span class='ocrx_word' id='word_1_149' title='bbox 681 3391 797 3447; x_wconf 90' lang='lat' dir='ltr'><strong>noster</strong></span> <span class='ocrx_word' id='word_1_150' title='bbox 814 3382 1057 3465; x_wconf 69' lang='lat' dir='ltr'><strong>adduceretur,</strong></span> 
     </span>
     <span class='ocr_line' id='line_1_24' title="bbox 78 3482 1078 3572; baseline 0 -22"><span class='ocrx_word' id='word_1_151' title='bbox 78 3483 215 3570; x_wconf 87' lang='lat' dir='ltr'><strong>deinde,</strong></span> <span class='ocrx_word' id='word_1_152' title='bbox 249 3485 338 3572; x_wconf 87' lang='lat' dir='ltr'><strong>qnod</strong></span> <span class='ocrx_word' id='word_1_153' title='bbox 368 3485 412 3551; x_wconf 87' lang='lat' dir='ltr'><strong>ab</strong></span> <span class='ocrx_word' id='word_1_154' title='bbox 440 3484 611 3550; x_wconf 89' lang='lat' dir='ltr'><strong>nonnullis</strong></span> <span class='ocrx_word' id='word_1_155' title='bbox 642 3482 752 3550; x_wconf 78' lang='lat' dir='ltr'><strong>Gallis</strong></span> <span class='ocrx_word' id='word_1_156' title='bbox 783 3485 1078 3569; x_wconf 81' lang='lat' dir='ltr'><strong>sollicitarentur,³</strong></span> 
     </span>
    </p>
   </div>
   <div class='ocr_carea' id='block_1_8' title="bbox 0 0 1192 3924">
    <p class='ocr_par' dir='ltr' id='par_1_8' title="bbox 0 0 1192 3924">
     <span class='ocr_line' id='line_1_25' title="bbox 0 0 1192 3924; baseline 0 2"><span class='ocrx_word' id='word_1_157' title='bbox 0 0 1192 3924; x_wconf 95' lang='lat' dir='ltr'><strong> </strong></span> 
     </span>
    </p>
   </div>
  </div>
 </body>
</html>
