2376 3924
372 241 479 290 rursum
499 242 557 306 vu,
577 242 652 292 (ur.
671 244 783 292 ao-sa.
1003 248 1063 311 185

86 443 165 497 sunt
180 432 344 498 ferrariae
360 440 461 518 atque
478 453 574 496 omne
586 452 692 516 genus
705 431 935 498 cuniculorum
947 443 1062 500 notum

87 546 190 622 atque
212 538 375 602 usitatum
399 545 460 601 est.
484 535 606 601 Totum
628 545 742 602 autem
764 559 894 602 murum
913 562 956 604 ex
972 542 1082 605 omnis

86 648 185 726 parte
207 640 356 705 turribus
379 639 684 706 contabulaverant
702 651 803 728 atque
818 642 879 708 has
896 644 997 707 coriis
1014 645 1061 708 in-

87 752 255 810 texerant.
273 743 356 808 Turn
370 743 497 811 crebris
516 743 645 810 diurnis
661 747 901 833 nocturnisque
919 749 1084 832 eruptio-s

84 848 186 915 nibus
202 856 261 913 aut
278 849 398 932 aggeri
414 849 527 932 ignem
542 848 732 914 inferebant
750 859 808 915 aut
824 850 949 924 milites
967 874 1061 919 occu·

86 963 183 1039 patos
207 954 242 1017 in
267 973 366 1038 opere
383 951 625 1018 adoriebantur
649 961 681 1017 et
704 962 896 1019 nostrarum
918 957 1061 1022 turrium

86 1055 313 1138 altitudinem,
347 1064 510 1143 quantum
543 1054 605 1121 has
640 1056 832 1123 cotidianus
867 1079 975 1142 agger
1004 1083 1060 1125 ex-

85 1169 267 1247 presserat,
301 1161 489 1225 commissis
514 1182 650 1225 suarum
674 1163 815 1226 turrium
837 1161 936 1228 malis
960 1162 1060 1229 adae·

85 1263 247 1350 quabant,
261 1271 293 1328 et
309 1272 443 1349 apertos
460 1263 634 1328 cuniculos
650 1272 811 1349 praeusta
828 1274 861 1329 et
875 1275 1082 1351 praeacutae

84 1369 229 1434 materia
263 1376 297 1433 et
330 1367 405 1453 pios
439 1367 625 1432 fervefacta
661 1377 693 1432 et
727 1370 868 1433 maximi
900 1369 1059 1455 ponderis

85 1473 181 1537 saxis
203 1470 425 1537 morabantur
447 1469 687 1557 moenibusque
704 1474 973 1559 appropinquare
988 1497 1061 1560 pro-

84 1575 259 1641 bibebant.

187 1679 238 1745 23.
261 1679 351 1745 Muri
374 1688 486 1746 autem
511 1702 624 1744 omnes
642 1678 768 1746 Gallici
790 1680 939 1767 haufare
955 1682 1061 1748 forma

85 1793 173 1850 sunt.
211 1783 340 1850 Trabes
366 1783 517 1850 directae
539 1793 720 1870 perpetuae
752 1787 786 1849 in
814 1785 1061 1870 longitudinem

84 1888 223 1976 paribus
246 1887 447 1972 intervallis,
473 1888 639 1954 distantes
664 1890 753 1954 inter
777 1911 811 1954 se
834 1889 930 1955 binos
946 1891 1060 1977 pedes,

85 1997 119 2059 in
145 1993 215 2059 solo
239 1991 460 2057 collocantur.
484 1992 559 2057 Hae
582 1993 815 2058 revinciuntur
837 1994 1002 2061 introrsus
1026 2006 1059 2062 et

83 2097 190 2163 multo
214 2117 340 2182 aggere
362 2096 572 2180 vestiuntur3
596 2118 636 2162 ea
652 2105 775 2181 autern,
799 2094 885 2183 quae
903 2098 1058 2184 diximus,

84 2199 267 2267 intervalla
290 2197 477 2284 grandibus
501 2200 535 2263 in
564 2199 675 2266 fronte
708 2202 801 2265 saxis
831 2201 1058 2270 effarciuntur.

84 2307 148 2371 His
172 2304 350 2372 collocatis
374 2312 407 2370 et
431 2305 680 2388 coagmentatis
705 2304 792 2370 alius
817 2307 954 2392 insuper
977 2308 1082 2373 ordos

83 2410 231 2493 additur,
253 2417 291 2474 ut
315 2407 403 2474 idem
425 2407 510 2474 illud
533 2408 749 2474 intervallum
767 2419 929 2494 servetur,
952 2433 1060 2497 neque

84 2517 171 2581 inter
195 2538 231 2581 se
254 2514 455 2597 contingant
471 2511 598 2596 trabes,
616 2512 675 2577 sed
690 2512 829 2598 paribus
846 2515 1060 2582 intermissae

84 2619 204 2705 spatiis
222 2617 378 2701 singulae
394 2615 536 2701 singulis
554 2618 647 2682 saxis
664 2618 850 2682 interiectis
867 2627 941 2683 arte
956 2623 1060 2685 eonti-

82 2732 237 2788 neantur.
262 2719 318 2787 Sic
342 2722 501 2807 deinceps
526 2743 622 2786 omne
646 2743 728 2808 opus
752 2723 955 2807 contexitur,
981 2723 1082 2789 dume

83 2827 173 2892 iusta
194 2825 281 2890 muri
305 2824 450 2890 altitudo
467 2823 653 2911 expleatur.
677 2825 750 2890 Hoc
769 2847 844 2890 cum
861 2826 895 2891 in
912 2829 1081 2912 speciems

81 2930 351 3015 varietatemque
375 2950 457 3014 opus
481 2929 630 2994 deforme
652 2950 718 2994 non
744 2938 795 2994 est
824 2929 965 2995 alternis
990 2941 1058 2997 tra·

81 3032 184 3098 bibus
208 3054 248 3098 ac
273 3034 377 3118 saxis,
400 3054 497 3119 quae.
510 3034 613 3098 rectis
628 3033 728 3098 lineis
746 3055 822 3098 suos
841 3033 975 3101 ordines
994 3059 1059 3101 ser-

81 3146 176 3222 vant,
210 3146 282 3202 tum
304 3136 350 3202 ad
377 3136 561 3202 utilitatem
595 3145 628 3201 ct
663 3137 892 3203 defensionem
926 3139 1059 3205 urbium

84 3262 247 3307 summam
270 3239 372 3306 habet
389 3242 683 3328 opportunitatem,
697 3241 786 3328 quod
799 3250 830 3306 et
844 3241 888 3307 ab
901 3242 1058 3308 incendio

82 3344 170 3432 lapis
194 3352 227 3410 et
251 3343 295 3410 ab
318 3346 426 3413 ariete
441 3346 584 3410 materia
602 3345 763 3430 defendit,
788 3367 873 3432 quae
888 3346 1058 3431 perpetuis

83 3446 240 3514 trabibus
267 3446 371 3534 pedes
394 3448 632 3535 quadragenos
665 3448 860 3536 plerumque
893 3451 1058 3515 introrsus

84 3552 238 3621 revincta
260 3573 369 3642 neque
390 3553 559 3642 perrumpi
582 3574 689 3640 neque
714 3553 857 3618 distrahi
880 3561 1001 3643 potest.
1063 3602 1065 3607 s
1172 3590 1180 3601 -·
