2376 3924
414 253 523 302 LIBER
540 255 562 314 Ι,
582 251 659 303 CAP.
679 252 755 302 2-4.
1052 254 1072 315 5

97 446 183 510 ditae
199 468 218 509 a
234 444 384 527 Caesare,
408 452 623 508 arcessuntur.
648 442 834 529 Completur
857 441 935 507 urbs
951 452 984 507 et
999 437 1094 528 [iusla
1157 503 1160 507 .

96 551 259 614 comitium
288 548 440 629 tribunis,
469 546 723 629 centurionibus,
754 549 905 611 evocatis.
951 548 1095 615 Omnes4

96 655 189 718 amici
213 651 390 733 consulum,
412 653 586 715 necessarii
604 652 737 735 Pompei
752 659 850 735 atque
873 673 995 731 eorum,
1018 652 1072 734 qui

95 766 222 821 veteres
237 758 418 820 inimicitias
434 778 508 820 oum
524 753 663 819 Caesare
680 754 846 839 gerebant,
870 756 903 817 in
926 762 1073 818 senatum

96 869 268 945 coguntur3
294 881 431 944 quorum
452 858 586 923 vocibus
610 869 642 922 et
664 881 823 923 concursu
845 867 1007 922 terrentur
1029 859 1094 934 in-5

95 966 267 1045 firmiores,
297 962 386 1026 dubii
409 963 659 1044 confirmantur,
688 963 849 1048 plerisque
872 983 950 1025 vero
973 960 1072 1024 libere

95 1066 290 1133 decernendi
312 1076 453 1151 potestas
476 1068 618 1152 eripitur.
653 1066 824 1131 Pollicetur
848 1067 887 1130 L.
904 1067 978 1130 Piso
1002 1087 1095 1141 cen-⁶

96 1195 148 1236 sor
172 1194 242 1236 sese
264 1174 384 1236 iturum
407 1170 450 1234 ad
473 1169 655 1252 Caesarem,
679 1173 755 1234 item
770 1172 809 1235 L.
826 1172 961 1235 Roscius
984 1192 1073 1254 prae-

95 1285 154 1357 tor,
178 1278 233 1361 qui
256 1275 297 1340 de
319 1275 369 1340 his
391 1275 489 1340 rebus
513 1298 587 1341 cum
610 1275 761 1341 doceant:
785 1299 844 1340 sex
860 1275 928 1339 dies
944 1274 986 1338 ad
1001 1297 1073 1339 eam

95 1402 164 1444 rem
186 1378 420 1443 conficiendam
449 1382 543 1464 spatii
572 1380 741 1465 postulant.
787 1381 949 1444 Dicuntur
977 1380 1094 1453 etiams

95 1482 136 1546 ab
160 1481 319 1546 nonnullis
347 1485 534 1565 sententiae,
566 1493 602 1548 ut
624 1483 721 1567 legati
744 1483 786 1548 ad
809 1482 982 1548 Caesarem
1003 1484 1072 1546 mit-

95 1594 215 1667 tantur,
238 1588 293 1670 qui
315 1585 514 1650 voluntatem
538 1596 668 1651 senatus
691 1589 720 1650 ei
743 1594 932 1670 proponant.

180 1689 209 1752 4.
249 1687 407 1754 Omnibus
436 1689 486 1754 his
505 1692 690 1771 resistitur,
725 1688 936 1774 omnibusque
971 1689 1071 1753 oratio

95 1792 241 1874 consulis,
266 1794 434 1878 Scipionis,
456 1792 588 1858 Catonis
615 1796 794 1879 opponitur.
841 1792 997 1858 Catonem
1019 1815 1093 1869 ve,

94 1905 178 1959 teres
199 1898 382 1961 inimicitiae
406 1897 555 1962 Caesaris
583 1899 718 1963 incitant
746 1907 779 1962 et
801 1897 891 1961 dolor
913 1896 1070 1981 repulsae.

93 1999 250 2065 Lentulus
279 2003 362 2064 acris
392 2001 487 2066 alieni
514 2001 737 2086 magnitudine
766 2011 798 2066 ct
826 2023 882 2086 spe
909 2003 1071 2066 exercitus

93 2125 131 2165 ac
154 2107 392 2187 provinciarum
416 2115 449 2170 ct
470 2128 585 2190 regum
608 2105 872 2191 appellandorum
900 2105 1071 2190 largitioni-

93 2206 153 2270 bus
175 2218 333 2291 movetur,
357 2231 456 2295 seque
479 2209 616 2274 alterurn
643 2209 711 2272 fore
735 2207 857 2276 Sullam
885 2211 968 2273 inter
997 2233 1071 2274 suos
1119 2242 1125 2249 ·

92 2310 256 2393 gloriatur,
280 2312 322 2376 ad
345 2335 441 2398 quem
464 2334 589 2377 summa
605 2314 728 2397 imperii
743 2312 865 2377 rodeat.
890 2315 1093 2397 Scipionems

93 2413 207 2478 eadem
244 2437 316 2502 spes
350 2420 535 2503 provinciae
563 2426 661 2501 atquo
695 2419 896 2481 exercituum
930 2417 1071 2502 impellit,

93 2540 172 2601 quos
203 2541 237 2582 se
265 2542 323 2605 pro
345 2520 582 2587 necessitudine
606 2523 799 2605 partiturum
822 2543 896 2584 cum
919 2523 1071 2607 Pompeio

92 2619 284 2706 arbitratur,
314 2624 409 2688 simul
439 2623 630 2688 iudiciorum
652 2633 772 2705 metus,
802 2622 942 2688 adulatio
973 2635 1070 2709 atque

93 2727 265 2790 ostentatio
289 2729 338 2792 sui
361 2737 394 2792 et
422 2729 616 2812 potentium,
645 2729 700 2810 qui
729 2729 762 2791 in
794 2725 960 2812 republica
993 2727 1070 2792 iudi-

93 2829 215 2911 ciisque
238 2839 308 2893 tum
330 2830 504 2916 plurimum
526 2829 697 2916 pollebant.
743 2831 817 2916 Ipse
833 2833 1005 2918 Pompeius
1028 2832 1092 2905 aba

10 2923 17 2931 ’
90 2933 226 2996 inimicis
254 2931 402 2998 Caesaris
431 2936 581 2999 incitatus
609 2944 642 2999 et
670 2936 756 3020 quod
786 2938 947 3000 neminem
970 2935 1069 3020 digni·
1152 2991 1156 2996 .

91 3043 157 3098 tate
175 3057 285 3100 secum
302 3040 479 3123 exaequari
494 3037 633 3121 volebat,
657 3048 759 3121 totum
782 3061 816 3103 se
840 3037 881 3103 ab
904 3041 972 3104 eius
995 3042 1069 3104 ami-

91 3140 167 3202 citia
190 3149 355 3205 averterat
384 3150 416 3206 et
444 3164 518 3206 cum
541 3142 764 3207 communibus
786 3145 921 3208 inimicis
944 3145 976 3207 in
1000 3166 1071 3227 gra-

89 3244 167 3328 tiam
187 3242 338 3327 redierat,
362 3267 499 3329 quorum
515 3247 583 3330 ipse
605 3249 782 3311 maximam
804 3256 929 3332 partem
951 3246 1002 3310 illo
1026 3248 1068 3310 as-

89 3345 221 3411 finitatis
249 3356 394 3433 tempore
423 3350 608 3414 iniunxerat
634 3334 765 3415 Caesari
773 3360 785 3433 ς’
816 3349 908 3414 simul
936 3350 1117 3424 infamias.

90 3448 228 3515 duarum
255 3449 416 3535 legionum
444 3461 622 3536 permotus,
653 3474 733 3538 quas
763 3453 805 3517 ab
834 3454 947 3516 itinere
969 3451 1068 3516 Asiae
