2376 3924
110 207 173 274 258
415 208 465 256 ΒΕ
482 207 603 257 BELLO
624 205 782 257 GALLIOO

89 401 184 485 4ipse
197 399 345 484 equitum
355 394 726 480 praesidioNarbonem
738 394 908 479 profectus
918 402 979 475 est,
993 413 1087 456 exer-

111 503 216 566 citum
248 523 309 586 per
341 499 474 584 legatos
498 500 533 562 in
560 498 702 563 hiberna
738 497 894 562 deduxit:
929 505 1089 582 quattuor

111 605 261 688 legiones
292 606 327 668 in
355 603 474 687 Belgio
504 601 686 667 collocavit
715 624 792 667 cum
814 601 858 665 Μ.
882 601 1031 665 Antonio
1057 608 1090 663 et

112 709 147 775 Ο.
164 708 331 773 Trebonio
349 717 381 772 et
398 708 433 772 P.
450 708 589 772 Vatinio
614 707 747 790 legatis,
772 705 855 770 duas
880 705 1030 789 legiones
1055 708 1089 770 in

112 813 249 879 Aeduos
274 812 425 893 deduxit,
456 833 595 898 quorum
618 813 652 875 in
676 812 764 875 omni
788 808 903 876 Gallia
928 833 1089 875 summam

113 941 187 984 esse
210 917 448 982 auctoritatem
465 914 605 996 sciebat,
631 913 715 979 duas
732 917 766 979 in
782 915 925 980 Turonis
943 915 987 979 ad
1005 916 1089 980 fines

114 1021 300 1088 Carnutum
323 1021 445 1104 posuit,
469 1040 554 1103 quae
571 1041 700 1083 omnem
717 1018 810 1095 illam
826 1022 996 1103 regionem
1012 1042 1089 1085 con-

114 1128 264 1191 iunctam
288 1124 423 1189 Oceano
447 1125 671 1207 continerent,
696 1123 779 1189 duas
803 1123 950 1209 reliquas
975 1127 1010 1188 in
1025 1125 1090 1189 Le-

113 1232 277 1295 movicum
305 1226 428 1292 finibus
457 1249 524 1291 non
553 1226 653 1310 longe
682 1226 725 1291 ab
753 1227 925 1310 Arvernis,
953 1250 995 1291 ne
1025 1249 1090 1312 qua

92 1355 194 1420 spars
220 1329 354 1396 Galliae
370 1352 480 1394 vacua
504 1330 547 1394 ab
572 1331 723 1396 exercitu
747 1341 845 1396 esset.
870 1331 1000 1397 Paucos
1018 1331 1090 1396 dies

114 1441 185 1524 ipse
202 1439 236 1502 in
253 1436 427 1522 provincia
443 1443 604 1516 moratus,
620 1457 695 1501 oum
712 1434 867 1500 celeriter
883 1458 996 1501 omnes
1013 1458 1091 1501 con·

115 1553 235 1608 ventus
269 1541 546 1626 percucurrisset,
580 1538 733 1623 publicas
763 1543 1012 1606 controversias
1037 1563 1091 1605 oo

95 1654 265 1730 sgnosset,
277 1643 363 1708 bene
373 1644 502 1708 meritis
509 1645 659 1727 praemia
668 1643 842 1709 tribuisset
851 1645 1091 1728 (cognoscendi

116 1753 203 1814 enim
228 1749 410 1813 maximam
433 1746 630 1812 facultatem
653 1746 813 1830 habebat,
837 1748 935 1833 quale
951 1752 1092 1834 quisque

115 1855 233 1917 fuisset
258 1853 370 1915 animo
400 1852 434 1914 in
463 1852 567 1915 totius
592 1849 727 1915 Galliae
757 1851 956 1936 defectione,
992 1875 1092 1938 quam

116 1959 322 2022 sustinuerat
334 1953 609 2040 fidelitateatque
617 1955 755 2020 auxiliis
768 1959 963 2042 provinciae
975 1955 1093 2038 illius),

116 2062 167 2125 his
191 2060 354 2125 conlectis
378 2057 547 2122 rebusad
569 2058 721 2142 legiones
746 2061 780 2123 in
802 2059 958 2143 Belgium
982 2083 1018 2124 se
1041 2083 1092 2124 re·

116 2166 197 2250 cipit
220 2163 444 2248 hibernatque
465 2162 744 2228 Nemetocennae.

202 2266 253 2330 47.
277 2265 329 2330 lbi
353 2267 529 2348 cognoscit
545 2264 728 2331 Commium
745 2267 943 2334 Atrebatem
966 2268 1093 2356 proelio

95 2393 190 2437 scum
214 2372 364 2456 equitatu
389 2391 448 2433 suo
472 2370 697 2435 contendisse.
719 2372 806 2436 Nam
828 2393 903 2437 cum
926 2371 1094 2437 Antonius

116 2479 150 2539 in
174 2473 315 2539 hiberna
331 2475 490 2555 venisset,
514 2475 700 2560 civitasque
717 2475 917 2541 Atrebatum
933 2478 967 2540 in
984 2476 1094 2541 officio

117 2591 217 2663 esset,
234 2578 413 2655 Commius,
431 2579 487 2663 qui
501 2589 578 2662 post
594 2578 688 2643 illam
700 2579 978 2664 vulnerationem,
995 2602 1095 2666 quam

118 2707 219 2770 supra
235 2682 504 2761 commemoravi,
520 2703 650 2766 semper
665 2682 709 2746 ad
727 2705 839 2748 omnes
863 2695 973 2751 motus
996 2707 1095 2770 para·

117 2797 171 2851 tus
197 2788 265 2850 suis
289 2784 419 2848 civibus
444 2807 518 2849 esse
542 2796 748 2870 consuesset,
782 2811 824 2853 ne
847 2787 990 2854 consilia
1013 2787 1095 2853 belli

118 2890 356 2974 quaerentibus
380 2899 499 2953 auctor
522 2911 689 2954 armorum
714 2890 847 2977 duxque
872 2892 1014 2975 deesset,
1037 2914 1095 2977 pa·

119 3002 213 3058 rente
236 2994 396 3057 Romanis
421 2995 561 3058 civitate
591 3018 666 3059 cum
696 2997 765 3059 suis
795 2996 964 3082 equitibus
992 2994 1096 3060 latro-

119 3098 217 3160 ciniis
243 3120 278 3161 se
302 3118 445 3181 suosque
461 3096 576 3162 alebat
600 3099 797 3183 infestisque
814 3098 991 3181 itineribus
1007 3121 1095 3165 com·

119 3210 248 3266 meatus
272 3199 470 3285 complures,
494 3204 551 3287 qui
574 3202 873 3288 comportabantur
896 3203 929 3265 in
954 3201 1096 3268 hiberna

119 3306 353 3386 Romanorum,
378 3304 628 3390 intercipiebat.

206 3406 257 3471 48.
274 3408 359 3473 Erat
382 3408 566 3473 attributus
579 3409 728 3476 Antonio
741 3412 932 3497 praefectus
949 3412 1098 3496 equitum

121 3511 157 3576 O.
182 3511 373 3577 Volusenus
397 3511 605 3596 Quadratus,
687 3515 694 3522 ’
835 3536 855 3577 rr
892 3515 902 3522 '
1015 3523 1098 3581 ¹urst.
