2376 3924
115 215 174 280 128
415 213 465 263 ΒΕ
484 212 604 264 BELLO
625 211 782 265 ethnico

111 405 266 490 pervenit
281 381 511 486 hortaturque,
526 423 569 465 ne
586 401 638 465 sui
655 401 900 486 inperpetuum
917 400 1087 468 liberandi

113 517 214 594 atque
236 504 424 572 ulciscendi
437 505 607 570 Romanos
623 526 683 590 pro
699 505 753 588 iis,
776 527 859 591 quas
883 508 1087 592 acceperint,

91 637 103 675 a
113 612 244 676 iniuriis
253 610 464 676 occasionem
473 608 661 674 dimittant:
673 607 866 674 interfectos
875 608 1088 693 esselegatos

114 716 196 780 duos
212 735 436 799 magnamque
451 722 582 797 partem
599 712 767 777 exereitus
784 712 1089 781 interissedemon-

113 828 214 900 strat,
238 817 322 882 nihil
340 839 413 881 esse
429 817 557 899 negotii
573 815 684 881 subito
702 838 895 902 oppressam
910 815 1088 901 legionem,

91 944 199 1007 equae
223 944 297 987 cum
321 920 485 986 Cicerone
507 920 639 1002 hiemet,
670 920 828 996 interfici;
876 942 911 984 se
941 920 986 985 ad
1015 944 1089 986 eam

113 1048 183 1090 rem
194 1025 370 1111 profitetur
383 1021 579 1088 adiutorem.
588 1022 705 1088 Facile
717 1022 781 1088 hac
795 1024 1088 1089 orationcNerviis

113 1128 303 1213 persuadet.

217 1230 267 1296 39.
291 1233 410 1317 Itaque
426 1231 604 1297 confestim
621 1230 768 1296 dimissis
793 1233 919 1297 nuntiis
945 1231 989 1296 ad
1005 1231 1090 1297 Ceu·

115 1345 237 1418 tiones,
262 1332 420 1419 Grndios,
443 1334 609 1417 Levacos,
632 1333 855 1416 Pleumoxios,
872 1332 1090 1418 Geidumnos,

114 1439 169 1522 qui
194 1460 307 1502 omnes
325 1437 386 1502 sub
404 1459 517 1502 eorum
539 1437 678 1522 imperio
695 1447 783 1521 sunt,
808 1459 906 1523 quam
923 1441 1090 1504 maximas

114 1563 232 1605 manus
252 1550 393 1626 possunt
409 1550 536 1624 cogunt
552 1548 584 1605 et
602 1539 643 1604 de
659 1541 838 1625 improviso
855 1540 900 1605 ad
916 1540 1091 1607 Ciceronis

114 1643 255 1709 hiberna
279 1642 453 1728 advolant,
476 1643 624 1708 nondum
647 1643 783 1710 adeum
804 1644 893 1709 fama
911 1645 952 1710 de
968 1646 1092 1712 Titurii

94 1758 221 1813 amorte
244 1747 386 1834 perlata.
410 1748 499 1813 Huic
524 1769 654 1834 quoque
677 1747 813 1831 accidit,
836 1748 926 1834 quod
948 1749 1012 1816 fuit
1035 1773 1092 1815 ne·

116 1876 221 1936 cesse,
245 1861 281 1918 ut
305 1851 458 1918 nonnulli
482 1851 617 1934 milites,
641 1852 698 1937 qui
723 1850 920 1935 lignationis
937 1854 1093 1920 munitio·

116 1958 234 2043 nisque
246 1978 351 2023 causa
364 1958 399 2021 in
416 1955 520 2021 silvas
538 1955 786 2038 discessissent,
809 1957 984 2041 repentino
1000 1959 1092 2042 equi-

94 2076 105 2111 ³
118 2070 185 2126 tum
193 2061 341 2126 adventu
348 2060 638 2145 interciperentur.
651 2058 713 2123 His
722 2060 959 2124 circumventis
967 2081 1093 2144 magua

115 2186 217 2230 manu
239 2162 425 2245 Eburones,
443 2164 569 2246 Nervii,
586 2161 757 2227 Aduatuci
774 2171 875 2248 atque
890 2163 1006 2228 horum
1024 2184 1090 2226 om-

116 2269 207 2332 nium
224 2267 307 2333 socii
324 2275 356 2332 et
369 2266 510 2332 clientes
526 2264 694 2349 legionem
707 2285 901 2351 oppugnare
916 2266 1093 2353 incipiunt.

114 2371 230 2437 Nostri
254 2371 410 2437 celeriter
432 2369 478 2435 ad
500 2391 594 2435 arma
618 2376 832 2451 concurrunt,
866 2367 992 2434 vallum
1015 2391 1094 2435 con-

95 2475 292 2540 ascendunt.
317 2473 428 2557 Aegre
451 2475 479 2538 is
504 2473 577 2538 dies
602 2480 821 2554 sustentatur,
852 2472 941 2559 quod
964 2496 1093 2541 omnem

118 2602 209 2665 spem
221 2580 334 2645 hostes
347 2580 382 2643 in
393 2578 569 2643 celeritate
580 2575 751 2663 ponebant
763 2585 865 2662 atque
878 2576 965 2642 hane
978 2577 1095 2665 adepti

117 2684 295 2748 victoriam
309 2684 344 2747 in
359 2691 556 2768 perpetuum
574 2679 696 2745 se'fore
703 2681 850 2745 victores
866 2679 1094 2748 confidebant.

220 2784 271 2848 40.
295 2785 477 2850 Mittuntur
493 2784 538 2850 ad
556 2781 737 2849 Caesarem
759 2783 939 2849 confestim
959 2806 980 2848 a
998 2781 1095 2850 (lice-

117 2911 198 2953 rone
221 2889 369 2971 litterae,
399 2889 532 2972 magnis
554 2888 736 2972 propositis
760 2886 918 2972 praemiis
942 2887 999 2974 qui
1021 2908 1095 2973 per·

118 2991 290 3075 tulissent,
307 2991 455 3057 obsessis
469 2990 622 3058 omnibus
636 2992 700 3055 viis
716 2992 810 3056 missi
823 2990 1096 3076 intercipiuntur.

99 3095 228 3161 aNootu
252 3119 294 3161 ex
316 3096 469 3179 materia,
494 3117 592 3180 quam
614 3095 810 3159 munitionis
826 3115 930 3160 causa
946 3114 1096 3181 compor-

119 3209 285 3282 taverant,
302 3208 410 3264 turres
424 3197 604 3264 admodum
615 3214 684 3261 cxx
698 3199 889 3265 excitantur
904 3196 1098 3263 incredibili

119 3302 312 3386 eeleritate,
327 3324 412 3388 quae
421 3301 537 3368 deesse
545 3303 636 3388 operi
643 3301 856 3385 videbantur,
864 3301 1096 3387 perficiuntur.

97 3406 245 3471 sHostcs
268 3414 402 3491 postero
427 3405 480 3471 die
502 3404 608 3471 multo
631 3404 814 3471 maioribus
837 3405 966 3470 coactis
989 3405 1097 3491 copiis

97 3520 233 3576 scastra
250 3519 456 3595 oppugnant,
471 3508 597 3573 fossam
609 3506 787 3592 complent.
809 3505 939 3573 Eadem
954 3508 1099 3593 ratione,
