2376 3924
109 243 148 292 vr
405 242 615 294 ADNOTATIO
636 243 792 309 osrrros,

110 431 220 482 cludere
247 447 358 482 necesse
386 437 439 496 est,
465 434 581 498 primum
606 433 639 482 de
662 432 735 483 bello
764 433 840 483 cirili
867 435 1091 487 commentarium

110 517 248 582 ἀκέφαλον
267 534 334 569 esse.
365 534 435 582 quse
454 519 623 579 exciderunt,
646 535 711 569 num
730 534 763 570 ec
782 520 873 570 omnia
891 519 1000 582 fuerint,
1020 536 1090 584 quae

109 606 222 656 Vossius
242 620 275 654 ex
292 604 441 665 Plutarchi,
460 604 588 669 Appiani,
607 605 704 655 Dionis
722 605 924 656 narrationibus
943 607 1090 670 contexuit,

109 709 157 758 pro
177 697 249 742 certo
268 691 322 741 dici
341 692 445 756 nequit,
468 692 497 740 id
516 697 608 741 tamen
626 693 685 741 iure
705 692 867 742 contendere
886 691 959 753 licet,
982 707 1044 742 cum
1063 697 1091 742 et

109 783 229 828 extrema
252 792 315 842 pers
339 777 430 827 octavi
453 775 486 826 de
509 776 583 827 bello
610 775 716 827 Gallico
740 778 930 828 commentarii
956 778 1091 827 interierit

109 871 135 914 et
153 863 293 914 exordium
311 863 392 928 primi
411 863 445 911 de
464 861 537 912 bollo
560 863 636 913 civili
659 862 738 929 libri,
765 879 819 914 uno
847 863 995 928 eodemque
1023 878 1090 914 casn

107 956 251 1014 utrumqne
275 948 375 999 librum
400 963 459 998 esse
484 948 646 999 mutilatum.
677 964 801 1000 necnon
819 948 969 999 verisimile
988 955 1030 999 est
1047 964 1096 1013 ee„

108 1049 176 1100 quae
200 1035 335 1100 utrimque
363 1034 534 1097 exciderunt,
562 1035 656 1085 eadem
686 1034 786 1087 scheda
811 1034 896 1084 fuisse
925 1035 1090 1099 conscripta,

108 1137 162 1187 qua
179 1121 285 1184 perdita
304 1119 431 1169 damnum
454 1118 525 1168 illud
543 1121 652 1186 utrique
676 1120 747 1170 libro
767 1120 862 1170 eodem
885 1126 1006 1186 tempore
1027 1120 1088 1171 ills·

106 1215 164 1259 tum
183 1214 232 1260 est.
262 1209 356 1271 itaque
374 1206 490 1256 lacunae
509 1208 586 1272 signo
606 1209 755 1272 praemisso
774 1208 881 1257 initium

210 1312 233 1345 c.
252 1298 266 1344 1
286 1295 325 1343 ita
344 1293 430 1343 edidi:
509 1292 631 1346 Litteris
651 1293 690 1346 ab
709 1309 743 1346 eo
763 1271 906 1362 [Carsais]
925 1293 1088 1348 cortentibus

106 1379 229 1432 redditis
248 1395 269 1431 e.
289 1393 312 1444 q.
331 1391 353 1430 s.
1091 1446 1093 1451 Ι

210 1482 233 1517 c.
252 1470 275 1528 1,
293 1468 322 1515 2:
351 1464 480 1530 referunt
504 1465 631 1519 consules
651 1465 684 1518 de
702 1481 733 1518 re
750 1465 867 1533 publicu
889 1465 932 1534 [in
954 1465 1087 1536 cinitotel.

105 1554 190 1604 verba
214 1552 245 1604 in
268 1550 383 1604 civitate
409 1567 502 1601 omnes
527 1552 583 1601 fere
607 1552 726 1602 editores
744 1551 914 1618 scaligerum
937 1554 1024 1603 secuti
1044 1554 1085 1602 in-

105 1641 258 1702 cluserunt;
276 1654 346 1687 unus
364 1637 409 1686 Fr.
423 1637 561 1687 Hofmann
579 1635 691 1700 infinite
708 1639 807 1702 posuit.
825 1665 860 1676 -
879 1640 902 1700 ξ.
916 1640 940 1688 3.
959 1637 998 1691 ad
1018 1635 1086 1692 an-

105 1725 181 1777 suris
199 1721 342 1792 qratiam]
361 1724 389 1771 in
408 1724 497 1787 priore
516 1723 636 1772 editione
650 1720 782 1776 Caesaris
795 1730 905 1774 auctore
918 1724 1086 1776 Mommseno

107 1813 258 1863 omiseram.

210 1912 231 1948 c.
245 1899 269 1958 2,
283 1897 312 1944 3:
331 1893 467 1962 ereptis
486 1910 553 1945 corr.
564 1894 734 1960 Nipperdey;
746 1894 811 1944 libri
824 1895 963 1962 correptis
975 1896 1087 1948 habent.

208 1998 230 2031 c.
249 1983 273 2042 3,
293 1983 323 2031 3:
353 1979 507 2046 completur
536 1979 604 2032 urbs
635 1984 661 2032 et
687 1979 751 2048 [ins]
780 1981 924 2034 comitium
951 1981 1086 2052 tribunis,

105 2065 325 2132 centurionibus,
347 2064 486 2135 evocatis]
510 2071 540 2116 ut
558 2068 587 2116 in
606 2068 695 2132 priore
714 2067 832 2118 editione
852 2069 891 2118 sic
911 2070 994 2120 etium
1012 2086 1086 2122 nunc

104 2155 170 2205 satis
182 2153 267 2204 hebui
285 2153 314 2201 in
333 2151 393 2203 loco
413 2154 615 2217 corruptissimo
634 2154 755 2218 ineptum
774 2152 844 2202 illud
862 2152 908 2206 ins
927 2155 1086 2220 secluder03

104 2240 152 2291 sed
176 2255 238 2290 cum
261 2242 368 2288 constet
392 2239 422 2286 in
446 2238 513 2288 urbe
538 2238 676 2303 praesidia
699 2244 756 2287 tum
774 2245 879 2289 tantum
898 2240 995 2301 fuisse,
1023 2257 1086 2293 cum

103 2326 236 2377 tumultus
255 2330 327 2375 esset
345 2324 470 2375 decretus
488 2329 516 2374 et
538 2322 726 2376 iustitium
748 2324 882 2387 edictum,
909 2327 1033 2392 suspicor
1051 2343 1086 2378 ex

102 2411 154 2463 hoc
171 2410 307 2463 vocabulo
326 2416 436 2460 enatum
455 2425 514 2461 csse
532 2409 602 2460 illud
624 2409 671 2463 ins
689 2409 846 2477 comitium,
872 2427 934 2462 cum
958 2413 1086 2478 primitus

103 2500 232 2564 scriptum
251 2503 324 2548 esset
341 2495 494 2564 conpletur
512 2495 581 2548 urbs
600 2500 639 2548 ui
653 2511 718 2562 per
742 2495 929 2549 iustitium
950 2497 1086 2568 tribunis,
1112 2502 1113 2505 ’

103 2581 329 2649 centurionibus,
351 2581 481 2634 evocatis.

206 2686 228 2719 c.
249 2669 273 2732 5,
293 2670 322 2718 2:
352 2667 386 2721 de
409 2683 464 2720 sua
481 2665 575 2720 salute
592 2666 709 2734 septimo
729 2667 775 2720 die
793 2667 916 2736 conitere
934 2673 1085 2739 coquntur,

102 2755 177 2822 quoii
205 2752 249 2806 illi
279 2752 516 2806 turbulentissimi
546 2752 741 2820 superioribus
773 2753 943 2820 temporibus
973 2754 1087 2810 tribuni

98 2841 190 2908 plebis
208 2839 331 2893 ultimo
350 2838 468 2905 durique
486 2853 577 2891 nense
595 2853 714 2891 suarum
733 2838 876 2892 actionum
893 2840 1031 2908 respicere
1050 2857 1087 2896 uc

101 2926 198 2979 timere
217 2922 406 2993 consuerant]
424 2923 490 2974 libri
508 2928 569 2976 octo
588 2923 705 2990 denique
723 2939 829 2978 nenses
847 2926 960 2988 habent3
978 2929 1007 2976 in
1022 2929 1084 2980 cod.

99 3010 117 3063 f
133 3011 295 3064 correctoris
314 3026 397 3060 manu
415 3013 511 3070 octavo
531 3009 649 3078 denique
667 3026 758 3064 nense
777 3014 907 3078 scriptum
926 3019 979 3077 est,
1000 3031 1085 3080 quum

97 3095 246 3149 lectionem
274 3095 338 3146 inde
360 3097 395 3147 sb
421 3097 490 3147 Aldo
515 3097 655 3164 vulgatam
680 3100 762 3148 etiam
783 3099 940 3165 Nipperdey
962 3103 1093 3165 retinuit„

17 3174 20 3185 '
97 3183 150 3234 sed
173 3187 276 3235 certum
300 3183 354 3231 nisi
376 3188 525 3233 extremum
548 3189 668 3250 tempus,
695 3201 729 3235 ex
747 3201 800 3250 quo
819 3187 907 3235 coacti
926 3191 1018 3238 essent
1034 3190 1083 3240 tri·

95 3267 169 3320 buni
186 3269 223 3342 pl.
247 3267 281 3318 de
304 3284 354 3318 suc
378 3269 465 3319 salute
489 3270 624 3335 cogitare,
652 3273 736 3321 statui
762 3272 888 3338 nequire,
916 3273 1093 3343 recentiores·

95 3356 217 3408 editores
236 3354 429 3405 intellexerunt
448 3362 561 3421 excepto
573 3357 693 3419 Dintero,
714 3358 761 3422 qui
778 3360 872 3408 nescio
892 3358 957 3424 quid
975 3375 1093 3421 correc,

93 3444 177 3494 turus
192 3445 276 3509 nost
295 3445 355 3493 octo
374 3439 492 3507 denique
504 3456 610 3494 menses
628 3443 813 3496 variarunt
831 3444 975 3498 actionum
987 3445 1084 3515 edidit,

92 3522 181 3580 lectio
200 3544 264 3579 vero
288 3543 305 3578 a
324 3528 491 3579 Mommseno
515 3529 666 3593 proposita,
694 3544 711 3579 s
733 3531 860 3598 Krsnero
883 3536 994 3601 recepte,
1021 3534 1093 3605 totum
