2376 3924
127 224 179 272 LII
430 221 639 272 ADNOTATIO
660 221 805 272 CRITICA

127 428 174 463 nes
191 413 222 462 in
240 414 299 478 ipso
318 412 416 478 oppido
436 419 586 463 exstructas
608 414 761 475 obtinebat,
788 418 898 478 pontem
924 413 1022 478 oppido
1044 431 1107 480 pro-

125 501 229 565 piorem
248 497 404 551 citeriorem
423 498 567 548 dicendum
585 500 677 548 fuisse.

230 602 253 635 o.
272 587 314 634 21.
332 584 361 633 b:
389 582 488 652 epestis
511 599 546 636 erc
563 583 638 637 mari
661 583 806 651 lapidibus
831 584 943 638 libero
966 591 1035 639 sunt
1058 589 1107 642 usi

123 676 223 739 postea
247 670 286 722 ad
309 668 448 722 mittenda
474 668 617 739 nampio]
645 669 729 723 libero
759 672 805 738 (sc.
823 674 903 736 mari)
931 673 1106 726 scribendum

125 774 184 807 esse
204 757 268 806 duxi
285 773 333 822 pro
352 755 443 823 libere,
467 755 538 821 quod
563 756 638 809 codd.
662 758 801 822 praebent.
832 759 871 807 sic
889 759 944 810 iam
963 759 1040 810 adest
1059 761 1106 810 ob·

123 845 224 894 iectum
247 843 325 892 verbi
347 846 416 894 sunt
433 841 494 908 usi,
521 858 609 908 nsque
629 859 695 908 opus
715 849 756 893 est
773 843 926 894 Fleischeri
948 847 1106 898 coniectura

126 932 198 992 (ann.
216 929 283 994 pbil.
303 928 399 987 CXIX,
419 944 445 992 p.
463 927 539 992 857),
568 928 615 992 qui
635 932 743 994 ponte
767 934 829 978 ante
850 933 953 995 postea
971 931 1106 982 excidisse

124 1015 169 1066 vel
189 1015 361 1064 librariorum
380 1029 470 1063 errore
487 1015 515 1063 in
535 1013 587 1063 hoc
606 1014 766 1064 adverbium
785 1016 887 1064 abiisse
907 1017 1069 1081 suspicatur.

229 1117 252 1150 c.
270 1102 303 1149 22
326 1101 417 1164 potius
440 1099 695 1166 interpolationibus
720 1115 800 1165 quam
825 1100 930 1151 lacunis
950 1109 1104 1166 corruptum

126 1203 185 1237 esse
204 1186 285 1236 facile
304 1187 426 1248 sentitur,
445 1201 507 1236 cum
525 1187 637 1236 resectis
657 1187 755 1252 spuriis
774 1186 830 1237 illis
848 1187 1105 1252 amplificationibus

126 1273 240 1337 simplex
258 1273 422 1322 narrationis
441 1278 468 1322 et
486 1274 637 1323 sententiae
660 1273 746 1322 forma
768 1274 941 1338 proponitur:
969 1273 1031 1326 Hoc
1056 1273 1104 1327 de-

126 1357 256 1410 trimento
277 1357 379 1409 milites
406 1357 499 1410 nostri
517 1362 630 1410 tantum
648 1357 786 1422 afuerunt
805 1362 838 1410 ut
852 1358 1103 1424 perturbarentur,

125 1449 158 1497 ut
174 1474 209 1482 —
227 1444 259 1496 in
273 1442 392 1511 proeliis
416 1442 584 1510 cotidianis,
612 1443 841 1510 quandocumque
868 1444 930 1509 fors
954 1444 1104 1513 obtulerat,

122 1529 357 1598 procurrentibus
380 1534 406 1582 et
431 1529 639 1596 erumpentibus
663 1528 871 1582 Alexandrinis
888 1558 923 1568 —
942 1530 1033 1600 napis
1057 1531 1104 1584 de·

125 1617 251 1669 terrendi
269 1620 295 1669 et
314 1614 477 1668 corstinendi
496 1630 514 1665 a
528 1613 779 1682 periculosissimis
799 1618 890 1666 essesut
912 1614 1103 1669 dimicationi-

125 1704 176 1756 bus
195 1719 278 1770 quam
295 1700 439 1753 incitandi
457 1700 496 1752 ad
510 1699 707 1768 pupnandnm.
741 1716 810 1767 quae
833 1701 937 1750 dnobus
960 1701 1016 1750 illis
1036 1718 1104 1768 quos

125 1790 217 1839 notavi
235 1790 303 1838 loeis
322 1789 424 1836 inserta
442 1794 513 1847 sunt,
535 1788 613 1836 uncis
631 1786 805 1836 circumdedi.

228 1891 252 1928 o.
270 1875 316 1935 23,
336 1877 365 1922 2:
388 1876 526 1938 paratam
553 1871 626 1923 enirn
654 1886 781 1923 onlnem
807 1871 1019 1925 multitudinem
1045 1889 1105 1928 esse

125 1960 280 2025 corrfeetam
298 1957 392 2010 taedio
406 1956 518 2024 puellae
529 1956 682 2022 fiduciario
700 1972 737 2009 re
742 1971 816 2025 pne,
835 1956 1027 2012 dominatione
1039 1975 1103 2014 cru-

125 2046 269 2100 delissima
290 2043 463 2111 Garrpmedis
481 2042 575 2109 facere
592 2044 632 2108 id,
651 2043 725 2110 quod
743 2058 794 2096 reu
812 2042 1007 2113 imperasset]
1032 2045 1104 2096 banc

124 2133 263 2199 vulgatam
282 2131 427 2180 lectionem
447 2137 476 2179 ut
494 2131 522 2178 in
540 2131 629 2195 priore
649 2130 766 2180 editione
782 2130 944 2180 servandam
956 2145 1016 2180 esse
1030 2130 1103 2182 duxi.

124 2219 279 2286 Nipperdey
298 2232 413 2281 eumque
433 2222 541 2266 secutus
560 2217 656 2266 Dinter
674 2230 780 2268 omnem
799 2217 946 2277 eiecerunt,
966 2219 1038 2284 quod
1057 2219 1102 2270 de-

125 2313 166 2357 est
186 2307 215 2354 in
239 2304 298 2369 ab3
325 2309 354 2353 at
372 2307 458 2353 exstat
475 2303 502 2351 in
523 2303 635 2368 reliquis
657 2303 748 2365 libris,
777 2317 866 2367 nequo
893 2303 993 2354 idonea
1020 2320 1103 2357 causa

124 2399 172 2454 est,
198 2409 245 2442 cur
264 2391 384 2456 spurium
404 2390 578 2439 existimetur.
609 2389 707 2439 deinde
725 2388 885 2454 Nipperdey
903 2405 998 2440 vocem
1016 2404 1103 2459 repno

124 2480 238 2544 delevit,
266 2477 338 2543 quod
361 2476 396 2524 ab
421 2475 517 2526 iisdem
539 2475 616 2525 libris
635 2481 662 2524 et
681 2476 775 2529 code
800 2476 880 2525 absit.
911 2481 941 2525 at
958 2476 986 2525 id
1004 2477 1103 2542 ipsum,

124 2566 196 2632 quod
218 2567 245 2614 in
269 2565 311 2615 bis
335 2563 412 2612 libris
436 2579 598 2629 quamquam
624 2564 723 2613 omisso
744 2562 879 2612 vocabulo
903 2577 988 2630 repno
1010 2569 1103 2614 tamen

122 2651 273 2716 fiduciario
293 2669 345 2703 non
365 2651 520 2719 fiduciaria
539 2649 754 2716 (dominatione)
774 2655 915 2700 exaratum
939 2655 993 2713 est,
1021 2649 1103 2701 docn-

123 2749 213 2789 mento
242 2756 300 2788 esse
329 2740 421 2804 debet,
448 2753 533 2807 reque
560 2754 614 2788 non
642 2738 695 2787 nisi
719 2753 785 2787 casu
814 2737 957 2787 excidisse.
988 2736 1103 2801 quodsi

124 2826 264 2887 omittitur,
283 2832 391 2891 recepta
410 2831 564 2875 correctura
581 2822 736 2888 fiduciaria
754 2825 847 2888 inepte
865 2824 917 2873 sibi
930 2828 1103 2889 opponuntur

124 2910 264 2959 fiduciaria
277 2911 394 2975 puellae,
414 2911 603 2960 crudelissima
615 2908 781 2975 Ganymedis
795 2910 960 2973 dominati03
977 2909 1103 2974 displicet

124 2997 219 3056 etiam,
247 2995 319 3060 quod
346 2995 502 3048 dominatio
524 2995 681 3061 fiduciaria
707 2997 820 3059 dicitur,
848 3013 909 3047 omn
930 2994 1101 3046 fiduciariam

124 3097 177 3131 non
196 3081 248 3130 nisi
272 3097 385 3146 regnum
404 3097 463 3131 esse
487 3082 572 3147 possit
594 3082 654 3132 iure
677 3087 819 3146 acceptum
839 3087 866 3132 et
883 3081 964 3131 alteri
982 3081 1017 3130 ad
1034 3088 1101 3132 tem·

123 3184 173 3232 pus
198 3168 377 3217 commissum.
409 3168 472 3218 dum
495 3185 542 3219 rex
561 3169 633 3235 apud
652 3170 796 3219 Caesarem
817 3169 962 3229 retinetur,
990 3166 1102 3219 fiducia-

122 3256 192 3304 rium
204 3270 317 3318 regnum
331 3256 400 3319 gerit
413 3256 535 3318 Arsinoe,
553 3256 708 3305 dominatur
721 3253 903 3320 Ganymedes.
922 3267 992 3319 quae
1006 3260 1102 3305 contra

122 3341 190 3391 baec
208 3342 312 3390 monuit
330 3340 449 3403 Kraner,
477 3342 523 3406 qui
541 3342 734 3406 Nipperdeium
761 3345 869 3391 secutus
891 3351 976 3405 repno
1001 3339 1101 3402 omisit,

122 3420 260 3478 ‘Arsinoes
279 3443 390 3493 regnum
409 3443 463 3477 non
486 3426 656 3477 fiduciariam
675 3427 724 3477 sed
740 3431 900 3493 usurpatum
924 3423 1023 3488 fuisse,
1048 3424 1101 3475 Ga·

122 3514 245 3579 nymedis
269 3520 358 3564 autem
386 3512 555 3562 fiduciariam
581 3512 725 3576 imperium
752 3512 781 3562 in
805 3509 1014 3562 dominationem
1040 3525 1100 3561 ver-
