2376 3924
116 205 177 271 142
439 207 489 256 nn
506 207 628 258 nanno
648 208 760 260 civim

93 392 234 480 ⁵proelio
257 393 430 461 detinebat.
453 396 541 462 Huic
562 419 637 464 suos
659 396 780 464 Caesar
803 400 926 485 equites
942 402 1094 486 opposuit

114 498 346 585 expeditosque
368 501 596 585 antesignanos
619 499 790 566 admiscuit
809 516 914 586 (ἕσσας
945 503 1001 587 qui
1022 510 1093 566 tan·

113 610 184 666 tum
205 602 420 688 profecerunt,
454 611 491 668 ut
513 607 654 688 equestri
687 604 806 691 proelio
836 607 1005 670 commisso
1026 604 1093 691 pel-

114 704 217 770 lerent
239 727 349 771 omnes
379 705 623 793 compluresque
651 707 871 773 interficerent
898 709 1024 794 ipsique
1046 710 1092 772 in·

114 807 254 874 columes
276 831 312 874 se
334 808 376 874 ad
398 831 516 895 agmen
537 813 728 897 reciperent.

199 913 250 977 76.
274 911 428 978 Confecto
450 915 533 979 iusto
561 916 676 980 itinere
697 917 766 980 eius
794 914 867 998 diei,
903 913 990 999 quod
1017 937 1091 1001 pro-

113 1025 266 1102 posuerat
293 1015 424 1100 Caesar‚
459 1017 673 1103 traductoque
703 1021 850 1084 exercitu
877 1019 1000 1083 flumen
1028 1017 1093 1085 Ge·

112 1141 230 1184 nusum
252 1119 417 1185 veteribus
440 1123 505 1186 suis
533 1122 567 1186 in
595 1123 708 1187 castris
736 1131 849 1187 contra
871 1121 1093 1208 Asparagium

113 1222 259 1289 consedit
294 1224 474 1311 militesque
511 1247 622 1291 omnes
658 1228 744 1292 intra
776 1225 898 1291 vallum
934 1227 1094 1290 continuit

113 1331 356 1415 equitatumque
383 1351 442 1415 per
470 1351 601 1394 causam
634 1328 811 1416 pabulandi
843 1331 996 1395 emissum
1018 1351 1094 1395 con·

113 1432 221 1498 festim
243 1431 424 1498 decumana
446 1441 541 1519 porta
562 1435 596 1497 in
619 1442 726 1498 castra
754 1454 788 1499 se
815 1435 961 1521 recipere
988 1435 1092 1499 iussit.

93 1537 215 1603 sSimili
247 1538 372 1602 ratione
395 1537 568 1622 Pompeius
602 1536 747 1603 confecto
777 1538 846 1602 eius
879 1536 943 1602 diei
975 1539 1094 1604 itinere

112 1642 146 1705 in
174 1643 240 1706 suis
272 1639 437 1706 veteribus
471 1641 584 1705 castris
617 1640 660 1705 ad
682 1639 902 1727 Asparagium
935 1639 1092 1706 consedit.

112 1744 192 1809 Eius
220 1743 347 1826 milites,
381 1743 468 1828 quod
497 1742 539 1809 ab
568 1765 665 1830 opere
692 1745 827 1830 integn's
859 1742 1094 1834 munitionibus

113 1846 285 1930 vacabant,
320 1847 372 1912 alii
394 1846 540 1933 lignandi
572 1847 814 1935 pabulandique
843 1870 942 1914 causa
963 1846 1093 1934 longius

113 1948 414 2037 progrediebantur,
439 1949 501 2033 alii,
524 1951 612 2037 quod
640 1950 745 2016 subito
775 1950 941 2017 consilium
967 1950 1093 2039 profec-

112 2056 208 2119 tionis
245 2063 401 2140 ceperant
435 2075 555 2139 magna
591 2063 684 2141 parte
720 2053 1026 2141 impedimentorum
1059 2063 1094 2120 et

113 2160 314 2224 sarcinarum
340 2155 463 2240 relicta,
496 2157 540 2222 ad
561 2157 643 2223 haec
664 2156 843 2244 repetenda
871 2159 998 2223 invitati
1019 2179 1093 2245 pro

112 2264 292 2348 pinquitate
324 2264 527 2348 superiorum
559 2272 748 2346 castrorum,
782 2261 935 2350 depositis
961 2262 997 2329 in
1018 2283 1093 2329 con·

91 2365 262 2432 stubernio
296 2368 404 2450 armis,
448 2365 570 2432 vallum
602 2365 839 2453 relinquebant.
886 2362 1015 2449 Quibus
1047 2364 1093 2431 ad

112 2469 314 2556 sequendum
335 2469 497 2557 impeditis
519 2468 650 2554 Caesar,
681 2469 768 2555 quod
794 2469 864 2534 fore
893 2467 1093 2556 providerat,

112 2573 289 2639 meridiano
312 2574 381 2639 fere
403 2583 548 2660 tempore
572 2576 663 2660 signo
685 2573 892 2660 profectionis
907 2571 983 2639 doto
999 2592 1092 2665 exer·

113 2679 212 2742 eitum
234 2678 343 2745 educit
365 2677 593 2765 duplicatoque
615 2680 685 2743 eius
706 2678 771 2744 diei
793 2679 909 2743 itinere
924 2693 989 2743 vm
1002 2674 1093 2743 milio

112 2802 266 2866 passuum
287 2804 331 2847 ex
352 2804 390 2847 eo
412 2782 482 2847 loco
503 2781 666 2870 procedit3
691 2780 778 2868 quod
793 2781 902 2846 facere
916 2780 1093 2869 Pompeius

113 2883 256 2949 discessu
277 2884 413 2951 militum
434 2909 500 2952 non
522 2889 634 2974 potuit.

199 2987 249 3052 77.
287 2989 420 3056 Postero
465 2990 517 3056 die
554 2991 675 3058 Caesar
719 2992 863 3058 similiter
905 2990 1094 3078 praemissis

113 3092 218 3178 prima
253 3102 348 3159 nocte
384 3095 622 3182 impedimentis
655 3096 696 3162 de
729 3105 847 3183 quarte
879 3094 991 3182 vigilia
1020 3094 1094 3183 ipse

113 3195 288 3282 egreditur,
318 3207 363 3280 ut,
387 3200 413 3263 si
443 3221 508 3284 qua
541 3210 627 3265 esset
658 3201 807 3286 imposita
840 3196 1017 3265 dimicandi
1036 3220 1095 3265 ne

113 3304 255 3386 cessitas,
293 3302 435 3368 subitum
457 3325 569 3369 casum
591 3304 743 3391 expedito
777 3305 924 3370 exercitu
955 3300 1093 3371 subiret.

93 3404 186 3470 ²Hoc
207 3406 295 3472 idem
316 3407 447 3494 reliquis
469 3407 547 3474 fecit
568 3407 692 3473 diebus.
737 3391 865 3491 Quibus
890 3405 992 3475 rebus
1019 3428 1095 3495 pen·

104 3509 225 3574 fectum
248 3521 306 3594 est,
340 3521 377 3576 ut
405 3511 567 3578 altissimis
600 3512 787 3578 flumini-bus
821 3522 920 3597 atque
953 3508 1092 3601 imperii·=
1147 3534 1154 3543 ·
