2376 3924
119 250 183 314 244
456 247 567 300 suurn
585 245 757 298 srarcrur

119 441 289 506 desisteret
311 438 494 526 periclitari,
520 439 611 503 'forte
633 432 800 503 incidit‘in
822 449 950 521 navem,
973 439 1013 503 in·
1029 458 1096 524 qua

119 553 212 609 erant
245 544 308 609 duo
342 545 427 626 Titii,
461 544 599 628 Hispani
632 542 865 626 adulescentes,
898 540 1018 606 tribuni
1054 540 1097 606 le·

119 651 221 731 gionis
237 667 280 731 v.,
297 669 435 733 quorum
450 656 576 733 patrem
591 645 713 711 Caesar
734 648 767 710 in
790 654 939 710 senatum
961 645 1095 730 legerat,

119 762 151 816 et
174 774 247 816 cum
269 752 318 815 his
334 753 427 816 Titus
442 750 599 832 Salienus,
624 752 767 814 centurio
790 749 923 834 legionis
939 748 1095 832 eiusdem,

120 858 175 940 qui
197 856 242 919 M.
267 854 441 919 Messalam
474 852 617 939 legatum
650 853 822 918 obsederat
854 854 1026 917 Messanae
1049 874 1096 917 se·

120 959 324 1023 ditiosissima
358 960 501 1022 oratione
535 957 622 1043 apud
645 979 720 1022 eum
747 978 835 1040 usus,
868 957 1019 1042 idemque
1042 977 1097 1042 pe·

120 1064 249 1126 cuniam
272 1070 303 1125 et
326 1069 515 1126 ornamenta
537 1061 691 1146 triumphi
708 1059 856 1125 Caesaris
878 1060 1048 1124 retinenda
1063 1068 1098 1124 et

120 1165 331 1230 custodienda
360 1175 491 1230 curarat
513 1175 546 1229 et
569 1164 609 1229 ob
632 1164 691 1229 bas
720 1186 835 1229 causas
862 1163 923 1228 sibi
949 1162 1095 1229 timebat.

97 1271 183 1334 ³Hic
211 1278 343 1356 propter
368 1270 601 1334 conscientiam
629 1275 836 1353 peccatorum
864 1288 997 1332 suorum
1026 1289 1097 1352 per·

120 1376 220 1437 suasit
242 1372 511 1456 adulescentibus,
546 1393 587 1435 ne
609 1379 830 1456 repugnarent
857 1390 992 1454 seseque
1015 1370 1098 1435 Ver·

119 1477 193 1562 gilio
216 1478 392 1542 traderent.
430 1477 546 1562 Itaque
569 1475 700 1539 deducti
722 1497 742 1538 a
764 1472 908 1558 Vergilio
931 1472 973 1537 ad
996 1472 1098 1559 Scipi·

120 1604 213 1647 onem
236 1582 423 1647 custodibus
447 1590 521 1645 sunt
549 1579 660 1645 traditi
690 1587 723 1642 et
749 1586 823 1663 post
849 1577 936 1642 diem
964 1580 1096 1642 tertium

97 1685 287 1749 rintorfecti.
333 1687 398 1767 Qui
428 1706 502 1749 cum
531 1685 727 1749 ducerentur
755 1682 797 1747 ad
825 1703 949 1765 necem,
978 1684 1097 1767 petisse

120 1788 237 1851 dicitur
259 1790 361 1852 maior
383 1790 488 1852 Titius
511 1810 531 1852 a
553 1786 804 1869 centurionibus,
827 1787 875 1850 uti
897 1806 931 1849 se
954 1787 1097 1872 priorem

120 1914 218 1976 quam
246 1893 379 1955 fratrem
407 1892 636 1974 interficerent,
670 1891 769 1977 idque
791 1889 834 1955 ab
856 1891 902 1955 eis
924 1888 1017 1954 facile
1040 1891 1097 1953 im-

119 2004 275 2080 petrasse,
297 2003 395 2081 atque
416 1997 462 2059 ita
484 2016 554 2059 esse
576 1996 771 2061 interfectos.

207 2098 257 2161 29.
282 2099 424 2163 Turmae
446 2100 575 2163 interim
597 2101 752 2184 equitum,
776 2118 860 2183 quae
882 2096 1040 2184 provallo
1062 2099 1098 2161 in
1140 2144 1143 2150 -

120 2201 311 2266 stationibus
334 2223 405 2266 esse
428 2201 575 2267 solebant
608 2199 662 2289 [ab
685 2205 831 2287 utrisque
854 2197 1012 2288 ducibusl,
1047 2222 1098 2266 co·

119 2304 198 2369 tidie
220 2306 351 2371 minutis
373 2305 502 2392 proeliis
524 2308 665 2371 interae
688 2306 877 2392 depugnare
905 2327 972 2371 non
999 2306 1098 2370 inter·

98 2411 269 2492 emittunt3
316 2431 559 2496 nonnumquam
603 2411 701 2474 etiam
745 2409 902 2476 Germani
946 2408 1098 2496 Gallique

119 2511 313 2576 Labieniani
336 2533 410 2576 eum
433 2511 581 2577 Caesaris
609 2510 771 2597 equitibus
803 2511 870 2577 fide
903 2511 980 2576 data
1012 2513 1099 2577 inter

98 2633 154 2680 sse
191 2615 465 2701 colloquebantur.
509 2615 676 2681 Labienus
720 2618 847 2680 interim
885 2637 960 2681 cum
1003 2626 1098 2703 parte

1 2754 8 2773 ι
120 2721 282 2804 equitatus
316 2720 447 2805 Leptim
484 2719 647 2806 oppidum,
686 2722 738 2784 cui
771 2728 923 2806 praeerat
955 2720 1099 2786 Saserna

120 2846 194 2888 cum
222 2823 407 2888 cohortibus
436 2843 481 2906 vl,
510 2845 699 2910 oppugnare
722 2845 762 2887 ac
783 2825 816 2888 vi
844 2824 1026 2910 irrumpere
1047 2846 1098 2890 eo

119 2927 275 3011 nabetur,
321 2926 407 3013 quod
437 2926 479 2991 ab
513 2926 737 2992 defensoribus
771 2935 903 3013 propter
931 2931 1098 3014 egregiam

119 3032 328 3096 munitionem
366 3030 475 3116 oppidi
513 3041 545 3094 et
581 3029 820 3096 multitudinem
862 3039 1099 3098 tormentorum

97 3134 212 3200 rfacile
249 3143 282 3199 et
318 3136 386 3199 sine
430 3134 571 3220 periculo
616 3133 861 3199 defendebatur.
907 3133 1005 3218 Quod
1040 3133 1099 3200 ubi

120 3241 248 3324 saepius
263 3240 331 3302 eius
354 3239 516 3323 equitatus
538 3237 647 3302 faeere
669 3260 734 3303 non
755 3236 999 3322 intermittebat,
1022 3258 1098 3304 cum

119 3344 203 3409 forte
236 3352 311 3408 ante
348 3351 475 3429 portam
511 3351 619 3408 turma
656 3343 758 3408 densa
791 3341 976 3426 adstitisset,
1013 3362 1099 3408 scor·

120 3449 215 3532 piene
245 3450 427 3514 accuratius
456 3449 553 3512 misso
576 3455 674 3534 atque
696 3468 809 3512 eorum
831 3446 1005 3512 decurione
1027 3466 1098 3533 per-

117 3574 212 3618 cusso
235 3562 268 3618 et
290 3553 333 3619 ad
357 3574 476 3641 equum
498 3552 607 3617 defixo
629 3551 744 3637 reliqui
772 3552 936 3638 perterriti
961 3551 1041 3636 fuga
1063 3566 1107 3616 se'
