2376 3924
99 220 138 269 IV
400 218 610 269 ADNOTATIO
631 218 776 271 cumen

201 409 330 474 c.51,1:
359 409 432 476 qaod
459 408 554 461 miuus
582 426 614 459 ex
633 412 663 460 P.
683 410 799 460 Manutii
826 415 982 461 correctura
1009 413 1076 463 scri·

97 496 215 547 bendum
240 511 299 546 esse
322 495 450 560 Nipperd.
470 495 562 546 docuit
578 496 661 549 Proll.
680 514 705 562 p.
725 495 771 557 583
799 509 851 562 quo
876 495 980 558 miuus,
1004 498 1077 564 quod

98 582 174 632 codd.
193 582 329 643 exhibent,
347 581 452 646 Frigell
473 587 500 631 et
517 582 622 633 Holder
638 585 817 634 retinuerunt.

199 685 222 718 c.
240 667 323 730 53,1:
342 665 422 719 milia
437 681 578 733 passuum
597 683 631 720 ea
649 682 679 720 eo
697 667 755 721 loco
773 665 887 721 circiter
905 667 1076 736 quiuqua-

96 751 215 823 piata]
248 770 309 804 cum
328 754 521 820 Oudendorpio
545 753 753 823 quinquaqinta
778 772 827 821 pro
845 753 974 822 quiaque,
1003 756 1077 822 quod

98 841 174 891 codd.
205 839 315 900 habent,
346 838 520 890 scribendum
547 855 615 903 esse,
644 841 734 891 Orosii
755 840 809 904 (Vl,
829 840 854 908 7)
881 846 908 891 et
934 840 1077 893 Plutarchi

98 926 186 989 (Caes.
207 926 250 989 19)
274 926 430 976 narratione
455 926 596 976 evincitur.
620 925 732 992 Frigell,
749 927 856 989 Dinter,
873 927 1076 996 Dittenberger,

97 1012 200 1062 Holder
218 1010 339 1078 quiaque
357 1013 536 1073 retinuerunt,
556 1013 681 1063 commoti
698 1013 811 1063 fortasse
831 1011 941 1064 Goeleri
959 1016 1077 1066 auctori-

96 1105 150 1151 tate
169 1098 258 1165 (Oces.
278 1098 349 1149 Gall.
368 1100 453 1163 Krieg
473 1115 499 1164 p.
517 1098 567 1165 54),
591 1100 639 1149 sed
658 1099 689 1152 cf.
708 1098 804 1166 Napol.
822 1099 842 1151 l.
859 1100 877 1150 l.
895 1100 931 1162 ΙΙ,
949 1116 976 1166 p.
988 1101 1031 1164 93,
1051 1105 1075 1151 1.

95 1214 130 1224 -
147 1186 184 1239 ib.
207 1183 413 1254 pervenerunt]
446 1185 511 1235 libri
538 1185 646 1250 quidem
677 1185 796 1236 melioris
826 1190 907 1237 notae
935 1189 964 1248 (a
982 1186 1074 1251 Hold.)

93 1270 326 1339 pervenerint
343 1270 455 1334 hebent,
473 1271 555 1337 idque
574 1277 635 1336 post
647 1271 870 1337 Oudendorpium
887 1271 1077 1323 nuncHolder

96 1358 189 1419 edidit,
208 1357 255 1407 sed
274 1357 467 1407 coniunctivus
485 1371 586 1422 pravae
605 1356 685 1407 rnodc
704 1357 843 1407 doctrinae
855 1362 978 1408 veterum
991 1359 1074 1409 inter-

95 1451 202 1512 pretum
221 1444 315 1494 deberi
332 1444 448 1505 videtur,
468 1445 516 1510 qui
539 1444 688 1495 sententiae
707 1460 755 1510 per
769 1443 855 1510 prius
872 1472 908 1483 -
925 1457 1010 1510 quam
1028 1443 1075 1495 cd·

96 1534 204 1581 iunctae
222 1528 332 1579 finalem
356 1530 411 1579 vim
437 1531 527 1579 inesse
555 1530 616 1590 reti,
641 1528 713 1580 bunc
735 1530 763 1578 in
787 1529 868 1580 finem
892 1529 938 1580 vel
961 1529 1074 1596 perfecti

97 1617 299 1668 coniunctivum
318 1621 410 1679 aptum
429 1632 490 1667 esse
512 1619 650 1681 putarunt.
679 1617 779 1665 rectius
806 1616 854 1667 ille
880 1616 954 1677 fecit,
980 1617 1028 1681 qui
1045 1617 1073 1665 in

97 1703 155 1755 cod.
174 1702 250 1753 Leid.
266 1701 446 1768 perucuircut
471 1703 587 1767 scripsit.
605 1729 640 1740 —-
658 1701 682 1767 ξ.
701 1704 725 1752 4.
749 1705 869 1767 utraque
892 1701 924 1753 iu
946 1716 979 1754 ea
1002 1700 1074 1770 fuga

93 1788 213 1857 periit.
232 1786 396 1840 Fuerunt
420 1787 493 1839 duae
510 1785 604 1856 filiae]
640 1789 679 1836 sic
707 1788 760 1836 iam
789 1804 848 1837 curn
876 1789 1073 1838 recentioribus

96 1876 245 1926 editoribus
265 1888 299 1925 ex
316 1876 348 1924 A.
366 1875 451 1938 Hugii
471 1876 626 1924 coniectura
644 1874 748 1937 scripsi.
767 1873 871 1938 Frigell
889 1873 966 1924 codd.
988 1875 1073 1940 scrip·

95 1968 183 2013 turam
201 1965 336 2027 siccaeque
347 1998 353 2011 .
364 1998 370 2010 .
382 1999 388 2011 .
396 1959 553 2027 perierunt.
572 1958 657 2011 Duae
675 1957 751 2024 filiae
770 1961 888 2011 retinuit.

170 2076 172 2081 ·
197 2048 229 2096 B.
248 2046 279 2096 G.
299 2046 333 2106 11,
354 2049 376 2108 l,
397 2047 424 2095 1:
445 2044 487 2114 [iu
511 2043 646 2111 hubertus]
675 2050 705 2094 ut
732 2046 759 2094 in
787 2046 925 2110 superiore
954 2045 1072 2097 editione

95 2135 206 2197 inclusi3
225 2134 336 2184 retinuit
353 2131 466 2198 Frigell.

198 2237 221 2269 c.
238 2221 263 2282 3,
283 2221 311 2268 l:
330 2215 586 2271 Andecumborium
599 2217 696 2281 scripsi
709 2220 818 2266 secutus
829 2213 976 2265 Gliickium
991 2216 1072 2279 (Kelt

94 2307 198 2357 Numen
218 2322 243 2370 p.
262 2304 316 2369 31).

198 2409 221 2441 c.
240 2393 264 2452 6,
283 2392 313 2439 2:
333 2387 474 2442 testudine
491 2388 572 2454 facta
592 2385 714 2457 [portas]
734 2386 890 2440 succedunt
908 2402 1072 2456 murumque

94 2475 253 2545 subruunt]
274 2481 375 2543 portas
395 2492 456 2526 cum
474 2476 597 2526 Kranero
616 2481 643 2524 et
665 2476 779 2525 Dintero
806 2473 919 2537 inclusi3
948 2474 1071 2527 codicum

94 2567 256 2630 scripturam
276 2567 378 2630 portas
402 2560 584 2622 succendunt,
609 2576 690 2626 quam
708 2559 815 2624 Frigell
840 2565 867 2610 et
884 2559 989 2612 Holder
1007 2561 1070 2613 reti-

94 2656 218 2712 nuerunt,
233 2648 331 2699 Goeler
343 2649 361 2698 l.
374 2649 392 2698 l.
405 2666 431 2714 p.
445 2650 477 2698 62
491 2647 635 2697 defendere
649 2645 760 2705 studuit,
774 2646 822 2695 sed
834 2646 934 2697 frustra
947 2662 1071 2712 quaeres,

95 2753 174 2802 quern
192 2737 219 2784 in
239 2751 319 2784 usum
337 2736 407 2785 muri
424 2734 573 2784 subruendi
591 2734 699 2794 fuerint,
718 2749 779 2782 curn
798 2733 883 2797 portis
900 2733 964 2798 igne
975 2733 1071 2786 dirutis

94 2822 183 2873 aditus
210 2823 263 2870 iam
288 2821 316 2869 in
344 2820 470 2886 oppidum
495 2827 566 2870 esset
593 2820 680 2870 datus.
708 2819 741 2869 cf.
761 2819 822 2880 VII,
848 2820 887 2883 11,
912 2821 942 2868 8:
971 2819 1072 2871 Caesar

93 2907 214 2975 legiones
226 2906 361 2971 ...portis
379 2907 498 2956 incensis
516 2906 670 2956 intromittit
687 2910 768 2970 etque
787 2904 885 2969 oppido
904 2907 1013 2970 potitur.

198 3009 221 3043 c.
241 2994 280 3055 10,
299 2994 328 3042 4:
346 2992 462 3045 caecilio
480 2990 647 3061 coccuocatoll
670 2993 709 3043 sic
726 2993 781 3042 iam
794 2991 942 3042 secundum
955 2993 1071 3058 optimos

94 3082 201 3133 codices
221 3096 281 3129 cum
306 3080 500 3130 recentioribus
527 3079 675 3130 editoribus
693 3078 802 3144 scripsi3
827 3082 908 3128 antea
925 3094 987 3128 cum
1005 3077 1071 3145 Nip-

92 3168 203 3233 perdeio
223 3163 339 3216 coucilia
357 3179 520 3229 receperam.

198 3267 220 3303 c.
246 3249 286 3309 15,
310 3251 338 3298 4:
367 3247 440 3300 uc'bc‘l
465 3248 532 3315 pati
561 3248 621 3301 cuci
649 3248 876 3316 reliquarumque
905 3263 1001 3301 rerum
1030 3247 1071 3303 ud

92 3335 240 3390 luxuriam
264 3333 465 3401 pertiueutc'uuc
487 3333 609 3404 iuferru]
632 3336 716 3386 verba
743 3333 781 3386 acl
809 3333 955 3387 luxuriam
978 3333 1070 3402 pcrti-

91 3423 220 3476 acutium
237 3423 304 3472 licet
321 3423 349 3470 in
369 3423 476 3487 optimis
495 3421 572 3471 libris
586 3438 639 3472 non
651 3421 786 3488 legantur,
804 3425 896 3471 tamen
914 3421 1072 3475 necessarie

92 3525 151 3562 esse
170 3516 201 3560 ut
223 3507 396 3575 reliquarum
422 3508 522 3558 hebeat
548 3523 600 3573 quo
628 3509 781 3558 accuratius
808 3506 974 3571 definiatur‚-
989 3512 1072 3561 Μ
