2376 3924
152 242 213 306 172
455 241 563 291 BELLI
581 241 831 292 ALEXANDRINI

131 431 350 516 oexcluderet,
373 431 452 498 illud
475 441 634 518 spectans,
657 434 807 519 primum,
830 440 876 515 ut,
900 454 975 496 cum
996 433 1031 497 in
1055 432 1140 498 duas

35 547 41 558 ’
152 543 261 620 partes
293 544 377 599 esset
404 534 495 600 urbis
517 535 622 601 divisa
650 538 753 620 acies,
786 557 851 600 uno
879 534 1009 600 oonsilio
1037 545 1140 622 atque

152 640 285 724 imperio
308 639 597 723 administraretur,
621 639 748 723 deinde,
770 649 807 704 ut
827 637 1051 704 laborantibus
1067 661 1139 704 suc-

153 746 239 808 curri
273 752 370 829 atque
404 766 446 808 ex
479 744 581 809 altera
615 743 723 830 oppidi
752 753 843 830 parte
872 743 1029 809 auxilium
1058 742 1140 809 ferri

153 858 270 936 posset,
293 849 449 935 imprimis
463 869 552 930 vero,
575 857 713 933 utaque
735 847 919 934 pabuloque
941 847 1139 933 abundaret,

154 974 291 1038 quarum
313 951 443 1016 alterius
458 954 505 1016 rei
528 955 654 1038 copiam
676 953 837 1037 exiguam,
861 951 992 1017 alterius
1014 951 1140 1018 nullam

154 1058 282 1120 omnino
311 1055 497 1121 facultatem
530 1054 686 1140 habebat3
722 1055 809 1142 quod
838 1063 1012 1142 utrumque
1046 1056 1139 1142 large

154 1161 246 1248 palus
269 1158 426 1247 praebere
449 1167 583 1245 poterat.

240 1264 269 1329 2.
292 1265 407 1349 Neque
421 1285 500 1328 vero
515 1261 747 1328 Alexandrinis
768 1263 803 1328 in
824 1263 975 1348 gerendis
997 1267 1140 1350 negotiis

155 1369 316 1433 cunctatio
337 1367 402 1431 ulla
424 1376 481 1431 aut
502 1387 593 1430 mora
615 1365 823 1432 inferebatur.
861 1368 945 1432 Nam
967 1370 1001 1433 in
1024 1390 1139 1433 omnes

155 1480 280 1559 partes,
304 1494 364 1558 per
386 1492 467 1557 quas
489 1470 571 1534 fines
594 1470 736 1556 Aegypti
760 1493 961 1556 regnumque
984 1473 1137 1559 pertinet,

155 1576 278 1662 legatos
301 1576 598 1662 conquisitoresque
621 1574 764 1640 delectus
786 1575 929 1641 habendi
952 1598 1052 1641 causa
1080 1579 1138 1641 mi-

42 1680 53 1695 '
156 1690 275 1764 serant,
298 1699 519 1766 magnumque
552 1700 725 1744 numerum
751 1681 785 1744 in
813 1679 967 1766 oppidum
996 1679 1139 1745 telorum

156 1793 253 1870 atque
282 1795 517 1852 tormentorum
550 1793 771 1850 convexerant
803 1793 835 1848 et
867 1783 1139 1852 innumerabilem

156 1887 396 1953 multitudinem
412 1889 628 1955 adduxerant.
651 1888 721 1953 Nec
743 1889 849 1953 minus
872 1889 906 1953 in
927 1887 1010 1953 urbe
1033 1893 1137 1955 maxi-

136 2011 230 2055 amae
253 2013 417 2057 armorum
440 2002 533 2058 erant
547 1993 712 2058 institutae
727 1991 884 2057 officinae.
909 1993 1029 2060 Servos
1045 2016 1137 2080 prae-

156 2104 247 2160 terea
275 2096 414 2183 puberes
444 2105 665 2180 armaverant3
701 2095 818 2182 quibus
848 2094 970 2161 domini
998 2095 1137 2184 locuple-

156 2200 254 2266 tiores
276 2202 399 2265 vietum
422 2200 618 2266 cotidianum
640 2198 900 2287 stipendiumque
922 2201 1136 2287 praebebant.

135 2306 231 2372 ⁸Hac
268 2304 472 2370 multitudine
511 2303 665 2391 disposita
704 2306 898 2369 munitiones
938 2313 1138 2372 semotarum

157 2411 298 2495 partium
330 2406 520 2493 tuebantur3
559 2418 731 2473 veteranas
766 2407 913 2473 cohortes
946 2429 1070 2474 vacuas
1103 2412 1138 2476 in

158 2511 375 2577 celeberrimis
397 2511 488 2576 urbis
509 2511 587 2576 locis
609 2510 784 2595 habebant,
807 2521 844 2576 ut
866 2533 1073 2598 quacumque
1087 2534 1137 2580 re

157 2617 251 2701 gione
266 2625 477 2701 pugnaretur,
500 2616 634 2700 integris
649 2614 773 2681 viribus
795 2615 839 2682 ad
860 2616 1017 2682 auxilium
1031 2616 1136 2684 feren·

134 2718 235 2782 edum
258 2721 376 2804 opponi
395 2727 535 2805 possent.
571 2717 730 2786 Omnibus
752 2721 814 2783 viis
837 2728 935 2805 atque
957 2722 1137 2808 angiportis

156 2821 315 2907 triplicem
342 2822 463 2888 vallum
490 2822 696 2888 obduxerant
724 2819 810 2908 (erat
837 2832 947 2890 autem
974 2823 1137 2911 quadrato

158 2934 342 2989 exstructus
366 2947 445 2990 saxo
467 2948 573 3012 neque
596 2927 700 2991 minus
723 2944 820 2992 xxxx
836 2927 936 3013 pedes
958 2927 1137 2996 altitudinis

158 3025 326 3112 habebat),
350 3050 498 3115 quaeque
521 3038 630 3115 partes
652 3030 743 3095 urbis
765 3031 934 3098 inferiores
949 3041 1054 3118 erant,
1075 3031 1138 3103 lm

158 3130 318 3195 altissimis
346 3131 489 3196 turribus
510 3131 668 3198 denorum
695 3133 913 3201 tabulatorum
940 3137 1137 3203 munierant

136 3235 334 3300 ⁶Praeterea
366 3234 444 3300 alias
478 3235 707 3302 ambulatorias
744 3238 879 3304 totidem
915 3237 1139 3309 abutentem

159 3339 362 3404 confixerant
377 3338 594 3425 subiectisque
610 3363 664 3408 eas
680 3345 758 3408 rotis
773 3342 904 3408 funibus
919 3344 1139 3433 iumentisque

159 3441 291 3508 obiectis
314 3442 444 3509 directis
472 3443 622 3530 plateis
614 3468 647 3509 1n
676 3467 914 3533 quamcumque
935 3455 1008 3517 eret
1029 3450 1141 3573 ¹vitrum

152 3555 284 3631 partem
307 3546 490 3613 movebant.
