2376 3924
124 218 186 283 202
428 217 478 267 nn
495 216 615 267 annno
638 217 796 269 csnmco

126 408 305 492 defatigati
327 429 395 473 non
417 406 518 472 facile
540 415 693 472 recentes
710 415 811 494 atque
834 408 984 493 integros
1001 413 1104 477 susti·

124 511 261 578 nebant.

226 613 279 678 49.
304 612 442 698 Caesar,
466 634 543 679 cum
558 615 672 699 iniquo
687 612 761 679 loeo
776 616 923 700 pugnari
938 615 1103 683 hostium·

125 743 188 806 que
223 720 340 804 augeri
376 718 492 805 copias
519 717 661 801 videret,
694 727 928 804 praemetuens
958 722 1028 785 suis
1057 721 1105 787 ad

124 824 236 888 Titum
260 823 413 889 Sextium
435 820 595 907 legatum,
626 844 724 909 quem
757 822 942 888 minoribus
976 827 1103 891 castris

123 927 293 1016 praesidio
317 926 510 1012 reliquerat,
543 927 647 1010 misit,
670 935 707 991 ut
730 927 886 994 cohortes
910 951 954 993 ex
976 931 1102 995 castris

124 1032 281 1097 celeriter
311 1030 470 1095 educeret
497 1038 531 1094 et
560 1028 621 1094 sub
652 1031 764 1096 infimo
789 1030 876 1095 colle
905 1030 949 1096 ab
979 1031 1102 1099 dextro

102 1135 231 1201 alatere
253 1134 399 1200 hostium
422 1135 652 1217 constitueret,
676 1143 723 1218 ut,
747 1136 776 1199 si
799 1145 932 1201 nostros
955 1135 1029 1201 loco
1048 1136 1102 1202 de-

124 1239 238 1326 pulsos
260 1238 414 1322 vidisset,
448 1259 512 1323 quo
541 1239 651 1304 minus
680 1237 787 1303 libere
809 1238 923 1304 hostes
947 1240 1102 1326 inseque-

102 1352 249 1426 ³rentur,
272 1350 424 1407 terreret.
468 1342 546 1428 Ipse
573 1342 708 1427 paulum
732 1364 775 1407 cx
798 1364 836 1407 eo
859 1341 933 1407 loco
957 1364 1031 1408 cum
1055 1344 1102 1410 le·

124 1449 223 1532 gione
245 1466 455 1533 progressus,
479 1444 537 1510 ubi
553 1447 763 1531 constiterat,
788 1455 943 1512 eventum
966 1468 1103 1533 pugnae

124 1550 358 1637 exspectabat.

227 1652 278 1719 50.
296 1652 380 1721 Oum
392 1654 746 1719 acerrimecomminus
759 1663 976 1738 pugnaretur,
986 1654 1101 1721 hostes

124 1759 198 1825 loco
223 1769 257 1824 et
279 1779 428 1841 numero,
463 1758 572 1822 nostri
594 1757 720 1822 virtute
743 1756 961 1843 confiderent,
988 1757 1101 1825 subito

125 1874 203 1930 sunt
233 1862 343 1928 Aedui
374 1863 440 1927 visi
473 1859 516 1926 ab
550 1860 658 1926 latere
691 1862 817 1926 nostris
852 1870 979 1948 aperto,
1014 1885 1099 1949 quos

125 1967 253 2034 Caesar
275 1967 318 2033 ab
344 1968 464 2033 dextra
488 1976 584 2052 parte
608 1965 674 2032 alio
699 1988 843 2033 ascensu
864 1989 982 2035 manus
1007 1967 1101 2035 disti·

103 2071 256 2139 anendae
285 2094 390 2137 causa
419 2071 568 2136 miserat.
614 2069 658 2134 Hi
689 2070 909 2136 similitudine
932 2093 1101 2140 armorum

123 2177 337 2243 vehementer
349 2184 483 2241 nostros
495 2183 758 2260 perterruerunt,
772 2196 812 2239 ac
824 2176 961 2240 tametsi
970 2175 1101 2243 dextris

124 2282 247 2346 umeris
272 2282 415 2345 exsertis
445 2277 814 2362 animadvertebantur,
848 2278 938 2364 quod
966 2281 1101 2364 insigne

124 2393 283 2472 pacatum
305 2405 379 2450 esse
407 2391 597 2466 consuerat,
630 2391 744 2448 tamen
768 2383 803 2447 id
825 2384 934 2469 ipsum
962 2383 1014 2447 sui
1037 2383 1100 2450 fal·

125 2488 216 2554 lendi
233 2509 338 2552 causa
350 2486 474 2553 milites
488 2485 531 2552 ab
544 2486 698 2552 hostibus
710 2486 837 2551 factum
846 2485 1100 2553 existimabant.

102 2593 250 2659 aliodem
273 2602 421 2679 tempore
436 2591 564 2658 Lucius
583 2590 708 2656 Fabius
726 2593 877 2658 centurio
894 2592 1016 2678 quique
1032 2613 1101 2658 una

123 2695 1100 2782 murumascenderantcircumventiatqueinterfectimurc

102 2801 446 2890 apraecipitabantur.
459 2800 594 2865 Marcus
602 2801 790 2883 Petronius,
798 2798 1100 2883 eiusdemlegionis

123 2907 285 2988 centurio,
298 2928 372 2972 cum
385 2916 500 2992 portas
514 2905 671 2970 excidere
683 2914 825 2970 conatus
840 2913 939 2987 esset,
953 2927 974 2969 a
989 2904 1101 2970 multi·

123 3009 240 3075 tudine
264 3031 441 3096 oppressus
465 3031 506 3075 ac
530 3008 594 3075 sibi
619 3008 801 3094 desperans
817 3007 931 3073 multis
946 3011 1015 3074 iam
1028 3008 1101 3074 vul·

124 3113 260 3178 neribus
285 3115 435 3200 acceptis
458 3111 725 3198 manipularibus
750 3113 829 3195 suis,
854 3112 911 3196 qui
933 3110 1028 3177 illum
1051 3134 1100 3178 se·

125 3219 195 3282 cuti
225 3226 332 3300 erant,
367 3211 556 3304 ‘quoniam',
591 3217 710 3302 inquit,
740 3212 805 3282 ‘me
834 3237 901 3280 una
924 3215 1100 3283 vobiscum

125 3345 260 3388 servare
289 3344 356 3387 non
384 3344 531 3408 possum,
565 3331 700 3387 vestrae
730 3320 862 3407 quidem
892 3328 984 3386 certe
1007 3318 1100 3386 vitae

123 3426 337 3513 prospiciam,
371 3447 453 3512 quos
487 3423 676 3510 cupiditate
709 3423 838 3508 gloriae
872 3423 1040 3489 adductus
1063 3423 1099 3489 in

122 3530 306 3616 periculum
332 3529 466 3597 deduxi.
512 3528 582 3594 Vos
607 3528 688 3595 data
710 3527 876 3607 facultate
898 3527 995 3594 vobis
1019 3548 1099 3592 con·
