2376 3924
114 220 156 285 54
449 198 499 269 uu
517 218 637 268 sunno
657 217 768 269 cmvu

92 414 147 476 rin
171 419 277 475 castra
299 409 478 473 discedunt.
502 409 635 473 Postero
658 406 709 471 die
725 409 919 472 munitiones
937 410 1107 476 institutas

116 513 238 579 Caesar
265 524 359 600 parat
389 507 560 598 perficere3
590 510 634 574 illi
662 510 783 574 vadum
813 510 954 576 fluminis
983 514 1108 580 Sicoris

94 629 290 705 atemptare,
320 620 345 682 si
369 618 507 682 transire
531 625 669 702 possent.
716 616 849 697 Quare
872 617 1108 685 animadversa

116 722 236 788 Caesar
253 723 435 787 Germanos
450 719 530 784 levis
545 728 729 783 armaturae
745 721 956 805 equitumque
972 732 1107 807 partem

116 828 236 893 flumen
258 827 365 890 traicit
388 823 584 909 crebrasque
607 825 640 886 in
666 825 744 908 ripis
767 824 930 888 custodias
946 825 1105 911 disponit.

202 930 252 995 84.
287 928 436 993 Tandem
465 926 612 991 omnibus
645 927 743 992 rebus
772 927 911 1011 obsessi,
947 940 1106 1015 quartum

117 1037 181 1099 iam
203 1035 289 1099 diem
305 1035 373 1096 sinc
389 1031 506 1118 pabulo
529 1033 662 1095 retentis
678 1033 838 1114 iumentis,
862 1055 977 1118 aquae,
1000 1033 1107 1118 ligno·

117 1161 199 1219 rum,
222 1138 375 1201 frumenti
397 1138 505 1221 inopia
520 1135 713 1220 colloquium
728 1144 842 1220 petunt
864 1145 897 1200 et
918 1136 961 1219 id,
986 1139 1013 1201 si
1028 1138 1105 1203 fieri

96 1244 230 1328 opossit,
266 1250 386 1306 semoto
414 1264 434 1304 a
456 1240 609 1304 militibus
636 1239 714 1305 loco.
759 1240 826 1306 Ubi
854 1241 888 1306 id
917 1239 1106 1308 aOeesare

117 1355 272 1431 negatum
295 1354 336 1427 et,
360 1345 468 1431 palam
490 1346 516 1408 si
532 1343 669 1428 colloqui
684 1343 813 1426 vellent,
836 1366 1026 1410 concessum
1042 1357 1106 1430 est,

96 1450 214 1515 edatur
237 1449 357 1514 obsidis
380 1449 449 1513 loco
471 1447 604 1512 Ouesari
626 1447 710 1512 filius
733 1446 871 1512 Afranii.
905 1449 1047 1513 Venitur
1070 1453 1106 1516 in

119 1577 192 1620 cum
215 1554 328 1636 locum,
353 1574 450 1637 quem
473 1551 594 1641 Caesar
617 1551 745 1635 delegit.
775 1550 939 1617 Audiente
962 1561 1106 1639 utroque

119 1660 265 1723 exercitu
292 1658 434 1744 loquitur
457 1657 629 1722 Afranius:
663 1679 728 1721 non
757 1679 828 1722 essc
857 1667 913 1722 aut
940 1659 1018 1743 ipsis
1046 1669 1106 1723 eut

118 1762 270 1827 militibus
301 1761 573 1845 succensendum,
608 1761 695 1846 quod
723 1761 823 1826 fidem
851 1784 930 1846 erge
964 1763 1105 1848 impera·

60 1931 63 1937 ,
120 1876 223 1930 torem
259 1872 368 1931 suum'
387 1865 444 1930 On.
480 1867 669 1951 Pompeium
706 1888 899 1930 conservare
930 1866 1104 1932 voluerint.

98 1970 186 2036 ason
210 1971 287 2034 sutis
309 1971 374 2034 iam
389 1970 503 2034 fecisse
519 1969 623 2033 officio
647 1971 789 2054 satisque
813 1969 959 2055 supplicii
980 1969 1103 2036 tulisse.

120 2075 295 2160 Perpessos
319 2074 460 2138 omnium
483 2095 592 2136 rerum
614 2074 770 2157 inopiam3
796 2095 974 2138 nuncvero
997 2096 1105 2159 paene

121 2187 157 2241 ut
179 2178 265 2242 feras
288 2178 549 2242 circummunitos
572 2175 735 2261 prohiberi
751 2198 846 2261 aqua,
871 2176 1035 2262 prohiberi
1057 2181 1104 2243 in·

122 2304 245 2366 gressu,
268 2303 374 2366 nequo
398 2302 530 2366 corpore
547 2279 690 2344 dolorem
711 2302 817 2365 neque
841 2284 947 2347 animo
970 2283 1104 2365 ignomi-

99 2389 209 2450 sniam
237 2386 321 2448 ferre
351 2406 452 2469 posse.
498 2383 613 2468 Itaque
636 2405 671 2447 se
692 2385 795 2448 victos
818 2386 979 2467 conlitori3
1008 2406 1104 2449 orare

122 2500 219 2576 atquc
243 2489 422 2570 obsecrare,
446 2489 472 2551 si
496 2488 551 2572 qui
573 2486 660 2551 locus
683 2488 922 2554 misericordiae
943 2489 1104 2574 relinqua·

122 2605 188 2676 tur,
228 2617 268 2657 ne
302 2593 344 2658 ud
377 2577 525 2657 ultimum
558 2591 749 2676 supplicium
782 2593 934 2678 progredi
969 2615 1105 2659 necesse

122 2697 272 2762 habeant.
311 2698 403 2761 Haec
426 2718 525 2782 quam
547 2703 652 2781 potest
675 2695 901 2762 demississime
924 2706 958 2762 et
979 2697 1105 2763 subiec-

122 2802 242 2864 tissime
266 2802 407 2886 exponit.

209 2902 259 2965 85.
294 2902 348 2967 Ad
372 2926 410 2966 en
432 2902 553 2968 Cacsar
575 2902 755 2989 respondit:
780 2904 856 2968 nulli
879 2906 1022 2973 omnium
1043 2904 1105 2969 hes

124 3015 232 3093 partes
254 3007 306 3070 vel
335 3009 552 3091 querimoniae
574 3007 627 3071 vel
655 3008 868 3073 miserationis
898 3010 1003 3073 minus
1031 3030 1105 3073 con·

101 3111 260 3176 rvenisse.
305 3110 457 3195 Reliquos
486 3113 571 3174 enim
600 3133 710 3175 onmes
734 3112 875 3177 officium
897 3135 992 3177 suum
1013 3135 1105 3197 prue-

124 3216 257 3280 stitisse:
290 3232 336 3293 se,
367 3216 421 3299 qui
449 3216 546 3278 etiam
572 3214 658 3278 bona
687 3216 889 3300 condicione,
917 3226 950 3281 et
979 3216 1048 3281 loco
1071 3228 1107 3283 et

124 3330 269 3405 tempore
284 3340 398 3405 aequo,
422 3317 595 3401 confligere
618 3318 764 3403 noluerit,
788 3331 945 3405 utquam
966 3321 1106 3405 integer-

124 3427 206 3488 rima
229 3433 337 3488 essent
365 3423 408 3489 ed
430 3443 544 3509 pacem
567 3423 687 3504 omnia3
717 3425 897 3488 exercitum
919 3444 1023 3506 suum,
1048 3427 1106 3510 qui
