2376 3924
386 233 497 282 LIBER
514 233 589 298 VIII,
609 233 685 285 ΟΑΡ.
704 234 814 286 27-31.
1028 234 1091 298 249

110 424 262 508 legiones
285 424 320 486 in
343 431 563 508 conspectum
591 422 738 488 hostium
762 424 913 488 veniunt.
960 423 1110 505 quibua

111 529 195 593 visis
219 526 395 613 perculsae
417 526 640 592 barbarorum
668 536 800 592 turmae
823 549 863 592 ac
891 531 1090 614 perterritae

112 633 203 696 acies
225 630 383 713 hostium,
395 629 592 716 perturbato
617 630 930 716 impedimentorum
944 634 1090 716 agmine,

111 756 233 819 magno
257 734 404 800 clamore
422 734 643 819 discursuque
664 735 793 819 passim
816 735 917 818 fugae
941 758 976 800 se
998 758 1089 800 man-

113 839 205 903 dant.
239 836 285 902 At
307 838 416 902 nostri
440 838 581 922 equites,
604 838 660 923 qui
683 837 784 923 paulo
808 847 887 903 ante
910 860 986 902 cum
1008 840 1112 904 resi-³

112 941 279 1008 stantibus
302 942 486 1007 fortissime
509 941 743 1026 conflixerant,
766 942 901 1007 laetitia
925 943 1089 1008 victoriae

111 1045 193 1111 elati
215 1066 338 1129 magno
371 1044 520 1130 undique
542 1044 688 1110 clamore
724 1045 859 1110 sublato
891 1045 1089 1111 cedentibus

110 1149 314 1231 circumfusi,
327 1157 489 1234 quantum
502 1170 662 1234 equorum
668 1151 759 1214 vires
772 1149 817 1214 ad
824 1149 1090 1236 persequendum

111 1254 318 1338 dextraeque
333 1252 378 1318 ad
394 1252 605 1318 caedendum
617 1253 744 1337 valent,
760 1263 891 1318 tantum
908 1277 946 1320 eo
962 1254 1089 1340 proelio

110 1357 327 1422 interficiunt.
361 1356 481 1442 Itaque
504 1356 648 1442 amplius
672 1356 806 1422 milibus
833 1357 1008 1423 duodecim
1031 1367 1111 1423 aut4

110 1469 315 1526 armatorum
339 1468 397 1525 aut
422 1482 545 1543 eorum,
580 1462 636 1546 qui
660 1483 697 1526 eo
722 1463 843 1525 timore
865 1484 959 1525 arma
981 1465 1088 1546 proie-

109 1572 237 1647 cerant,
261 1565 450 1629 interfectis
475 1565 582 1629 omnis
606 1563 787 1629 multitudo
805 1566 939 1650 capitur
955 1564 1089 1649 impedi-

38 1658 42 1668 ’
108 1677 305 1733 mentorum.

194 1771 246 1836 30.
270 1770 346 1852 Qua
377 1793 420 1835 ex
448 1775 529 1854 fuga
564 1792 640 1835 cum
674 1780 847 1836 constaret
881 1771 1089 1856 Drappetem

110 1875 284 1959 Senonem,
301 1877 368 1961 qui,
384 1884 422 1940 ut
437 1877 579 1960 primum
596 1875 766 1940 defecerat
784 1872 909 1957 Gallia,
933 1873 1087 1939 collectis

108 1980 256 2066 undique
279 1979 422 2066 perditis
452 1978 652 2060 hominibus,
687 1980 794 2043 servis
823 1978 868 2043 ad
896 1972 1088 2043 libertatem

107 2085 249 2166 vocatis,
273 2082 428 2148 exulibus
453 2084 599 2147 omnium
615 2082 794 2147 civitatum
818 2083 947 2164 ascitis,
970 2104 1086 2167 repen·

107 2187 188 2251 tinis
212 2185 401 2252 latrociniis
425 2185 665 2272 impedimenta
688 2195 723 2251 et
745 2194 951 2250 commeatus
967 2185 1086 2250 Roma-

107 2313 225 2356 norum
247 2292 484 2377 interceperat,
507 2312 574 2355 non
598 2290 741 2376 amplius
765 2289 935 2354 hominum
950 2287 1086 2353 milibus

108 2418 151 2459 ex
166 2395 248 2479 fuga
264 2396 411 2480 quinque
427 2393 580 2460 collectis
597 2395 806 2480 provinciam
822 2403 938 2478 petere
953 2412 1086 2477 unaque

107 2497 283 2564 consilium
290 2520 365 2563 cum
378 2520 416 2563 eo
429 2497 626 2563 Lucterium
633 2496 824 2562 Cadurcum
835 2497 976 2582 cepisse,
989 2517 1085 2580 quem

107 2603 278 2688 superiore
301 2603 541 2667 commentario
557 2603 664 2688 prima
682 2601 870 2667 defectione
887 2597 1021 2664 Galliae
1036 2600 1084 2664 fa·

106 2727 182 2770 cere
201 2705 236 2769 in
258 2705 470 2790 provinciam
485 2704 634 2770 voluisse
658 2706 818 2788 impetum
834 2704 1007 2788 cognitum
1023 2711 1085 2805 est,

106 2806 269 2873 Caninius
303 2806 437 2892 legatus
467 2829 544 2874 cum
578 2807 769 2893 legionibus
799 2806 931 2873 duabus
959 2807 1004 2872 ad
1028 2819 1107 2872 eos²

104 2909 354 2998 persequendos
378 2910 563 2995 contendit,
592 2934 635 2976 ne
659 2911 860 2977 detrimento
884 2922 943 2977 aut
965 2912 1085 2976 timore

104 3016 301 3101 provinciae
323 3036 448 3098 magna
472 3016 611 3080 infamia
627 3015 835 3101 perditorum
850 3014 1021 3080 hominum
1036 3013 1084 3080 la·

107 3119 261 3185 trociniis
284 3128 473 3204 caperetur.

113 3244 116 3249 ·
190 3220 243 3285 31.
269 3219 376 3288 Gaius
391 3222 520 3289 Fabius
536 3245 612 3289 cum
635 3222 764 3309 reliquo
781 3224 933 3288 exercitu
951 3222 985 3284 in
1002 3218 1082 3284 Oar-

104 3336 203 3392 nutes
226 3333 424 3411 ceterasque
447 3327 674 3412 proficiscitur
696 3327 865 3410 civitates,
891 3346 1031 3411 quarum
1045 3344 1082 3388 eo

104 3429 243 3516 proelio,
277 3427 465 3514 quodcum
494 3428 669 3495 Dumnaco
693 3430 832 3512 fecerat,
868 3429 984 3514 copias
1008 3449 1082 3493 csse

105 3533 237 3600 accisas
262 3531 402 3599 sciebat.
424 3531 500 3599 Non
524 3533 612 3598 enim
635 3531 826 3617 dubitabat,
849 3533 930 3618 quin
952 3531 1104 3597 reccath
