2376 3924
155 250 218 314 206
451 248 563 298 Bubul
582 246 832 298 ALEXANDRINI

155 439 344 525 peccabant,
368 439 493 524 sibique
516 438 603 524 quod
625 446 802 523 rapuerant
824 446 994 524 acceptum
1017 439 1145 504 refere-

154 543 244 624 bant,
268 541 355 627 quod
375 539 585 606 interciderat
607 549 663 604 aut
685 547 755 604 erat
770 540 1008 626 interpellatum
1025 539 1145 608 Cassio

135 645 374 729 cassignabant.
420 647 576 727 Quintam
608 644 767 729 legionem
800 643 972 709 conscribit
1005 667 1144 710 novam.

156 749 306 833 Augetur
329 749 437 813 odium
453 756 542 812 etex
564 749 633 832 ipso
656 747 783 811 delectu
805 756 837 812 et
859 755 989 832 sumptu
1005 747 1145 813 additae

157 852 298 937 legionis.
356 851 564 937 Complentur
603 853 748 937 equitum
781 869 821 914 111
853 850 940 914 milia
973 853 1145 918 maximis-

158 978 220 1041 que
254 962 409 1019 ornantur
441 956 611 1039 impensis,
645 975 706 1017 nec
734 955 919 1038 provinciae
946 953 1045 1019 datur
1075 957 1146 1022 ulla

157 1060 296 1144 requies.

244 1161 295 1226 51.
329 1162 464 1227 Interim
491 1162 613 1226 litteras
643 1164 767 1245 accepit
795 1184 815 1225 a
846 1160 1000 1244 Caesare,
1035 1172 1075 1227 ut
1111 1167 1146 1229 in

158 1267 305 1331 Africam
339 1268 518 1331 exercitum
555 1267 707 1329 traiceret
744 1286 867 1349 perque
906 1266 1147 1332 Mauritaniam

159 1370 201 1435 ad
237 1370 318 1434 fines
355 1368 526 1433 Numidiae
563 1370 763 1453 perveniret,
802 1366 889 1453 quod
925 1391 1046 1452 magna
1083 1369 1145 1435 Cu.

159 1475 312 1559 Pompeio
340 1472 424 1537 Iuba
451 1474 583 1536 miserat
617 1471 738 1536 auxilia
765 1473 953 1556 maioraque
981 1474 1147 1538 missurus

90 1594 95 1603 “
138 1576 416 1643 rexistimabatur.
463 1575 589 1657 Quibus
612 1575 726 1640 litteris
750 1577 891 1661 acceptis
914 1575 1064 1640 insolenti
1090 1601 1147 1642 vo-

160 1682 282 1766 luptate
305 1679 516 1760 efferebatur,
539 1678 626 1763 quod
649 1677 709 1743 sibi
724 1700 884 1743 novarum
899 1681 1149 1765 provinciarum

162 1793 194 1847 et
230 1782 414 1847 fertilissimi
450 1784 543 1865 regni
579 1790 671 1845 tanta
716 1781 823 1845 oblata
865 1791 950 1846 esset
992 1782 1147 1850 facultas.

140 1888 276 1971 altaque
304 1888 372 1970 ipse
400 1886 433 1947 in
455 1884 658 1948 Lusitaniam
685 1883 898 1968 proficiscitur
927 1882 970 1948 ad
998 1883 1178 1970 legiones.

162 1988 371 2054 arcessendas
394 1986 578 2072 auxiliaque
601 1986 794 2051 adducenda
801 2011 809 2071 5
841 1989 935 2052 certis
958 1986 1149 2056 hominibus

163 2093 219 2157 dat
241 2094 420 2178 negotium,
449 2100 486 2156 ut
513 2091 712 2156 frumentum
738 2112 904 2177 navesque
928 2107 947 2155 0
970 2115 1148 2180 praepara-

162 2205 289 2279 rentur,
324 2197 544 2283 pecuniaeque
578 2195 839 2260 describerentur
872 2205 970 2280 atque
1004 2197 1147 2284 impera-

141 2310 284 2383 rrentur,
307 2321 348 2364 ne
371 2319 512 2384 quares,
536 2320 610 2362 cum
624 2298 770 2380 redisset,
792 2305 982 2394 moraretur,
1005 2299 1148 2367 Reditus

164 2407 231 2470 eius
253 2404 314 2469 fuit
338 2402 471 2468 celerior
494 2403 636 2466 omnium
659 2401 822 2487 opinione:
855 2423 920 2466 non
942 2402 1029 2466 enim
1051 2402 1150 2471 labor

164 2518 221 2574 aut
259 2506 426 2592 vigilantia
465 2506 606 2591 cupienti
646 2506 837 2589 praesertim
876 2503 998 2589 aliquid
1032 2503 1148 2575 Cassio

165 2614 285 2678 deerat.

251 2715 302 2780 52.
332 2715 490 2779 Exercitu
517 2720 628 2778 coacto
656 2712 690 2776 in
712 2733 814 2776 unum
836 2710 941 2776 locum
963 2715 1081 2779 castris
1105 2715 1149 2781 ad

166 2820 353 2887 Cordubam
386 2822 498 2905 positis
531 2841 589 2904 pro
630 2821 777 2883 contione
810 2817 963 2883 militibus
1000 2820 1148 2904 exponit,

167 2947 247 3010 quas
269 2947 321 2988 res
334 2922 482 2988 Caesaris
504 2924 594 2987 iussu
616 2945 729 3007 gerere
746 2921 889 3004 deberet,
913 2920 1149 3006 polliceturque

167 3030 219 3110 iis,
251 3049 325 3091 oum
346 3030 379 3091 in
401 3028 632 3092 Mauritaniam
661 3028 854 3108 traiecisset,
888 3025 1052 3090 sestertios
1075 3047 1150 3090 cen-

167 3143 259 3197 tenos
292 3153 327 3195 se
360 3131 527 3214 daturum3
566 3133 712 3216 quintam
749 3130 818 3195 fore
851 3130 885 3193 in
912 3129 1073 3214 Hispania
1106 3127 1150 3193 le-

146 3238 305 3323 sgicnem.
350 3235 405 3298 Ex
438 3236 584 3306 contione
613 3256 647 3297 se
677 3232 864 3298 Cordubam
891 3233 1014 3318 recepit
1043 3253 1151 3318 eoque

168 3343 237 3427 ipso
266 3339 318 3404 die
346 3348 491 3424 tempore
520 3337 786 3423 postmeridiano,
821 3358 896 3402 cum
924 3338 958 3401 in
979 3333 1153 3401 basilicam

168 3447 246 3526 iret,
281 3442 413 3529 quidam
436 3442 598 3506 Minucius
622 3439 702 3523 Silo,
738 3440 835 3504 cliens
857 3439 897 3504 L.
920 3436 1038 3521 Racili,
1059 3437 1153 3505 libel·

169 3548 250 3630 lum,
285 3548 378 3631 quasi
408 3544 528 3631 aliquid
557 3544 598 3609 ab
628 3566 665 3608 eo
700 3542 891 3630 postularet,
925 3550 962 3609 ut
992 3539 1089 3609 miles
1109 3544 1153 3635 *ei
