2376 3924
237 256 286 306 au
306 254 404 306 cias.
424 256 527 308 Banu.
549 254 617 306 crs.
635 255 658 319 1,
678 257 788 304 oc-sr.
807 256 843 318 11,
863 257 937 305 1-s.
1016 255 1078 304 xxi

203 461 225 497 c.
245 446 286 506 85,
306 447 336 494 6:
363 458 450 510 usqiie
469 447 486 507 †
506 447 547 495 tot
566 447 717 509 tacitasque
734 442 837 496 classes
854 443 1008 513 paratus]
1022 461 1078 494 cor-

97 531 223 598 ruptelae
251 532 358 596 signum
385 532 476 595 posuit
499 531 663 596 Nipperdey,
692 532 738 596 qui
756 547 781 595 p.
803 532 851 579 145
871 539 943 581 recte
967 532 1077 591 monuit,

97 635 153 669 nou
172 624 228 669 tam
251 617 285 666 de
310 616 444 666 classibus
471 617 555 666 fuisse
584 617 759 680 monendum,
787 633 848 666 cum
873 616 957 666 Varro
985 617 1077 666 decern

97 703 179 754 modo
199 719 283 752 naves
303 701 435 765 Gadibus,
454 703 606 767 complures
624 703 734 767 Hispali
752 703 920 762 instituisset,
945 717 1026 766 quam
1045 703 1078 751 de

95 789 210 840 auxiliis
228 791 256 837 in
276 790 336 853 ipsa
353 788 488 852 Hispania
506 789 614 852 paratis.
634 816 668 825 —
686 788 709 854 ξ.
729 791 758 838 9;
780 787 852 839 uibil
869 786 968 853 ualere,
987 787 1077 856 cursil]

95 873 163 925 libri
182 873 257 940 quod
275 873 390 932 habent;
418 887 499 938 quoru
518 889 585 923 corr.
605 873 774 938 Nipperdey;
798 874 829 922 F.
847 873 985 923 Holmann
1003 874 1078 924 Mad·

95 962 171 1026 vigio
190 964 301 1010 auctore
321 957 407 1025 quiu
424 960 540 1024 scripsit.

201 1063 223 1096 c.
245 1049 286 1106 87,
307 1048 334 1095 l:
362 1044 413 1107 iis,
438 1044 487 1111 qui
509 1044 716 1113 utitiseriutl]
744 1046 857 1110 perfecti
876 1047 1075 1096 coniunctivunr

97 1149 131 1183 cx
150 1133 210 1182 cod.
228 1133 244 1185 f
259 1134 363 1197 recopi3
389 1131 489 1196 reliqui
507 1130 571 1180 libri
590 1131 746 1182 crusiseruut
764 1132 873 1186 habent.

201 1305 271 1353 LIB.
290 1304 326 1368 ll,
346 1321 367 1354 c.
389 1306 412 1371 1,
431 1307 459 1354 2:
486 1303 537 1373 [acl
551 1303 675 1371 purtem]
696 1321 756 1354 cum
775 1306 867 1370 inepte
886 1306 992 1355 dicatur
1010 1305 1077 1358 ulte-

91 1406 160 1445 -ruus
175 1394 289 1456 purtem
306 1388 397 1454 fuisse
416 1389 455 1442 ud
471 1394 591 1456 piarum,
617 1390 684 1439 haec
701 1390 785 1439 verba
803 1391 911 1441 inclusi.
942 1392 1077 1442 Dederich

96 1476 137 1529 acl
152 1479 269 1542 portatu
288 1476 461 1526 scribendum
481 1477 629 1541 proposuit,
648 1475 730 1539 idque
750 1476 846 1525 Dinter
865 1479 975 1541 recepit.

201 1579 224 1612 c.
244 1566 269 1624 3,
288 1563 317 1610 2:
344 1577 463 1614 traversi
487 1576 521 1613 cu
544 1559 695 1613 causalibus
714 1575 808 1612 eorum
828 1559 960 1630 slerlucitl]
988 1563 1076 1612 locum

97 1665 115 1700 a
132 1649 298 1714 Nipperdeio
323 1664 404 1698 cruce
428 1655 549 1698 notatum
577 1649 657 1698 facile
685 1649 785 1712 corrigi
812 1663 891 1712 posse
920 1650 1077 1714 recipiendo

96 1749 195 1787 itatem
219 1750 252 1783 ex
274 1734 332 1784 cod.
352 1748 376 1796 c,
400 1736 428 1782 in
450 1737 539 1799 priore
564 1737 616 1784 iam
643 1736 735 1784 monui
754 1735 879 1786 editione.
911 1737 997 1786 secuti
1016 1744 1078 1786 sunt

97 1821 213 1880 Kraner,
233 1821 264 1868 F.
283 1820 429 1877 Holmann,
448 1820 667 1869 Dober.-Dinter.

201 1921 224 1954 c.
243 1906 267 1963 4,
286 1906 314 1952 4:
342 1909 375 1956 ut
400 1904 500 1957 uocis
528 1908 611 1970 atque
638 1903 848 1972 improvisis
875 1905 975 1976 rebusl]
995 1909 1078 1957 verbu

95 1991 221 2043 codicum
240 1994 273 2042 ut
292 1989 393 2043 iuvisis
411 1990 537 2043 latitatis
557 1995 640 2057 utque
658 1991 811 2060 iucopuitis
828 1992 911 2045 rebus
929 1995 1008 2044 foede
1021 2010 1078 2043 cor·

96 2084 177 2144 rupta
196 2095 255 2128 esec
275 2095 336 2128 cum
354 2086 457 2143 pateat,
486 2067 583 2128 ornisso
607 2079 655 2129 illo
680 2079 806 2131 latitatis
825 2080 870 2130 vcl
888 2079 975 2132 iuriis
995 2084 1078 2145 utque

96 2163 251 2232 locopositis
274 2163 357 2216 rebus
381 2164 518 2230 (Nipperd.
537 2164 646 2233 Kran.),
674 2165 718 2215 vel
742 2164 904 2231 iruprocisis
928 2171 1011 2230 utque
1034 2166 1078 2216 iu-

94 2249 218 2319 copuitis
236 2249 319 2302 rebus
341 2251 434 2316 (Dina,
452 2251 483 2299 F.
505 2249 624 2316 Hofm.)‚
652 2251 697 2301 vel
721 2250 872 2302 iuusitutis
897 2255 979 2316 utque
1002 2250 1077 2302 iuco-

93 2335 186 2404 9tu'tis
204 2335 287 2388 rebus
305 2336 415 2401 (Dilbn.)
436 2337 480 2386 edi
499 2337 576 2389 solet.
600 2343 628 2386 at
647 2353 708 2387 curn
727 2337 833 2386 Nasidii
857 2337 1003 2395 adventus,
1032 2339 1077 2401 qui

96 2422 283 2473 Massilienses
302 2424 355 2472 iam
375 2438 480 2472 summa
499 2439 546 2488 spe
568 2429 594 2474 et
608 2423 748 2474 voluntate
762 2425 954 2488 compleverat,
973 2421 1077 2488 impro-

95 2507 176 2561 uisus
201 2508 309 2574 quidem
334 2516 418 2571 esset,
446 2524 501 2558 non
519 2525 583 2559 vero
601 2510 672 2559 inter
695 2523 740 2560 res
759 2508 880 2568 irrisos,
908 2507 1076 2576 iucopuitos,

95 2592 256 2646 ittttsilatus
274 2595 369 2644 rcfcrri
388 2600 492 2660 posset,
521 2595 606 2644 malui
623 2595 708 2644 verba
726 2611 839 2660 ponere,
869 2611 938 2660 quac
957 2595 1016 2643 loco
1036 2595 1077 2642 illi

96 2681 234 2731 communi
252 2682 422 2733 conveniant.
452 2681 575 2731 codicum
592 2683 677 2732 verba
696 2698 728 2731 ex
745 2683 829 2731 variis
848 2681 1077 2746 interpretationi·

95 2768 148 2816 bus
167 2766 226 2816 loco
246 2767 388 2832 adscriptis
406 2774 474 2817 nata
492 2782 552 2817 esse
570 2769 704 2818 videntur.

200 2868 223 2904 c.
242 2855 266 2915 5,
285 2855 315 2902 3:
343 2857 375 2904 ut
393 2852 485 2905 suariis
503 2852 644 2919 irroratus,
671 2869 759 2919 quus
781 2852 936 2920 publicis
961 2859 1076 2907 custo-

96 2937 171 2990 diis
189 2937 220 2989 iu
240 2938 343 3005 oppilo
362 2943 546 3004 rectaruerot,
564 2954 709 3005 oruucsquc
727 2939 884 3006 superioris
898 2941 1002 2992 uelutis
1015 2957 1077 2994 curu

95 3023 193 3077 liberis
213 3029 296 3090 atque
313 3025 451 3078 umoribus
470 3030 523 3078 aut
541 3041 554 3077 e
572 3041 653 3078 usuro
673 3026 711 3079 acl
730 3025 837 3079 caelum
858 3042 959 3079 irrasus
984 3028 1076 3079 tetide-

96 3108 179 3179 reut]
206 3111 291 3161 verba
316 3126 402 3177 quae
415 3112 578 3179 publicis
597 3112 777 3165 custodiis
797 3131 857 3164 curn
877 3131 942 3164 casn
961 3115 1075 3178 quodam

96 3197 263 3247 excidissent
282 3203 309 3246 ct
326 3199 354 3247 in
373 3200 496 3264 margine
515 3206 605 3250 essent
623 3199 744 3264 adpicta,
772 3201 865 3265 inepto
889 3202 943 3249 iarn
967 3201 1027 3249 loco
1047 3202 1075 3247 in

94 3282 176 3334 codd.
188 3282 329 3348 leguntur:
348 3299 410 3336 curu
422 3283 517 3336 liberis
530 3288 613 3350 utque
630 3284 768 3338 umoribus
784 3286 943 3352 publicis
962 3288 1075 3337 custo·

97 3367 171 3421 diis
190 3383 275 3434 quae
293 3369 400 3437 (quea)
418 3375 471 3422 aut
488 3386 577 3424 utitis.
596 3372 748 3436 superiores
767 3373 883 3423 editores
902 3387 964 3424 curu
982 3370 1075 3423 libetis

95 3460 182 3522 utque
199 3456 337 3509 uxoribus
353 3457 529 3525 publicisque
547 3457 686 3510 custodiis
706 3459 881 3524 scripserant,
907 3474 976 3524 quae
995 3453 1075 3508 lectio

95 3543 180 3604 ctiam
194 3558 272 3593 nunc
289 3545 403 3594 Dintero
422 3545 520 3609 placet.
551 3545 707 3610 Nipperdey
724 3561 818 3610 parum
842 3545 1011 3610 probabilem
1030 3546 1075 3595 ad·
