2376 3924
123 231 187 296 300
416 228 525 279 BELLl
544 227 796 280 fllspsnlnnsls

124 426 241 501 essent,
276 421 458 487 conservati
482 469 648 484 ......
671 419 786 482 misem
808 417 917 483 facere
938 417 1100 501 loricatos,

124 524 180 607 qui
213 521 365 607 praesidii
399 543 496 587 causa
529 523 703 608 praepositi
741 519 858 607 oppido
892 544 912 586 a
945 521 1102 607 Pompeio

123 634 240 709 essent,
275 624 420 690 orabant.
445 624 572 708 Quibus
598 625 766 712 respondit
788 625 925 691 Caesar:
962 645 998 688 se
1028 646 1103 690 con·

103 729 266 795 adintona
289 729 379 811 dare,
402 751 467 793 non
489 730 636 815 accipere
659 730 874 794 consuevisse,
897 718 948 792 Ibi
969 749 1046 792 cum
1068 729 1103 792 in

125 833 279 919 oppidum
300 834 518 916 revertissent,
546 831 648 896 relato
670 854 834 918 responso,
865 832 1005 897 clamore
1028 831 1104 898 sub·

125 937 199 1020 lato,
223 938 309 1003 omni
330 958 450 1022 genere
473 936 608 1001 telorum
632 938 748 1002 emisso
770 958 917 1022 pugnare
933 957 992 1022 pro
1006 957 1104 1001 muro

104 1050 191 1105 rtoto
214 1049 404 1127 coeperunt,
436 1040 677 1127 propterquod
705 1041 773 1105 sere
800 1063 921 1126 magna
949 1062 1027 1126 pars
1048 1040 1104 1105 ho-

125 1145 257 1227 minum,
281 1146 335 1228 qui
357 1146 390 1208 in
413 1147 527 1209 castris
549 1147 667 1209 nostris
682 1152 798 1228 essent,
820 1167 886 1210 non
901 1143 1104 1227 dubitarunt,

126 1249 204 1332 quin
226 1250 428 1333 eruptionem
450 1270 487 1313 eo
511 1247 563 1312 die
586 1257 694 1313 essent
726 1248 854 1314 facturi.
898 1247 950 1312 Ita
983 1269 1105 1313 corona

105 1351 325 1417 scneumdata
340 1360 520 1437 pugnatum
535 1361 585 1416 est
600 1351 798 1437 aliquamdiu
812 1351 1105 1434 vehementissime,

127 1456 284 1541 simulque
317 1456 445 1521 ballista
478 1458 576 1520 missa
609 1479 630 1521 a
662 1459 780 1522 nostris
815 1466 939 1521 turrem
976 1455 1105 1539 deiecit,

127 1581 192 1645 qua
214 1560 484 1643 adversariorum,
509 1562 564 1645 qui
584 1563 619 1625 in
641 1583 680 1626 ea
694 1569 784 1625 turre
799 1559 937 1642 fuerant,
961 1561 1106 1644 quinque

128 1663 243 1728 deiecti
265 1673 341 1729 sunt
363 1672 395 1728 ct
417 1686 507 1750 puer,
541 1666 597 1749 qui
626 1662 788 1729 ballistam
817 1663 928 1728 solitus
957 1671 1029 1727 crat
1051 1661 1106 1727 ob-

128 1788 268 1832 servare.

216 1870 265 1933 14.
289 1871 368 1935 Eius
390 1870 455 1933 dici
477 1872 651 1955 praeterito
666 1878 811 1957 tempore
826 1871 998 1956 Pompeius
1013 1878 1106 1934 trans

128 1973 249 2037 flumen
272 1972 399 2039 Salsum
427 1972 593 2037 castellum
621 1976 785 2038 constituit
812 1996 918 2060 neque
946 1998 966 2039 a
987 1976 1107 2039 nostris

129 2076 309 2163 prohibitus
331 2075 477 2162 falsaque
499 2076 553 2141 illa
576 2078 724 2163 opinione
747 2077 902 2164 gloriatus
924 2085 983 2161 est,
1017 2076 1107 2162 quod

109 2203 230 2267 aprope
252 2183 285 2245 in
307 2181 424 2246 nostris
447 2181 593 2267 partibus
616 2180 721 2247 locum
743 2183 907 2247 tenuisset,
930 2182 1014 2247 Item
1025 2182 1107 2246 inse·

131 2287 242 2370 quenti
265 2284 317 2350 die
340 2284 455 2350 eadem
477 2286 709 2352 consuetudine
742 2286 820 2352 dum
852 2286 978 2371 longius
1000 2307 1108 2371 prose-

131 2391 249 2473 quitur,
273 2411 336 2475 quo
360 2388 428 2454 loco
452 2393 575 2476 equites
598 2393 699 2457 nostri
721 2392 892 2455 stationem
913 2387 1107 2471 habuerant,

131 2492 253 2577 aliquot
273 2501 400 2559 turmae
424 2516 498 2559 cum
520 2493 584 2559 levi
599 2503 776 2577 armatura,
798 2495 922 2578 impetu
936 2493 1022 2558 facto
1037 2492 1108 2558 loco

131 2606 206 2661 sunt
228 2596 344 2662 deiecti
359 2607 391 2662 et
406 2606 537 2683 propter
553 2601 749 2683 paucitatem
763 2607 947 2663 nostrorum
962 2596 1108 2681 equitum

131 2700 225 2765 simul
248 2722 322 2765 cum
337 2699 400 2764 levi
415 2710 581 2766 armatura
602 2702 687 2765 inter
709 2709 831 2765 turmas
846 2700 1110 2765 adversariorum

110 2805 266 2888 spreti-iti.
304 2803 377 2866 Hoc
410 2805 443 2866 in
477 2812 652 2888 conspectu
684 2813 895 2888 utrorumque
929 2811 1110 2869 castrorum

132 2905 316 2989 gerebatur,
346 2915 379 2970 et
401 2909 522 2970 maiore
543 2907 733 2992 Pompeiani
761 2906 969 2972 exsultabant
996 2905 1109 2991 gloria,

132 3008 257 3092 longius
280 3008 367 3093 quod
390 3011 507 3074 nostris
530 3009 720 3075 cedentibus
743 3013 895 3096 prosequi
918 3011 1108 3096 coepissent.

111 3112 199 3193 rQui
233 3134 307 3177 cum
347 3111 453 3196 aliquo
481 3112 549 3177 loco
572 3135 592 3178 a
613 3117 731 3179 nostris
759 3117 881 3200 recepti
914 3123 1029 3198 essent,
1073 3121 1112 3178 ut

133 3224 349 3298 consuessent,
373 3238 416 3280 ex
439 3215 532 3279 simili
554 3219 673 3282 virtute
697 3217 836 3283 clamore
858 3219 944 3283 facto
967 3219 1110 3282 aversati

134 3329 209 3385 sunt
231 3319 387 3407 proelium
409 3319 526 3385 facere.

223 3424 271 3488 15.
295 3426 380 3490 Fere
417 3423 504 3511 apud
542 3426 704 3490 exercitus
748 3424 830 3490 haec
866 3433 916 3490 est
951 3426 1110 3508 equestris

135 3529 248 3613 proelii
292 3529 505 3596 consuetudo:
550 3550 625 3594 cum
660 3549 760 3615 eques
804 3527 847 3593 ad
891 3526 1112 3593 dimicandum
