2376 3924
135 255 199 320 200
422 260 532 310 annm
551 259 799 310 Anaxaromur

133 449 248 530 tenuis,
278 456 387 511 tamen
417 449 450 511 in
472 456 563 512 tanta
585 450 770 535 provinciae
794 448 1018 535 desperatione
1042 458 1115 514 erat

112 577 126 616 4
133 559 228 633 grata
250 553 442 636 praesertim
463 553 583 616 virtute
606 560 714 638 parta,
738 561 771 616 et
793 574 867 617 cum
889 553 1046 620 Octavius
1070 575 1114 616 ex

132 653 211 739 fuga
244 653 421 719 Pharsalici
455 654 566 741 proelii
599 677 719 740 magna
753 656 854 722 classe
886 658 920 720 in
952 655 1042 720 illum
1076 679 1112 721 se

132 758 237 821 sinum
281 757 482 840 contulisset,
526 761 637 844 paucis
679 759 818 824 navibus
861 759 1112 843 Iadertinorum,

132 880 269 945 quorum
302 881 429 945 semper
466 862 499 924 in
531 860 765 946 rempublicam
797 861 959 946 singulare
996 865 1113 927 consti-

131 973 216 1030 terat
257 963 412 1046 officium,
451 964 603 1051 dispersis
638 967 825 1033 Octavianl's
862 967 1001 1032 navibus
1039 976 1113 1031 erat

131 1071 265 1153 potitus,
304 1078 340 1133 ut
377 1069 428 1134 vel
465 1070 565 1135 classe
609 1071 763 1135 dimicare
800 1081 908 1156 posset
948 1070 1112 1136 adiunctis

108 1173 266 1256 scaptivis
288 1173 427 1238 navibus
455 1176 623 1240 sociorum.
669 1173 752 1239 Cum
775 1175 992 1240 diversissima
1015 1185 1111 1260 parte

130 1273 216 1338 orbis
243 1286 406 1342 terrarum
428 1276 486 1342 Cn.
511 1279 700 1365 Pompeium
723 1277 844 1343 Caesar
865 1282 968 1344 victor
997 1301 1110 1364 seque-

128 1389 218 1444 retur
240 1381 484 1468 compluresque
507 1382 711 1447 adversarios
733 1384 765 1446 in
788 1381 953 1467 Illyricum
975 1393 1111 1470 propter

128 1486 340 1551 Macedoniae
363 1487 636 1571 propinquitatem
658 1507 693 1550 se
715 1486 857 1571 reliquiis
881 1509 923 1550 ex
945 1487 1024 1573 fuga
1047 1489 1109 1554 col·

128 1590 217 1655 lectis
240 1590 411 1655 contulisse
434 1589 570 1674 audiret,
594 1590 717 1654 litteras
740 1590 783 1654 ad
799 1589 976 1656 Gabinium
998 1593 1107 1675 mittit,

127 1697 173 1759 nti
196 1717 270 1759 cum
291 1693 470 1780 legionibus
500 1696 657 1776 tironum,
686 1715 770 1779 quae
792 1715 896 1780 nuper
918 1703 1012 1759 erant
1034 1717 1108 1760 con-

127 1801 283 1883 scriptae,
318 1798 576 1884 proficisceretur
609 1801 641 1862 in
664 1797 830 1882 Illyricum
863 1799 1108 1883 coniunctisque

127 1904 225 1987 copiis
261 1922 334 1965 cum
357 1899 398 1981 Q.
422 1898 611 1982 Cornificio,
647 1903 672 1964 si
707 1899 794 1985 quod
827 1899 1005 1985 periculum
1035 1923 1107 1986 pro·

104 2006 251 2068 evinciae
285 2002 473 2086 inferretur,
509 2001 697 2089 depelleret;
734 2006 782 2068 sin
817 2025 855 2067 ea
884 2025 947 2068 non
978 2007 1106 2089 magnis

126 2109 225 2194 copiis
262 2116 333 2171 tuta
366 2129 436 2171 esse
471 2117 593 2193 posset,
632 2110 664 2171 in
698 2107 925 2172 Macedoniam
961 2108 1106 2192 legiones

125 2209 319 2276 adduceret:
358 2232 486 2275 omnem
520 2213 606 2274 enim
644 2209 730 2274 illam
764 2219 891 2297 partem
927 2212 1105 2296 regionem-

124 2337 187 2400 que
220 2316 295 2379 vivo
328 2313 386 2379 On.
410 2316 563 2401 Pompeio
595 2314 715 2379 bellum
746 2317 1000 2379 instauraturum
1033 2336 1104 2380 csse

124 2418 287 2483 credebat.

207 2523 259 2587 43,
295 2522 470 2605 Gabinius,
504 2531 540 2586 ut
569 2523 602 2586 in
630 2521 794 2607 Illyricum
826 2524 931 2605 venit,
965 2521 1104 2588 hiberno

122 2637 267 2714 tempore
301 2629 376 2690 anni
405 2649 444 2690 ac
473 2625 612 2707 difficili,
643 2628 711 2690 sive
742 2628 952 2713 copiosiorem
974 2628 1103 2713 provin·

123 2735 205 2795 ciam
228 2733 416 2795 existimans
445 2732 513 2795 sive
541 2729 677 2793 multum
706 2730 854 2810 fortunae
877 2731 1008 2795 victoris
1023 2727 1102 2795 Cae

14 2885 18 2893 ,
122 2838 203 2899 saris
231 2835 376 2899 tribuens
405 2836 472 2899 sive
495 2836 615 2899 virtute
643 2842 675 2897 ct
704 2836 837 2898 scientia
867 2856 927 2900 sua
949 2832 1101 2917 confisus,

14 3010 17 3033 Ι
122 2960 220 3022 quam
253 2959 349 3022 saepe
384 2940 416 3001 in
450 2936 542 3001 bellis
576 2937 773 3022 periclitatus
806 2959 942 3023 magnas
979 2950 1031 3003 res
1068 2945 1103 3002 ct

121 3040 280 3105 secundas
309 3042 409 3106 ductu
438 3063 582 3127 ausuque
612 3064 669 3106 suo
699 3051 859 3127 gesserat,
893 3062 999 3129 neque
1029 3054 1101 3128 pro

120 3147 246 3209 vinciae
269 3143 475 3209 facultatibus
505 3145 753 3229 sublevabatur,
783 3168 865 3232 quae
889 3148 1007 3232 partim
1029 3154 1101 3210 erat

120 3251 286 3313 exinanita
308 3250 426 3335 partim
448 3248 600 3331 infidelis,
630 3272 736 3334 neque
765 3250 903 3315 navibus
925 3248 1099 3315 intercluso

120 3355 201 3416 mari
231 3351 477 3437 tempestatibus
508 3362 705 3416 commeatus
741 3362 933 3438 supportare
960 3359 1098 3439 poterat,

119 3460 310 3543 magnisque
344 3453 589 3520 difficultatibus
623 3465 754 3522 coactus
786 3477 851 3521 non
883 3464 921 3522 nt
956 3455 1098 3538 volebat,

97 3560 177 3625 ased
200 3568 236 3625 ut
258 3583 389 3626 necesse
413 3568 484 3625 erat
505 3558 542 3626 be
746 3566 793 3625 at
824 3558 877 3625 Ita
899 3570 974 3625 cum
995 3557 1098 3625 duris·
