2376 3924
17 288 19 295 ,
127 221 188 287 56]
428 224 478 274 nn
497 223 617 274 nunno
638 222 797 275 clearco

125 412 289 477 Numidas
319 412 470 478 diversos
501 413 751 499 dissipatosque
778 414 813 477 in
842 434 956 479 omncs
987 420 1101 500 partes

124 515 242 599 fugere
264 515 447 600 vidissent,
477 515 664 602 desperatis
690 517 816 582 nostris
844 516 943 582 rebus
969 517 1101 583 domum

102 618 386 703 scontenderunt3
401 619 569 685 Romanos
581 617 696 704 pulsos
710 629 961 706 superatosque,
978 622 1100 686 eastris

125 723 439 810 impedimentisque
462 746 575 788 eorum
597 723 711 789 hostes
738 724 864 810 potitos
894 725 1027 789 civitati
1051 747 1100 788 re-

123 829 375 893 nuntiaverunt.

209 928 261 996 25.
286 928 412 995 Caesar
425 929 468 995 ab
482 930 634 997 decimae
648 930 794 1016 legionis
810 931 1043 997 cohortatione
1056 931 1101 995 ad

124 1035 279 1099 dextrum
301 1054 406 1099 cornu
421 1034 608 1119 profectus,
629 1033 687 1100 ubi
703 1057 781 1100 suos
796 1035 910 1119 urgeri
928 1035 1101 1120 signisque

122 1139 157 1202 in
180 1160 281 1203 unum
297 1135 406 1202 locum
422 1136 558 1203 collatis
576 1137 795 1204 duodecimae
812 1137 958 1223 legionis
973 1137 1099 1202 confer·

122 1251 174 1307 tos
197 1240 321 1307 milites
338 1240 403 1307 sibi
420 1243 510 1327 ipsos
532 1240 578 1307 ad
591 1263 741 1327 pugnam
764 1263 838 1307 esse
861 1240 1109 1328 impedimento-

120 1344 216 1426 vidit,
230 1353 371 1430 quartae
383 1343 530 1410 cohortis
544 1344 695 1410 omnibus
708 1343 963 1411 centurionibus
976 1344 1098 1408 occisis

28 1478 32 1483 ¹
121 1449 348 1533 signiferoque
361 1448 549 1531 interfecto,
566 1450 663 1532 signo
677 1450 814 1532 amisso,
826 1447 1030 1534 reliquarum
1043 1469 1097 1513 co·

120 1552 265 1617 hortium
289 1550 442 1617 omnibus
466 1550 535 1615 fere
558 1550 812 1617 centurionibus
836 1561 896 1617 aut
911 1549 1098 1616 vulneratis

120 1664 178 1721 aut
202 1657 334 1739 occisis,
358 1657 393 1721 in
415 1657 467 1722 his
490 1657 659 1743 primipilo
682 1658 718 1723 P.
736 1656 853 1723 Sextio
869 1655 1009 1740 Baculo,
1032 1655 1097 1720 for·

118 1760 250 1825 tissimo
262 1761 346 1843 viro,
362 1759 476 1825 multis
490 1759 718 1847 gravibusque
730 1759 926 1826 vulneribus
943 1759 1098 1825 confecto

21 1872 26 1881 “
118 1865 237 1928 utiam
254 1886 291 1928 se
307 1864 474 1929 sustinere
489 1886 556 1928 non
573 1873 697 1950 posset,
719 1863 866 1950 reliquos
883 1885 956 1928 esse
973 1862 1098 1928 tardio-

118 1989 171 2031 res
185 1976 217 2032 et
229 1966 408 2032 nonnullos
424 1969 624 2034 novissimos
643 1967 775 2034 deserto
788 1966 915 2054 proelio
932 1965 1098 2032 excedere

119 2093 158 2135 ac
181 2070 250 2135 tela
273 2071 399 2154 vitare,
425 2070 539 2137 hostes
563 2094 672 2158 neque
695 2094 715 2137 a
738 2072 849 2138 fronte
873 2093 916 2136 ex
938 2070 1097 2135 inferiore

117 2173 190 2238 loco
225 2173 405 2240 subeuntes
434 2176 659 2240 intermittere
688 2185 721 2241 ct
750 2174 794 2240 ab
825 2184 968 2259 utroque
990 2171 1097 2238 latere

115 2278 255 2355 instare,
279 2287 311 2342 et
335 2299 405 2342 rem
429 2299 503 2342 esse
526 2279 561 2342 in
584 2288 729 2362 angusto
753 2276 840 2342 vidit
862 2298 969 2362 neque
992 2274 1097 2340 ullum

95 2402 190 2452 2esse
207 2379 404 2461 subsidium,
423 2379 512 2466 quod
528 2379 681 2447 submitti
699 2389 830 2466 posset:
853 2388 947 2445 souto
967 2376 1022 2461 [ab
1038 2398 1096 2442 no-

115 2485 251 2550 vissimo
285 2482 355 2566 uni]
391 2483 492 2548 militi
528 2483 680 2548 detracto
718 2482 819 2570 [quod
852 2483 925 2567 ipse
955 2503 993 2545 eo
1024 2481 1096 2545 sine

116 2595 210 2652 scuto
223 2585 376 2667 venerat]
393 2585 427 2650 in
439 2586 581 2671 primam
594 2588 701 2651 aciem
713 2586 878 2672 processit
890 2582 1095 2650 centurioni-

115 2690 242 2776 busque
269 2689 469 2755 nominatim
499 2687 678 2775 appellatis
714 2689 860 2774 reliquos
894 2684 1094 2752 cohortatus

113 2794 238 2858 milites
252 2792 349 2875 signa
363 2791 487 2857 inferre
499 2801 532 2857 et
546 2792 735 2878 manipulos
755 2792 874 2858 laxare
897 2790 1005 2872 iussit,
1029 2810 1093 2874 quo

92 2896 248 2968 sfaoilius
265 2894 389 2980 gladiis
405 2895 455 2960 uti
470 2905 617 2983 possent.
641 2894 744 2962 Cuius
758 2896 908 2961 adventu
920 2914 979 2979 spe
994 2891 1094 2956 illata

115 2999 278 3066 militibus
295 3021 335 3064 ac
351 2997 583 3083 redintegrato
602 3001 723 3083 animo,
739 3022 814 3065 curn
828 3021 887 3085 pro
901 3019 937 3063 se
953 2997 1094 3083 quisque

114 3105 149 3168 in
178 3112 361 3189 conspeetu
389 3103 603 3188 imperatoris
638 3104 740 3169 etiam
769 3106 802 3167 in
833 3100 993 3168 extremis
1023 3097 1093 3163 suis

113 3207 213 3273 rebus
238 3227 373 3292 operam
395 3227 524 3271 navare
544 3216 692 3291 cuperet,
711 3207 848 3293 paulum
864 3205 1012 3270 hostium
1035 3203 1093 3267 im·

113 3321 210 3396 petus
234 3309 391 3375 tardatus
416 3317 478 3374 est.
752 3374 756 3381 ,

199 3412 250 3477 26.
274 3411 413 3493 Caesar,
427 3435 503 3479 oum
514 3415 691 3500 septimam
704 3415 882 3501 legionem,
895 3436 981 3501 quae
995 3414 1092 3478 iuxta

115 3518 327 3602 constiterat,
350 3518 432 3584 item
446 3519 560 3603 urgeri
583 3516 628 3585 ab
644 3517 740 3586 hoste
762 3519 916 3605 vidisset,
938 3515 1092 3585 tribunos
