2376 3924
460 273 536 322 cnr.
555 273 665 325 as-aa.
988 265 1047 330 197

160 462 210 524 37,
245 462 337 526 Haec
359 483 434 525 cum
456 461 711 544 administraret,
741 482 919 546 numquam
940 469 1050 524 tamen

73 564 307 628 intermittebat
329 564 451 648 legatos
474 564 515 628 de
538 586 618 650 pace
641 573 738 649 atque
761 566 902 628 amicitia
922 565 1049 626 mittere

74 667 116 730 ad
138 668 332 748 Domitium,
367 689 441 731 oum
473 667 535 732 hoc
563 669 631 752 ipso
661 667 809 732 crederet
830 667 953 731 facilius
976 689 1050 730 cum

74 771 178 855 decipi
206 793 308 855 posse.
353 770 400 834 At
422 780 534 835 contra
562 792 634 856 spes
657 773 745 858 pacis
767 772 910 835 Domitio
932 773 965 834 in
994 772 1070 834 eis-o

74 874 147 936 dem
172 876 284 938 castris
306 873 456 938 morandi
478 875 584 939 attulit
606 896 746 939 causam.
791 875 843 938 Ita
865 874 1050 938 Pharnaces

74 979 192 1040 amissa
222 978 362 1062 proximi
390 980 544 1063 temporis
568 980 749 1059 occasione,
778 996 848 1040 cam
871 985 1048 1056 vereretur,

73 1103 113 1142 ne
137 1089 409 1164 cognoscerentur
430 1080 575 1162 insidiae,
599 1102 673 1144 suos
695 1083 729 1143 in
752 1090 858 1144 castra
873 1080 1048 1144 revocavit.

72 1184 233 1246 Domitius
271 1193 400 1268 postero
441 1182 493 1246 die
537 1185 667 1267 propius
700 1182 878 1267 Nicopolim
915 1184 1070 1246 necessita

73 1295 243 1370 castraque
287 1285 403 1369 oppido
449 1285 589 1349 contulit.
650 1286 744 1366 Quae
781 1285 860 1348 dum
901 1289 1050 1350 muniunt

72 1390 181 1468 nostri,
205 1389 391 1451 Pharnaces
425 1389 528 1451 aciem
561 1390 713 1452 instruxit
746 1410 803 1452 suo
833 1410 922 1453 more
951 1398 1049 1473 atque

72 1494 226 1553 instituto.
261 1492 301 1554 In
323 1491 428 1554 fronte
452 1492 538 1553 enim
553 1492 689 1576 simplici
704 1491 828 1555 directa
843 1493 912 1556 acie
928 1512 1070 1556 cornuar

73 1596 165 1655 trinis
204 1593 418 1656 firmabantur
458 1594 624 1678 subsidiis,
663 1595 779 1658 eadem
811 1597 936 1659 ratione
968 1594 1050 1659 haec

72 1696 179 1758 media
201 1696 440 1760 collocabantur
470 1699 539 1760 acie
561 1696 687 1761 duobus
710 1696 827 1761 dextra
857 1699 1049 1783 sinistraque

72 1799 247 1862 intervallis
274 1798 470 1884 simplicibus
498 1799 663 1867 ordinibus
692 1801 864 1865 instructis.
910 1801 1070 1865 Perfecito

71 1902 234 1986 inceptum
263 1911 442 1965 castrorum
472 1924 551 1987 opus
573 1903 734 1967 Domitius
763 1912 855 1989 parte
884 1905 1049 1988 copiarum

72 2005 235 2088 provallo
260 2007 441 2069 constituta.

156 2109 206 2171 38.
241 2111 395 2172 Proxima
418 2118 511 2173 nocte
534 2109 720 2173 Pharnaces
742 2112 928 2194 interceptis
950 2108 1049 2173 tabel-

72 2211 169 2291 lariis,
208 2213 264 2294 qui
297 2212 338 2274 de
360 2210 593 2275 Alexandrinis
626 2211 724 2276 rebus
758 2212 881 2275 litteras
914 2212 957 2275 ad
984 2213 1048 2275 Do·

70 2315 195 2376 mitium
217 2313 375 2395 ferebant,
399 2317 562 2397 cognoscit
578 2313 751 2378 Caesarem
772 2337 891 2398 magno
913 2317 946 2378 in
968 2316 1049 2399 peri·

71 2416 141 2479 culo
158 2419 282 2480 versari
297 2417 501 2501 flagitarique
517 2417 559 2480 ab
575 2418 728 2499 Domitio,
744 2427 893 2502 utquam
908 2420 1048 2503 primum

71 2519 203 2582 Caesari
232 2519 376 2583 subsidia
403 2522 559 2601 mitteret,
593 2523 789 2605 propiusque
817 2524 885 2605 ipsc
907 2520 1048 2584 Alexan·

71 2622 175 2685 driam
198 2644 255 2707 per
278 2622 407 2706 Syriam
429 2621 608 2686 accederet.
644 2623 718 2703 Qua
741 2625 869 2706 cognita
891 2645 927 2687 re
949 2623 1068 2686 Phar-r

71 2746 168 2788 naces
201 2727 356 2789 victoriae
389 2723 458 2788 loco
492 2715 649 2806 ducebat,
693 2728 720 2789 si
759 2725 888 2790 trahere
921 2735 1047 2810 tempus

71 2837 193 2911 posset,
224 2850 297 2892 cum
320 2827 551 2891 discedendum
575 2829 716 2892 Domitio
739 2828 886 2892 celeriter
908 2838 1045 2914 putaret.

71 2931 184 3014 Itaque
208 2928 249 2993 ab
266 2929 393 3014 oppido,
417 2951 481 3013 qua
496 2929 682 2993 facillimum
697 2952 863 2995 accessum
878 2941 910 2997 et
925 2935 1069 3018 aequis-a

71 3037 186 3096 simum
209 3032 252 3096 ad
275 3032 494 3097 dimicandum
522 3035 639 3097 nostris
660 3034 808 3117 videbat,
836 3036 938 3100 fossas
967 3035 1048 3100 duas

70 3136 209 3200 directas
232 3158 296 3199 non
323 3139 369 3200 ita
396 3158 514 3220 magno
542 3137 648 3202 medio
670 3138 839 3204 intervallo
861 3140 972 3204 relicto
994 3159 1045 3203 1111

69 3240 189 3323 pedum
212 3239 387 3304 altitudinis
401 3243 436 3305 in
451 3264 525 3305 eum
546 3242 653 3307 locum
674 3243 820 3325 deduxit,
844 3266 907 3328 quo
921 3244 1047 3328 longius

70 3346 280 3407 constituerat
310 3365 401 3408 suam
430 3367 495 3408 non
518 3345 697 3430 producere
720 3349 831 3410 aciem.
876 3348 966 3410 Inter
988 3347 1068 3411 has*

69 3447 171 3510 fossas
199 3448 302 3511 aciem
330 3469 458 3532 semper
491 3448 688 3531 instruebat,
725 3450 905 3533 equitatum
937 3458 1047 3514 autem

69 3570 197 3612 omnem
230 3549 272 3614 ab
306 3548 461 3615 lateribus
492 3559 588 3617 extra
616 3551 736 3617 fossam
763 3551 956 3634 collocabat,
992 3554 1046 3637 qui
