2376 3924
117 239 157 303 10
440 238 490 287 Du
507 238 627 289 BELLO
648 237 761 288 CIVILI

113 438 220 494 ratum
254 438 351 513 atque
386 431 491 493 omnia
525 431 592 514 pati
619 426 815 514 reipublicae
844 451 951 492 causa.
996 430 1098 495 Profi-

115 535 253 596 ciscatur
276 516 447 618 Pompeius
471 535 503 597 in
526 555 600 597 suas
631 535 825 618 provincias,
850 535 912 618 ipsi
934 536 1098 599 exercitus

115 636 286 717 dimittant,
311 635 479 700 discedant
494 638 526 701 in
542 637 636 700 ltalia
659 658 769 701 omnes
792 636 834 701 ab
859 639 967 719 armis,
990 648 1098 723 metus

115 762 132 802 c
161 742 291 812 civitate
319 739 463 821 tollatur,
493 739 594 803 libera
622 738 750 804 comitia
778 749 877 824 atque
901 743 1003 804 omnis
1032 746 1099 806 res-

93 843 243 928 spublica
266 843 391 907 senatui
414 841 594 927 populoque
606 845 752 907 Romano
768 845 981 927 permittatur.
1006 845 1100 909 Haec

116 969 179 1030 quo
213 944 336 1009 facilius
370 947 530 1028 certisque
565 945 805 1009 condicionibus
838 946 918 1009 fiant
952 955 985 1010 ct
1016 949 1099 1011 iure-

116 1049 252 1113 iurando
275 1051 476 1129 sauciantur,
506 1058 562 1113 aut
584 1051 651 1134 ipse
674 1051 805 1134 propius
828 1049 963 1114 accedat
985 1059 1042 1114 aut
1064 1073 1099 1115 se
1139 1033 1142 1037 ⁵

117 1155 257 1238 patiatur
269 1153 439 1217 accedere:
455 1154 533 1234 fore,
549 1155 595 1217 uti
607 1176 664 1238 per
677 1152 833 1237 colloquia
846 1176 956 1218 omnes
973 1165 1098 1220 contro·

116 1258 242 1319 versiae
265 1266 507 1340 componantur.

205 1360 252 1424 10.
283 1359 435 1444 Acceptis
458 1360 619 1424 mandatis
641 1362 776 1424 Roscius
799 1384 873 1426 cum
896 1362 934 1425 L.
959 1360 1100 1426 Caesare
1153 1394 1156 1405 ·

117 1462 263 1548 Capuam
286 1465 440 1550 'pervenit
468 1463 576 1550 ibique
606 1464 751 1529 consules
773 1466 1027 1550 Pompeiumque
1055 1468 1100 1531 in-

95 1570 220 1650 avenit3
244 1568 404 1653 postulata
428 1567 575 1633 Caesaris
598 1570 770 1632 renuntiat.
793 1567 843 1631 Illi
866 1568 1044 1632 deliberata
1068 1589 1102 1631 re

117 1671 313 1755 respondent
336 1674 519 1756 scriptaque
549 1671 591 1735 ad
619 1694 693 1734 eum
716 1671 870 1735 mandata
892 1693 951 1757 per
973 1694 1028 1736 eos
1050 1696 1099 1737 re·
1147 1721 1151 1729 .

93 1797 108 1858 .³
118 1776 261 1857 mittunt3
287 1796 424 1858 quorum
440 1774 520 1838 haec
532 1783 603 1837 erat
618 1796 758 1837 summa:
775 1772 896 1838 Caesar
911 1776 944 1838 in
960 1773 1101 1840 Calliam

117 1887 344 1959 reverteretur,
361 1877 507 1941 Arimino
524 1877 706 1959 excederet,
730 1880 891 1942 exercitus
909 1878 1101 1960 dimitterem

119 2003 202 2064 quae
236 1983 262 2044 si
293 1980 438 2062 fecisset,
473 1981 663 2067 Pompeium
696 1983 729 2044 in
762 1982 936 2067 Hispanias
970 1984 1100 2045 iturum.

96 2084 256 2165 slnterea,
280 2084 388 2168 quoad
410 2084 491 2149 fides
519 2094 604 2149 esset
627 2085 704 2148 data
727 2084 900 2150 Caesarem
929 2085 1101 2168 facturum,

119 2209 201 2271 quae
230 2187 448 2272 polliceretur,
482 2211 546 2252 non
575 2191 811 2254 intermissuros
841 2188 987 2255 consules
1009 2190 1103 2254 Pom·

119 2293 291 2376 peiumque
314 2292 466 2356 delectus.
934 2371 937 2379 ι

207 2395 255 2459 ll.
291 2397 372 2460 Erat
399 2399 510 2482 iniqua
539 2397 683 2462 condicio
713 2396 893 2482 postulare,
924 2405 959 2461 ut
981 2394 1103 2461 Caesar

119 2499 265 2564 Arimino
289 2501 464 2565 excederet
485 2510 583 2587 atque
605 2503 637 2565 in
653 2503 852 2586 provinciam
874 2509 1103 2583 reverteretur,

120 2605 225 2687 ipsum
247 2614 280 2667 et
302 2607 483 2688 provincias
507 2614 540 2669 et
560 2604 703 2688 legiones
719 2604 838 2668 alienas
862 2615 987 2686 tenere;
1012 2625 1102 2668 exer·

98 2708 219 2770 acitum
242 2705 390 2770 Caesaris
420 2707 501 2771 velle
524 2706 656 2787 dimitti,
686 2706 829 2770 delectus
851 2706 988 2790 habere;
1018 2706 1104 2792 polli-

120 2811 186 2872 ceri
208 2830 242 2872 se
265 2811 298 2872 in
320 2812 520 2894 provinciam
542 2811 663 2877 iturum
677 2831 792 2893 neque,
816 2819 1003 2894 antequem
1018 2809 1105 2874 diem

120 2915 222 2975 iturus
251 2913 306 2993 sit,
340 2912 490 2994 definire,
525 2922 575 2995 ut,
610 2915 636 2976 si
666 2922 759 2997 pacto
791 2912 959 2977 consulatu
981 2911 1103 2978 Caesar

121 3014 282 3099 profectus
327 3026 426 3098 esset,
470 3016 558 3081 nulla
599 3027 707 3081 tamen
746 3016 906 3081 mendacii
951 3016 1104 3101 religione

99 3118 489 3203 aobstrictusvide1·etm·;
515 3131 641 3205 tempus
664 3143 741 3184 vero
764 3119 920 3204 colloquio
942 3142 1008 3185 non
1026 3119 1105 3184 dare

120 3243 226 3306 neque
255 3246 461 3287 accessurum
488 3223 629 3308 polliceri
659 3247 811 3308 magnam
838 3225 927 3309 pacis
955 3222 1105 3309 despera·

99 3329 241 3391 itionem
269 3327 435 3390 afferebat.
480 3327 596 3410 Itaque
620 3325 660 3389 ab
684 3326 831 3391 Arimino
855 3327 901 3391 M.
925 3325 1106 3391 Antonium

122 3453 196 3494 cum
236 3429 421 3495 cohortibus
455 3448 477 3493 v
511 3429 679 3494 Arretium
711 3432 822 3513 mittit;
862 3431 931 3514 ipse
964 3427 1105 3493 Arimini

101 3541 195 3598 cum
229 3533 356 3598 duabus
386 3527 592 3618 [legionibus]
627 3531 771 3596 subsistit
804 3531 914 3617 ibique
941 3529 1113 3623 delectum,
