<?xml version="1.0" encoding="UTF-8"?>
<!DOCTYPE html PUBLIC "-//W3C//DTD XHTML 1.0 Transitional//EN"
    "http://www.w3.org/TR/xhtml1/DTD/xhtml1-transitional.dtd">
<html xmlns="http://www.w3.org/1999/xhtml" xml:lang="en" lang="en">
 <head>
  <title>
</title>
<meta http-equiv="Content-Type" content="text/html;charset=utf-8" />
  <meta name='ocr-system' content='tesseract 3.04.00' />
  <meta name='ocr-capabilities' content='ocr_page ocr_carea ocr_par ocr_line ocrx_word'/>
</head>
<body>
  <div class='ocr_page' id='page_1' title='image "./ciuliicaesarisc00hoffgoog/ciuliicaesarisc00hoffgoog_0369.png"; bbox 0 0 2376 3924; ppageno 0'>
   <div class='ocr_carea' id='block_1_1' title="bbox 138 206 812 258">
    <p class='ocr_par' dir='ltr' id='par_1_1' title="bbox 138 206 812 258">
     <span class='ocr_line' id='line_1_1' title="bbox 138 206 812 258; baseline 0.003 -2"><span class='ocrx_word' id='word_1_1' title='bbox 138 207 162 256; x_wconf 77' lang='lat' dir='ltr'><strong>t</strong></span> <span class='ocrx_word' id='word_1_2' title='bbox 433 206 645 257; x_wconf 84' lang='lat' dir='ltr'>ADNOTATIO</span> <span class='ocrx_word' id='word_1_3' title='bbox 665 207 812 258; x_wconf 82' lang='lat' dir='ltr'>CRITICA</span> 
     </span>
    </p>
   </div>
   <div class='ocr_carea' id='block_1_2' title="bbox 138 392 1130 545">
    <p class='ocr_par' dir='ltr' id='par_1_2' title="bbox 138 392 1130 545">
     <span class='ocr_line' id='line_1_2' title="bbox 138 392 1130 460; baseline 0.007 -15"><span class='ocrx_word' id='word_1_4' title='bbox 138 394 230 457; x_wconf 86' lang='lat' dir='ltr'><strong>visset,</strong></span> <span class='ocrx_word' id='word_1_5' title='bbox 250 396 279 444; x_wconf 87' lang='lat' dir='ltr'><strong>in</strong></span> <span class='ocrx_word' id='word_1_6' title='bbox 297 394 358 459; x_wconf 90' lang='lat' dir='ltr'><strong>ipsa</strong></span> <span class='ocrx_word' id='word_1_7' title='bbox 375 392 482 444; x_wconf 88' lang='lat' dir='ltr'><strong>insulae</strong></span> <span class='ocrx_word' id='word_1_8' title='bbox 501 394 604 444; x_wconf 85' lang='lat' dir='ltr'><strong>vicinia</strong></span> <span class='ocrx_word' id='word_1_9' title='bbox 622 394 792 460; x_wconf 81' lang='lat' dir='ltr'><strong>naufragium</strong></span> <span class='ocrx_word' id='word_1_10' title='bbox 811 396 884 446; x_wconf 87' lang='lat' dir='ltr'><strong>fecit.</strong></span> <span class='ocrx_word' id='word_1_11' title='bbox 907 396 1022 447; x_wconf 80' lang='lat' dir='ltr'><strong>Diibner</strong></span> <span class='ocrx_word' id='word_1_12' title='bbox 1041 395 1130 452; x_wconf 80' lang='lat' dir='ltr'><strong>litore</strong></span> 
     </span>
     <span class='ocr_line' id='line_1_3' title="bbox 140 480 707 545; baseline 0 -13"><span class='ocrx_word' id='word_1_13' title='bbox 140 482 261 545; x_wconf 81' lang='lat' dir='ltr'><strong>retinuit,</strong></span> <span class='ocrx_word' id='word_1_14' title='bbox 279 481 395 544; x_wconf 88' lang='lat' dir='ltr'><strong>Kraner,</strong></span> <span class='ocrx_word' id='word_1_15' title='bbox 412 480 509 530; x_wconf 87' lang='lat' dir='ltr'><strong>Dinter</strong></span> <span class='ocrx_word' id='word_1_16' title='bbox 530 480 707 533; x_wconf 86' lang='lat' dir='ltr'><strong>incluserunt.</strong></span> 
     </span>
    </p>
   </div>
   <div class='ocr_carea' id='block_1_3' title="bbox 140 581 1145 746">
    <p class='ocr_par' dir='ltr' id='par_1_3' title="bbox 140 581 1145 746">
     <span class='ocr_line' id='line_1_4' title="bbox 243 581 1145 661; baseline 0.004 -19"><span class='ocrx_word' id='word_1_17' title='bbox 243 610 266 644; x_wconf 90' lang='lat' dir='ltr'><strong>c.</strong></span> <span class='ocrx_word' id='word_1_18' title='bbox 281 594 321 654; x_wconf 88' lang='grc'><strong>14,</strong></span> <span class='ocrx_word' id='word_1_19' title='bbox 336 595 365 642; x_wconf 88' lang='lat'><strong>1:</strong></span> <span class='ocrx_word' id='word_1_20' title='bbox 384 590 470 645; x_wconf 78' lang='lat' dir='ltr'><strong>classi</strong></span> <span class='ocrx_word' id='word_1_21' title='bbox 488 592 560 655; x_wconf 88' lang='lat' dir='ltr'><strong>libri,</strong></span> <span class='ocrx_word' id='word_1_22' title='bbox 579 592 662 658; x_wconf 79' lang='lat' dir='ltr'><strong>vulgo</strong></span> <span class='ocrx_word' id='word_1_23' title='bbox 680 590 777 646; x_wconf 81' lang='lat' dir='ltr'><strong>classe.</strong></span> <span class='ocrx_word' id='word_1_24' title='bbox 796 593 841 657; x_wconf 86' lang='lat' dir='ltr'><strong>(cf.</strong></span> <span class='ocrx_word' id='word_1_25' title='bbox 854 593 1004 644; x_wconf 87' lang='lat' dir='ltr'><strong>Vielhaber</strong></span> <span class='ocrx_word' id='word_1_26' title='bbox 1017 595 1128 661; x_wconf 74' lang='lat' dir='ltr'><strong>epham.</strong></span> <span class='ocrx_word' id='word_1_27' title='bbox 1144 581 1145 584; x_wconf 8' lang='grc' dir='ltr'><strong>Ἴ</strong></span> 
     </span>
     <span class='ocr_line' id='line_1_5' title="bbox 140 674 544 746; baseline 0.002 -17"><span class='ocrx_word' id='word_1_28' title='bbox 140 696 230 745; x_wconf 82' lang='lat' dir='ltr'><strong>gymn.</strong></span> <span class='ocrx_word' id='word_1_29' title='bbox 250 685 332 730; x_wconf 88' lang='lat' dir='ltr'><strong>austr.</strong></span> <span class='ocrx_word' id='word_1_30' title='bbox 351 679 409 741; x_wconf 89' lang='lat' dir='ltr'><strong>XX,</strong></span> <span class='ocrx_word' id='word_1_31' title='bbox 427 697 453 745; x_wconf 91' lang='lat' dir='ltr'><strong>p.</strong></span> <span class='ocrx_word' id='word_1_32' title='bbox 473 674 544 746; x_wconf 76' lang='lat'>556.)</span> 
     </span>
    </p>
   </div>
   <div class='ocr_carea' id='block_1_4' title="bbox 139 789 1128 1186">
    <p class='ocr_par' dir='ltr' id='par_1_4' title="bbox 139 789 1128 1186">
     <span class='ocr_line' id='line_1_6' title="bbox 245 789 1127 862; baseline 0.002 -20"><span class='ocrx_word' id='word_1_33' title='bbox 245 809 269 842; x_wconf 90' lang='lat' dir='ltr'><strong>c.</strong></span> <span class='ocrx_word' id='word_1_34' title='bbox 289 792 329 853; x_wconf 76' lang='lat'><strong>15,</strong></span> <span class='ocrx_word' id='word_1_35' title='bbox 348 793 376 840; x_wconf 87' lang='lat'><strong>3:</strong></span> <span class='ocrx_word' id='word_1_36' title='bbox 405 789 454 856; x_wconf 80' lang='lat' dir='ltr'><strong>qai</strong></span> <span class='ocrx_word' id='word_1_37' title='bbox 472 789 521 843; x_wconf 80' lang='lat' dir='ltr'><strong><em>abi</em></strong></span> <span class='ocrx_word' id='word_1_38' title='bbox 539 805 649 843; x_wconf 86' lang='lat' dir='ltr'><strong>cessare</strong></span> <span class='ocrx_word' id='word_1_39' title='bbox 667 790 816 844; x_wconf 84' lang='lat' dir='ltr'><strong>Caesarem</strong></span> <span class='ocrx_word' id='word_1_40' title='bbox 834 790 961 844; x_wconf 78' lang='lat' dir='ltr'><strong>animam</strong></span> <span class='ocrx_word' id='word_1_41' title='bbox 978 790 1127 862; x_wconf 70' lang='lat' dir='ltr'><strong>advertit]</strong></span> 
     </span>
     <span class='ocr_line' id='line_1_7' title="bbox 139 873 1128 943; baseline 0.005 -15"><span class='ocrx_word' id='word_1_42' title='bbox 139 879 216 928; x_wconf 84' lang='lat' dir='ltr'><strong>codd.</strong></span> <span class='ocrx_word' id='word_1_43' title='bbox 235 877 284 943; x_wconf 79' lang='lat' dir='ltr'><strong>qai</strong></span> <span class='ocrx_word' id='word_1_44' title='bbox 301 875 350 928; x_wconf 83' lang='lat' dir='ltr'><strong>abi</strong></span> <span class='ocrx_word' id='word_1_45' title='bbox 363 873 495 928; x_wconf 73' lang='lat' dir='ltr'><strong>Caesaris</strong></span> <span class='ocrx_word' id='word_1_46' title='bbox 515 875 640 928; x_wconf 77' lang='lat' dir='ltr'><strong>arctatam</strong></span> <span class='ocrx_word' id='word_1_47' title='bbox 658 875 789 928; x_wconf 79' lang='lat' dir='ltr'><strong>advertit.</strong></span> <span class='ocrx_word' id='word_1_48' title='bbox 807 877 915 927; x_wconf 87' lang='lat' dir='ltr'><strong>Kraner</strong></span> <span class='ocrx_word' id='word_1_49' title='bbox 926 894 974 943; x_wconf 91' lang='lat' dir='ltr'><strong>pro</strong></span> <span class='ocrx_word' id='word_1_50' title='bbox 989 877 1128 932; x_wconf 80' lang='lat' dir='ltr'><strong>Caesaris</strong></span> 
     </span>
     <span class='ocr_line' id='line_1_8' title="bbox 140 961 1128 1032; baseline 0.004 -18"><span class='ocrx_word' id='word_1_51' title='bbox 140 964 312 1014; x_wconf 85' lang='lat' dir='ltr'><strong>scribendum</strong></span> <span class='ocrx_word' id='word_1_52' title='bbox 337 978 396 1012; x_wconf 85' lang='lat' dir='ltr'><strong>esse</strong></span> <span class='ocrx_word' id='word_1_53' title='bbox 420 961 527 1014; x_wconf 73' lang='lat' dir='ltr'><strong>cessari</strong></span> <span class='ocrx_word' id='word_1_54' title='bbox 550 964 679 1027; x_wconf 70' lang='lat' dir='ltr'><strong>coniecit,</strong></span> <span class='ocrx_word' id='word_1_55' title='bbox 708 962 779 1028; x_wconf 88' lang='lat' dir='ltr'><strong>quod</strong></span> <span class='ocrx_word' id='word_1_56' title='bbox 797 964 911 1013; x_wconf 86' lang='lat' dir='ltr'><strong>verbum</strong></span> <span class='ocrx_word' id='word_1_57' title='bbox 935 980 996 1014; x_wconf 91' lang='lat' dir='ltr'><strong>cum</strong></span> <span class='ocrx_word' id='word_1_58' title='bbox 1022 967 1128 1032; x_wconf 83' lang='lat' dir='ltr'><strong>optime</strong></span> 
     </span>
     <span class='ocr_line' id='line_1_9' title="bbox 140 1048 1128 1115; baseline 0.005 -16"><span class='ocrx_word' id='word_1_59' title='bbox 140 1050 255 1115; x_wconf 83' lang='lat' dir='ltr'><strong>quadret</strong></span> <span class='ocrx_word' id='word_1_60' title='bbox 273 1049 309 1098; x_wconf 88' lang='lat' dir='ltr'><strong>ad</strong></span> <span class='ocrx_word' id='word_1_61' title='bbox 331 1048 386 1098; x_wconf 89' lang='lat' dir='ltr'><strong>loci</strong></span> <span class='ocrx_word' id='word_1_62' title='bbox 410 1064 531 1110; x_wconf 87' lang='lat' dir='ltr'><strong>sensum,</strong></span> <span class='ocrx_word' id='word_1_63' title='bbox 559 1048 644 1097; x_wconf 87' lang='lat' dir='ltr'><strong>malui</strong></span> <span class='ocrx_word' id='word_1_64' title='bbox 667 1055 759 1098; x_wconf 89' lang='lat' dir='ltr'><strong>tamen</strong></span> <span class='ocrx_word' id='word_1_65' title='bbox 784 1054 902 1100; x_wconf 85' lang='lat' dir='ltr'><strong>statuere</strong></span> <span class='ocrx_word' id='word_1_66' title='bbox 927 1063 1038 1104; x_wconf 82' lang='lat' dir='ltr'><strong>cessare</strong></span> <span class='ocrx_word' id='word_1_67' title='bbox 1061 1058 1128 1104; x_wconf 85' lang='lat' dir='ltr'><strong>ante</strong></span> 
     </span>
     <span class='ocr_line' id='line_1_10' title="bbox 144 1133 452 1186; baseline -0.013 0"><span class='ocrx_word' id='word_1_68' title='bbox 144 1134 292 1186; x_wconf 81' lang='lat' dir='ltr'><strong>Caesarem</strong></span> <span class='ocrx_word' id='word_1_69' title='bbox 310 1133 452 1183; x_wconf 81' lang='lat' dir='ltr'><strong>excidisse.</strong></span> 
     </span>
    </p>
   </div>
   <div class='ocr_carea' id='block_1_5' title="bbox 139 1243 1128 2344">
    <p class='ocr_par' dir='ltr' id='par_1_5' title="bbox 139 1243 1128 2344">
     <span class='ocr_line' id='line_1_11' title="bbox 244 1243 1128 1314; baseline 0.008 -19"><span class='ocrx_word' id='word_1_70' title='bbox 244 1244 376 1307; x_wconf 84' lang='lat' dir='ltr'><strong>c.15,8:</strong></span> <span class='ocrx_word' id='word_1_71' title='bbox 406 1259 493 1310; x_wconf 78' lang='lat' dir='ltr'><strong>aequo</strong></span> <span class='ocrx_word' id='word_1_72' title='bbox 516 1259 579 1296; x_wconf 85' lang='lat' dir='ltr'><strong>rero</strong></span> <span class='ocrx_word' id='word_1_73' title='bbox 598 1243 794 1298; x_wconf 75' lang='lat' dir='ltr'><strong>Alexandriae</strong></span> <span class='ocrx_word' id='word_1_74' title='bbox 813 1245 872 1310; x_wconf 81' lang='lat' dir='ltr'><strong>fait</strong></span> <span class='ocrx_word' id='word_1_75' title='bbox 896 1246 1045 1314; x_wconf 76' lang='lat' dir='ltr'><strong>qaisquam</strong></span> <span class='ocrx_word' id='word_1_76' title='bbox 1073 1254 1128 1302; x_wconf 87' lang='lat' dir='ltr'><strong>aat</strong></span> 
     </span>
     <span class='ocr_line' id='line_1_12' title="bbox 139 1329 1128 1404; baseline 0.003 -20"><span class='ocrx_word' id='word_1_77' title='bbox 139 1335 303 1384; x_wconf 79' lang='lat' dir='ltr'><strong>aestrorum</strong></span> <span class='ocrx_word' id='word_1_78' title='bbox 318 1334 370 1381; x_wconf 86' lang='lat' dir='ltr'><strong>aat</strong></span> <span class='ocrx_word' id='word_1_79' title='bbox 382 1329 600 1398; x_wconf 76' lang='lat' dir='ltr'><strong>oppidanorum,</strong></span> <span class='ocrx_word' id='word_1_80' title='bbox 619 1331 668 1397; x_wconf 78' lang='lat' dir='ltr'><strong>qai</strong></span> <span class='ocrx_word' id='word_1_81' title='bbox 686 1335 738 1383; x_wconf 89' lang='lat' dir='ltr'><strong>aat</strong></span> <span class='ocrx_word' id='word_1_82' title='bbox 756 1330 788 1382; x_wconf 73' lang='grc' dir='ltr'><strong>ιιι</strong></span> <span class='ocrx_word' id='word_1_83' title='bbox 806 1347 888 1399; x_wconf 77' lang='lat' dir='ltr'><strong>opere</strong></span> <span class='ocrx_word' id='word_1_84' title='bbox 906 1337 957 1385; x_wconf 85' lang='lat' dir='ltr'><strong>aat</strong></span> <span class='ocrx_word' id='word_1_85' title='bbox 976 1332 1007 1385; x_wconf 76' lang='lat' dir='ltr'><strong>irs</strong></span> <span class='ocrx_word' id='word_1_86' title='bbox 1023 1350 1128 1404; x_wconf 71' lang='lat' dir='ltr'><strong>papas</strong></span> 
     </span>
     <span class='ocr_line' id='line_1_13' title="bbox 140 1417 1127 1490; baseline 0 -18"><span class='ocrx_word' id='word_1_87' title='bbox 140 1423 309 1486; x_wconf 83' lang='lat' dir='ltr'><strong>occrrpatara</strong></span> <span class='ocrx_word' id='word_1_88' title='bbox 333 1417 459 1470; x_wconf 76' lang='lat' dir='ltr'><strong>animam</strong></span> <span class='ocrx_word' id='word_1_89' title='bbox 484 1418 631 1485; x_wconf 74' lang='lat' dir='ltr'><strong>habereut,</strong></span> <span class='ocrx_word' id='word_1_90' title='bbox 660 1417 729 1484; x_wconf 79' lang='lat' dir='ltr'><strong><em>qaia</em></strong></span> <span class='ocrx_word' id='word_1_91' title='bbox 747 1417 890 1472; x_wconf 80' lang='lat' dir='ltr'><strong>altissima</strong></span> <span class='ocrx_word' id='word_1_92' title='bbox 910 1424 983 1472; x_wconf 86' lang='lat' dir='ltr'><strong>tecta</strong></span> <span class='ocrx_word' id='word_1_93' title='bbox 997 1419 1127 1490; x_wconf 74' lang='lat' dir='ltr'><strong>peteret]</strong></span> 
     </span>
     <span class='ocr_line' id='line_1_14' title="bbox 140 1505 1127 1571; baseline 0 -15"><span class='ocrx_word' id='word_1_94' title='bbox 140 1506 284 1556; x_wconf 89' lang='lat' dir='ltr'><strong>relativam</strong></span> <span class='ocrx_word' id='word_1_95' title='bbox 308 1506 471 1556; x_wconf 88' lang='lat' dir='ltr'><strong>sententiam</strong></span> <span class='ocrx_word' id='word_1_96' title='bbox 495 1505 543 1571; x_wconf 80' lang='lat' dir='ltr'><strong>qai</strong></span> <span class='ocrx_word' id='word_1_97' title='bbox 613 1505 747 1557; x_wconf 75' lang='lat' dir='ltr'><strong>haberent</strong></span> <span class='ocrx_word' id='word_1_98' title='bbox 771 1506 885 1556; x_wconf 85' lang='lat' dir='ltr'><strong>Dlibner</strong></span> <span class='ocrx_word' id='word_1_99' title='bbox 902 1506 1028 1567; x_wconf 85' lang='lat' dir='ltr'><strong>inclusit,</strong></span> <span class='ocrx_word' id='word_1_100' title='bbox 1051 1506 1127 1558; x_wconf 86' lang='lat' dir='ltr'><strong>Flei·</strong></span> 
     </span>
     <span class='ocr_line' id='line_1_15' title="bbox 140 1593 1127 1658; baseline 0.002 -16"><span class='ocrx_word' id='word_1_101' title='bbox 140 1593 218 1642; x_wconf 89' lang='lat' dir='ltr'><strong>scher</strong></span> <span class='ocrx_word' id='word_1_102' title='bbox 237 1609 299 1641; x_wconf 82' lang='lat' dir='ltr'><strong>ann.</strong></span> <span class='ocrx_word' id='word_1_103' title='bbox 318 1593 384 1658; x_wconf 91' lang='lat' dir='ltr'><strong>phil.</strong></span> <span class='ocrx_word' id='word_1_104' title='bbox 405 1593 498 1654; x_wconf 86' lang='lat' dir='ltr'><strong>CXIX,</strong></span> <span class='ocrx_word' id='word_1_105' title='bbox 517 1609 542 1657; x_wconf 86' lang='lat' dir='ltr'><strong>p.</strong></span> <span class='ocrx_word' id='word_1_106' title='bbox 562 1593 613 1641; x_wconf 80' lang='lat'><strong>854</strong></span> <span class='ocrx_word' id='word_1_107' title='bbox 631 1593 670 1642; x_wconf 89' lang='lat' dir='ltr'><strong>ita</strong></span> <span class='ocrx_word' id='word_1_108' title='bbox 688 1593 849 1658; x_wconf 85' lang='lat' dir='ltr'><strong>corrigenda</strong></span> <span class='ocrx_word' id='word_1_109' title='bbox 867 1608 928 1643; x_wconf 87' lang='lat' dir='ltr'><strong>esse</strong></span> <span class='ocrx_word' id='word_1_110' title='bbox 947 1593 1067 1655; x_wconf 88' lang='lat' dir='ltr'><strong>censuit,</strong></span> <span class='ocrx_word' id='word_1_111' title='bbox 1097 1600 1127 1644; x_wconf 91' lang='lat' dir='ltr'><strong>ut</strong></span> 
     </span>
     <span class='ocr_line' id='line_1_16' title="bbox 139 1676 1126 1743; baseline 0 -13"><span class='ocrx_word' id='word_1_112' title='bbox 139 1677 199 1730; x_wconf 74' lang='lat' dir='ltr'><strong>rrr‘se&#39;</strong></span> <span class='ocrx_word' id='word_1_113' title='bbox 218 1682 281 1728; x_wconf 87' lang='lat' dir='ltr'><strong>ante</strong></span> <span class='ocrx_word' id='word_1_114' title='bbox 301 1676 349 1743; x_wconf 79' lang='lat' dir='ltr'><strong>qar&#39;</strong></span> <span class='ocrx_word' id='word_1_115' title='bbox 368 1679 542 1727; x_wconf 84' lang='lat' dir='ltr'><strong>insereretur.</strong></span> <span class='ocrx_word' id='word_1_116' title='bbox 561 1678 609 1728; x_wconf 90' lang='lat' dir='ltr'><strong>sed</strong></span> <span class='ocrx_word' id='word_1_117' title='bbox 627 1678 656 1728; x_wconf 90' lang='lat' dir='ltr'><strong>id</strong></span> <span class='ocrx_word' id='word_1_118' title='bbox 673 1679 772 1743; x_wconf 89' lang='lat' dir='ltr'><strong>ipsum,</strong></span> <span class='ocrx_word' id='word_1_119' title='bbox 790 1680 819 1727; x_wconf 92' lang='lat' dir='ltr'><strong>in</strong></span> <span class='ocrx_word' id='word_1_120' title='bbox 839 1695 891 1743; x_wconf 91' lang='lat' dir='ltr'><strong>quo</strong></span> <span class='ocrx_word' id='word_1_121' title='bbox 910 1684 1023 1743; x_wconf 86' lang='lat' dir='ltr'><strong>uterque</strong></span> <span class='ocrx_word' id='word_1_122' title='bbox 1040 1678 1126 1730; x_wconf 85' lang='lat' dir='ltr'><strong>offen·</strong></span> 
     </span>
     <span class='ocr_line' id='line_1_17' title="bbox 141 1762 1126 1827; baseline 0.006 -16"><span class='ocrx_word' id='word_1_123' title='bbox 141 1764 192 1827; x_wconf 89' lang='lat' dir='ltr'><strong>dit,</strong></span> <span class='ocrx_word' id='word_1_124' title='bbox 215 1763 287 1827; x_wconf 91' lang='lat' dir='ltr'><strong>quod</strong></span> <span class='ocrx_word' id='word_1_125' title='bbox 306 1778 361 1811; x_wconf 93' lang='lat' dir='ltr'><strong>non</strong></span> <span class='ocrx_word' id='word_1_126' title='bbox 380 1762 458 1811; x_wconf 91' lang='lat' dir='ltr'><strong>modo</strong></span> <span class='ocrx_word' id='word_1_127' title='bbox 480 1762 610 1827; x_wconf 80' lang='lat' dir='ltr'><strong>oppidani</strong></span> <span class='ocrx_word' id='word_1_128' title='bbox 628 1777 721 1813; x_wconf 84' lang='lat' dir='ltr'><strong>verum</strong></span> <span class='ocrx_word' id='word_1_129' title='bbox 742 1764 822 1813; x_wconf 88' lang='lat' dir='ltr'><strong>etiarn</strong></span> <span class='ocrx_word' id='word_1_130' title='bbox 845 1763 1004 1814; x_wconf 81' lang='lat' dir='ltr'><strong><em>Caesariani</em></strong></span> <span class='ocrx_word' id='word_1_131' title='bbox 1023 1764 1126 1817; x_wconf 86' lang='lat' dir='ltr'><strong>milites</strong></span> 
     </span>
     <span class='ocr_line' id='line_1_18' title="bbox 141 1847 1126 1914; baseline 0.005 -17"><span class='ocrx_word' id='word_1_132' title='bbox 141 1850 268 1913; x_wconf 89' lang='lat' dir='ltr'><strong>operibus</strong></span> <span class='ocrx_word' id='word_1_133' title='bbox 286 1847 390 1897; x_wconf 88' lang='lat' dir='ltr'><strong>relictis</strong></span> <span class='ocrx_word' id='word_1_134' title='bbox 409 1847 543 1898; x_wconf 88' lang='lat' dir='ltr'><strong>altissima</strong></span> <span class='ocrx_word' id='word_1_135' title='bbox 560 1854 633 1898; x_wconf 86' lang='lat' dir='ltr'><strong>tecta</strong></span> <span class='ocrx_word' id='word_1_136' title='bbox 651 1849 763 1914; x_wconf 86' lang='lat' dir='ltr'><strong>petiisse</strong></span> <span class='ocrx_word' id='word_1_137' title='bbox 783 1849 919 1913; x_wconf 89' lang='lat' dir='ltr'><strong>dicuntur,</strong></span> <span class='ocrx_word' id='word_1_138' title='bbox 948 1854 979 1898; x_wconf 91' lang='grc' dir='ltr'><strong>ιιι</strong></span> <span class='ocrx_word' id='word_1_139' title='bbox 997 1851 1126 1902; x_wconf 87' lang='lat' dir='ltr'><strong>navalem</strong></span> 
     </span>
     <span class='ocr_line' id='line_1_19' title="bbox 140 1936 1126 2000; baseline 0.007 -18"><span class='ocrx_word' id='word_1_140' title='bbox 140 1950 259 1999; x_wconf 82' lang='lat' dir='ltr'><strong>pugnam</strong></span> <span class='ocrx_word' id='word_1_141' title='bbox 279 1939 446 1998; x_wconf 86' lang='lat' dir='ltr'><strong>spectarent,</strong></span> <span class='ocrx_word' id='word_1_142' title='bbox 470 1950 581 1999; x_wconf 87' lang='lat' dir='ltr'><strong>prorsus</strong></span> <span class='ocrx_word' id='word_1_143' title='bbox 600 1940 674 1985; x_wconf 90' lang='lat' dir='ltr'><strong>recte</strong></span> <span class='ocrx_word' id='word_1_144' title='bbox 692 1941 830 1986; x_wconf 90' lang='lat' dir='ltr'><strong>narratum</strong></span> <span class='ocrx_word' id='word_1_145' title='bbox 851 1951 912 1985; x_wconf 87' lang='lat' dir='ltr'><strong>esse</strong></span> <span class='ocrx_word' id='word_1_146' title='bbox 929 1936 1033 2000; x_wconf 83' lang='lat' dir='ltr'><strong>iudico,</strong></span> <span class='ocrx_word' id='word_1_147' title='bbox 1062 1953 1126 1988; x_wconf 89' lang='lat' dir='ltr'><strong>cum</strong></span> 
     </span>
     <span class='ocr_line' id='line_1_20' title="bbox 139 2020 1127 2090; baseline 0.006 -22"><span class='ocrx_word' id='word_1_148' title='bbox 139 2020 220 2084; x_wconf 89' lang='lat' dir='ltr'><strong>plane</strong></span> <span class='ocrx_word' id='word_1_149' title='bbox 240 2021 385 2069; x_wconf 86' lang='lat' dir='ltr'><strong>conveniat</strong></span> <span class='ocrx_word' id='word_1_150' title='bbox 404 2022 501 2070; x_wconf 81' lang='lat' dir='ltr'><strong>anxiae</strong></span> <span class='ocrx_word' id='word_1_151' title='bbox 519 2021 562 2070; x_wconf 90' lang='lat' dir='ltr'><strong>illi</strong></span> <span class='ocrx_word' id='word_1_152' title='bbox 582 2022 787 2086; x_wconf 83' lang='lat' dir='ltr'><strong>exspectationi,</strong></span> <span class='ocrx_word' id='word_1_153' title='bbox 807 2027 934 2087; x_wconf 90' lang='lat' dir='ltr'><strong>quatum</strong></span> <span class='ocrx_word' id='word_1_154' title='bbox 955 2038 1057 2086; x_wconf 85' lang='lat' dir='ltr'><strong>omnes,</strong></span> <span class='ocrx_word' id='word_1_155' title='bbox 1078 2026 1127 2090; x_wconf 90' lang='lat' dir='ltr'><strong>qni</strong></span> 
     </span>
     <span class='ocr_line' id='line_1_21' title="bbox 139 2106 1124 2180; baseline 0.006 -26"><span class='ocrx_word' id='word_1_156' title='bbox 139 2107 168 2155; x_wconf 89' lang='lat' dir='ltr'><strong>in</strong></span> <span class='ocrx_word' id='word_1_157' title='bbox 192 2106 290 2171; x_wconf 92' lang='lat' dir='ltr'><strong>oppido</strong></span> <span class='ocrx_word' id='word_1_158' title='bbox 315 2113 517 2168; x_wconf 86' lang='lat' dir='ltr'><strong>remanserant,</strong></span> <span class='ocrx_word' id='word_1_159' title='bbox 544 2108 716 2160; x_wconf 88' lang='lat' dir='ltr'><strong>tenebantur.</strong></span> <span class='ocrx_word' id='word_1_160' title='bbox 746 2124 798 2158; x_wconf 88' lang='lat' dir='ltr'><strong>nec</strong></span> <span class='ocrx_word' id='word_1_161' title='bbox 816 2108 956 2174; x_wconf 85' lang='lat' dir='ltr'><strong>singulare</strong></span> <span class='ocrx_word' id='word_1_162' title='bbox 975 2109 1124 2180; x_wconf 83' lang='lat' dir='ltr'><strong>quidquam</strong></span> 
     </span>
     <span class='ocr_line' id='line_1_22' title="bbox 141 2192 1125 2261; baseline 0.006 -19"><span class='ocrx_word' id='word_1_163' title='bbox 141 2209 192 2242; x_wconf 90' lang='lat' dir='ltr'><strong>nec</strong></span> <span class='ocrx_word' id='word_1_164' title='bbox 217 2198 366 2243; x_wconf 88' lang='lat' dir='ltr'><strong>memoratu</strong></span> <span class='ocrx_word' id='word_1_165' title='bbox 391 2192 503 2258; x_wconf 81' lang='lat' dir='ltr'><strong>dignum</strong></span> <span class='ocrx_word' id='word_1_166' title='bbox 525 2195 635 2255; x_wconf 87' lang='lat' dir='ltr'><strong>fuisset,</strong></span> <span class='ocrx_word' id='word_1_167' title='bbox 662 2196 686 2245; x_wconf 89' lang='lat' dir='ltr'><strong>si</strong></span> <span class='ocrx_word' id='word_1_168' title='bbox 705 2195 786 2245; x_wconf 87' lang='lat' dir='ltr'><strong>otiosi</strong></span> <span class='ocrx_word' id='word_1_169' title='bbox 804 2194 883 2245; x_wconf 90' lang='lat' dir='ltr'><strong>modo</strong></span> <span class='ocrx_word' id='word_1_170' title='bbox 902 2210 1021 2261; x_wconf 80' lang='lat' dir='ltr'><strong>pugnam</strong></span> <span class='ocrx_word' id='word_1_171' title='bbox 1041 2211 1125 2248; x_wconf 86' lang='lat' dir='ltr'><strong>nara-</strong></span> 
     </span>
     <span class='ocr_line' id='line_1_23' title="bbox 141 2279 523 2344; baseline -0.003 -16"><span class='ocrx_word' id='word_1_172' title='bbox 141 2279 194 2329; x_wconf 89' lang='lat' dir='ltr'><strong>lem</strong></span> <span class='ocrx_word' id='word_1_173' title='bbox 214 2296 228 2330; x_wconf 90' lang='lat' dir='ltr'><strong>e</strong></span> <span class='ocrx_word' id='word_1_174' title='bbox 248 2281 326 2330; x_wconf 87' lang='lat' dir='ltr'><strong>tectis</strong></span> <span class='ocrx_word' id='word_1_175' title='bbox 346 2286 523 2344; x_wconf 83' lang='lat' dir='ltr'><strong>spectassent.</strong></span> 
     </span>
    </p>
   </div>
   <div class='ocr_carea' id='block_1_6' title="bbox 140 2390 1127 3578">
    <p class='ocr_par' dir='ltr' id='par_1_6' title="bbox 140 2390 1127 3578">
     <span class='ocr_line' id='line_1_24' title="bbox 245 2390 1126 2460; baseline 0.01 -22"><span class='ocrx_word' id='word_1_176' title='bbox 245 2408 266 2443; x_wconf 88' lang='lat' dir='ltr'><strong>c.</strong></span> <span class='ocrx_word' id='word_1_177' title='bbox 287 2392 327 2454; x_wconf 87' lang='grc'><strong>16,</strong></span> <span class='ocrx_word' id='word_1_178' title='bbox 349 2395 376 2442; x_wconf 94' lang='lat'><strong>1:</strong></span> <span class='ocrx_word' id='word_1_179' title='bbox 394 2391 501 2444; x_wconf 79' lang='lat' dir='ltr'><strong>uostris</strong></span> <span class='ocrx_word' id='word_1_180' title='bbox 520 2391 593 2444; x_wconf 74' lang='lat' dir='ltr'><strong>eram</strong></span> <span class='ocrx_word' id='word_1_181' title='bbox 613 2390 729 2460; x_wconf 77' lang='lat' dir='ltr'><strong>[palsas]</strong></span> <span class='ocrx_word' id='word_1_182' title='bbox 747 2407 834 2459; x_wconf 77' lang='lat' dir='ltr'><strong>raeque</strong></span> <span class='ocrx_word' id='word_1_183' title='bbox 852 2395 932 2444; x_wconf 85' lang='lat' dir='ltr'><strong>terra</strong></span> <span class='ocrx_word' id='word_1_184' title='bbox 949 2407 1036 2460; x_wconf 83' lang='lat' dir='ltr'><strong>rreqae</strong></span> <span class='ocrx_word' id='word_1_185' title='bbox 1048 2392 1126 2447; x_wconf 80' lang='lat' dir='ltr'><strong>mari</strong></span> 
     </span>
     <span class='ocr_line' id='line_1_25' title="bbox 141 2475 1125 2547; baseline 0.005 -19"><span class='ocrx_word' id='word_1_186' title='bbox 141 2475 274 2545; x_wconf 77' lang='lat' dir='ltr'><strong>effrrqr&#39;rrrr</strong></span> <span class='ocrx_word' id='word_1_187' title='bbox 288 2477 413 2531; x_wconf 81' lang='lat' dir='ltr'><strong>dabatur</strong></span> <span class='ocrx_word' id='word_1_188' title='bbox 426 2477 526 2547; x_wconf 68' lang='lat' dir='ltr'><strong>oictlsfl</strong></span> <span class='ocrx_word' id='word_1_189' title='bbox 547 2480 659 2529; x_wconf 81' lang='lat' dir='ltr'><strong>Diibner</strong></span> <span class='ocrx_word' id='word_1_190' title='bbox 672 2478 901 2529; x_wconf 83' lang='lat' dir='ltr'><strong>Forchhammero</strong></span> <span class='ocrx_word' id='word_1_191' title='bbox 916 2484 1029 2530; x_wconf 86' lang='lat' dir='ltr'><strong>auctore</strong></span> <span class='ocrx_word' id='word_1_192' title='bbox 1040 2478 1125 2534; x_wconf 76' lang='lat' dir='ltr'><strong>victis</strong></span> 
     </span>
     <span class='ocr_line' id='line_1_26' title="bbox 140 2562 1125 2631; baseline 0.005 -20"><span class='ocrx_word' id='word_1_193' title='bbox 140 2562 264 2628; x_wconf 81' lang='lat' dir='ltr'><strong>inclusit3</strong></span> <span class='ocrx_word' id='word_1_194' title='bbox 294 2566 340 2614; x_wconf 87' lang='lat' dir='ltr'><strong>scd</strong></span> <span class='ocrx_word' id='word_1_195' title='bbox 359 2564 455 2630; x_wconf 74' lang='lat' dir='ltr'><strong>uictis,</strong></span> <span class='ocrx_word' id='word_1_196' title='bbox 484 2573 514 2615; x_wconf 89' lang='lat' dir='ltr'><strong>ut</strong></span> <span class='ocrx_word' id='word_1_197' title='bbox 531 2564 688 2630; x_wconf 86' lang='lat' dir='ltr'><strong>Nipperdey</strong></span> <span class='ocrx_word' id='word_1_198' title='bbox 706 2564 861 2627; x_wconf 87' lang='lat' dir='ltr'><strong>adnotavit,</strong></span> <span class='ocrx_word' id='word_1_199' title='bbox 890 2571 917 2615; x_wconf 88' lang='lat' dir='ltr'><strong>et</strong></span> <span class='ocrx_word' id='word_1_200' title='bbox 940 2565 1075 2631; x_wconf 82' lang='lat' dir='ltr'><strong>positione</strong></span> <span class='ocrx_word' id='word_1_201' title='bbox 1097 2571 1125 2618; x_wconf 86' lang='lat' dir='ltr'><strong>et</strong></span> 
     </span>
     <span class='ocr_line' id='line_1_27' title="bbox 140 2650 1124 2724; baseline 0.007 -26"><span class='ocrx_word' id='word_1_202' title='bbox 140 2655 249 2715; x_wconf 89' lang='lat' dir='ltr'><strong>propter</strong></span> <span class='ocrx_word' id='word_1_203' title='bbox 268 2652 381 2701; x_wconf 88' lang='lat' dir='ltr'><strong>inferius</strong></span> <span class='ocrx_word' id='word_1_204' title='bbox 399 2650 553 2703; x_wconf 73' lang='lat' dir='ltr'><strong>uiatoribus</strong></span> <span class='ocrx_word' id='word_1_205' title='bbox 572 2656 659 2700; x_wconf 86' lang='lat' dir='ltr'><strong>tutum</strong></span> <span class='ocrx_word' id='word_1_206' title='bbox 678 2655 732 2714; x_wconf 80' lang='lat' dir='ltr'><strong>est3</strong></span> <span class='ocrx_word' id='word_1_207' title='bbox 762 2652 855 2715; x_wconf 88' lang='lat' dir='ltr'><strong>itaque</strong></span> <span class='ocrx_word' id='word_1_208' title='bbox 878 2657 910 2700; x_wconf 90' lang='lat' dir='ltr'><strong>ut</strong></span> <span class='ocrx_word' id='word_1_209' title='bbox 931 2656 1013 2702; x_wconf 87' lang='lat' dir='ltr'><strong>antea</strong></span> <span class='ocrx_word' id='word_1_210' title='bbox 1027 2650 1124 2724; x_wconf 75' lang='lat' dir='ltr'><strong>pulsis</strong></span> 
     </span>
     <span class='ocr_line' id='line_1_28' title="bbox 141 2734 1125 2803; baseline 0.007 -19"><span class='ocrx_word' id='word_1_211' title='bbox 141 2737 282 2788; x_wconf 90' lang='lat' dir='ltr'><strong>secludere</strong></span> <span class='ocrx_word' id='word_1_212' title='bbox 301 2738 394 2789; x_wconf 83' lang='lat' dir='ltr'><strong>malui.</strong></span> <span class='ocrx_word' id='word_1_213' title='bbox 413 2765 450 2776; x_wconf 90' lang='lat'><strong>-·</strong></span> <span class='ocrx_word' id='word_1_214' title='bbox 467 2739 490 2799; x_wconf 67' lang='grc' dir='ltr'><strong>ξ.</strong></span> <span class='ocrx_word' id='word_1_215' title='bbox 510 2739 539 2786; x_wconf 81' lang='lat'><strong>2:</strong></span> <span class='ocrx_word' id='word_1_216' title='bbox 564 2750 683 2803; x_wconf 75' lang='lat' dir='ltr'><strong>quarata</strong></span> <span class='ocrx_word' id='word_1_217' title='bbox 700 2735 727 2788; x_wconf 82' lang='lat' dir='ltr'><strong>sr&#39;</strong></span> <span class='ocrx_word' id='word_1_218' title='bbox 745 2734 794 2802; x_wconf 79' lang='lat' dir='ltr'><strong>qai</strong></span> <span class='ocrx_word' id='word_1_219' title='bbox 812 2740 865 2788; x_wconf 78' lang='lat' dir='ltr'><strong>aut</strong></span> <span class='ocrx_word' id='word_1_220' title='bbox 883 2736 977 2789; x_wconf 73' lang='lat' dir='ltr'><strong><em>aalaw</em></strong></span> <span class='ocrx_word' id='word_1_221' title='bbox 996 2741 1049 2790; x_wconf 76' lang='lat' dir='ltr'><strong>aut</strong></span> <span class='ocrx_word' id='word_1_222' title='bbox 1066 2737 1125 2791; x_wconf 70' lang='lat' dir='ltr'><strong>air-</strong></span> 
     </span>
     <span class='ocr_line' id='line_1_29' title="bbox 142 2820 1125 2891; baseline 0.005 -19"><span class='ocrx_word' id='word_1_223' title='bbox 142 2826 201 2873; x_wconf 83' lang='lat' dir='ltr'><strong>tate</strong></span> <span class='ocrx_word' id='word_1_224' title='bbox 219 2824 360 2885; x_wconf 83' lang='lat' dir='ltr'><strong>cessisset,</strong></span> <span class='ocrx_word' id='word_1_225' title='bbox 388 2822 505 2888; x_wconf 78' lang='lat' dir='ltr'><strong>reliquis</strong></span> <span class='ocrx_word' id='word_1_226' title='bbox 530 2822 615 2875; x_wconf 81' lang='lat' dir='ltr'><strong>etlam</strong></span> <span class='ocrx_word' id='word_1_227' title='bbox 639 2826 711 2874; x_wconf 85' lang='lat' dir='ltr'><strong>esset</strong></span> <span class='ocrx_word' id='word_1_228' title='bbox 738 2820 942 2891; x_wconf 69' lang='lat' dir='ltr'><strong>cedeadrrrafl</strong></span> <span class='ocrx_word' id='word_1_229' title='bbox 969 2822 1125 2877; x_wconf 73' lang='lat' dir='ltr'><strong>cedendam</strong></span> 
     </span>
     <span class='ocr_line' id='line_1_30' title="bbox 140 2906 1125 2976; baseline 0.005 -20"><span class='ocrx_word' id='word_1_230' title='bbox 140 2911 280 2972; x_wconf 86' lang='lat' dir='ltr'><strong>proposuit</strong></span> <span class='ocrx_word' id='word_1_231' title='bbox 298 2909 439 2959; x_wconf 87' lang='lat' dir='ltr'><strong>Fleischer</strong></span> <span class='ocrx_word' id='word_1_232' title='bbox 458 2909 476 2962; x_wconf 88' lang='lat'><strong>1.</strong></span> <span class='ocrx_word' id='word_1_233' title='bbox 494 2909 512 2958; x_wconf 89' lang='lat' dir='ltr'><strong>l.</strong></span> <span class='ocrx_word' id='word_1_234' title='bbox 531 2927 557 2974; x_wconf 91' lang='lat' dir='ltr'><strong>p.</strong></span> <span class='ocrx_word' id='word_1_235' title='bbox 576 2909 640 2976; x_wconf 76' lang='lat'><strong>8553</strong></span> <span class='ocrx_word' id='word_1_236' title='bbox 664 2909 727 2958; x_wconf 88' lang='lat' dir='ltr'><strong>libri</strong></span> <span class='ocrx_word' id='word_1_237' title='bbox 745 2906 901 2960; x_wconf 69' lang='lat' dir='ltr'><strong>cavendam</strong></span> <span class='ocrx_word' id='word_1_238' title='bbox 919 2908 1056 2971; x_wconf 85' lang='lat' dir='ltr'><strong>exhibent,</strong></span> <span class='ocrx_word' id='word_1_239' title='bbox 1074 2927 1125 2976; x_wconf 89' lang='lat' dir='ltr'><strong>pro</strong></span> 
     </span>
     <span class='ocr_line' id='line_1_31' title="bbox 141 2993 1125 3066; baseline 0.008 -25"><span class='ocrx_word' id='word_1_240' title='bbox 141 3008 194 3057; x_wconf 90' lang='lat' dir='ltr'><strong>quo</strong></span> <span class='ocrx_word' id='word_1_241' title='bbox 213 2993 371 3046; x_wconf 82' lang='lat' dir='ltr'><strong>cadcarlam</strong></span> <span class='ocrx_word' id='word_1_242' title='bbox 390 2994 433 3044; x_wconf 84' lang='lat' dir='ltr'><strong>edi</strong></span> <span class='ocrx_word' id='word_1_243' title='bbox 452 2994 529 3046; x_wconf 92' lang='lat' dir='ltr'><strong>solet.</strong></span> <span class='ocrx_word' id='word_1_244' title='bbox 548 3022 583 3032; x_wconf 91' lang='lat'>-</span> <span class='ocrx_word' id='word_1_245' title='bbox 600 2994 625 3060; x_wconf 62' lang='grc' dir='ltr'><strong>ἕ.</strong></span> <span class='ocrx_word' id='word_1_246' title='bbox 638 2994 667 3044; x_wconf 81' lang='lat'><strong>5:</strong></span> <span class='ocrx_word' id='word_1_247' title='bbox 685 3009 772 3060; x_wconf 75' lang='lat' dir='ltr'><strong>aeque</strong></span> <span class='ocrx_word' id='word_1_248' title='bbox 790 2993 897 3046; x_wconf 79' lang='lat' dir='ltr'><strong>electi</strong></span> <span class='ocrx_word' id='word_1_249' title='bbox 915 2993 955 3046; x_wconf 82' lang='lat' dir='ltr'><strong>ad</strong></span> <span class='ocrx_word' id='word_1_250' title='bbox 972 2993 1125 3066; x_wconf 69' lang='lat' dir='ltr'><strong>virtatem]</strong></span> 
     </span>
     <span class='ocr_line' id='line_1_32' title="bbox 141 3074 1124 3146; baseline 0.005 -18"><span class='ocrx_word' id='word_1_251' title='bbox 141 3074 219 3128; x_wconf 82' lang='lat' dir='ltr'><strong>electr&#39;</strong></span> <span class='ocrx_word' id='word_1_252' title='bbox 247 3083 276 3127; x_wconf 88' lang='lat' dir='ltr'><strong>ut</strong></span> <span class='ocrx_word' id='word_1_253' title='bbox 304 3086 384 3129; x_wconf 87' lang='lat' dir='ltr'><strong>antea</strong></span> <span class='ocrx_word' id='word_1_254' title='bbox 412 3096 473 3129; x_wconf 91' lang='lat' dir='ltr'><strong>cum</strong></span> <span class='ocrx_word' id='word_1_255' title='bbox 501 3079 647 3130; x_wconf 83' lang='lat' dir='ltr'><strong>Oiacconio</strong></span> <span class='ocrx_word' id='word_1_256' title='bbox 675 3087 702 3130; x_wconf 87' lang='lat' dir='ltr'><strong>et</strong></span> <span class='ocrx_word' id='word_1_257' title='bbox 725 3081 838 3130; x_wconf 89' lang='lat' dir='ltr'><strong>Davisio</strong></span> <span class='ocrx_word' id='word_1_258' title='bbox 863 3081 969 3146; x_wconf 87' lang='lat' dir='ltr'><strong>scripsi.</strong></span> <span class='ocrx_word' id='word_1_259' title='bbox 1000 3081 1032 3135; x_wconf 85' lang='lat' dir='ltr'><strong>cf.</strong></span> <span class='ocrx_word' id='word_1_260' title='bbox 1052 3081 1124 3133; x_wconf 79' lang='lat' dir='ltr'><strong>infra</strong></span> 
     </span>
     <span class='ocr_line' id='line_1_33' title="bbox 141 3163 1125 3234; baseline 0.006 -20"><span class='ocrx_word' id='word_1_261' title='bbox 141 3165 224 3227; x_wconf 72' lang='lat' dir='ltr'><strong>cdo,</strong></span> <span class='ocrx_word' id='word_1_262' title='bbox 245 3166 272 3214; x_wconf 87' lang='lat'><strong>1:</strong></span> <span class='ocrx_word' id='word_1_263' title='bbox 300 3163 467 3218; x_wconf 77' lang='lat' dir='ltr'><strong>electissima</strong></span> <span class='ocrx_word' id='word_1_264' title='bbox 491 3165 645 3219; x_wconf 76' lang='lat' dir='ltr'><strong>multitado</strong></span> <span class='ocrx_word' id='word_1_265' title='bbox 668 3166 940 3220; x_wconf 72' lang='lat' dir='ltr'><strong>Alexandrinorum.</strong></span> <span class='ocrx_word' id='word_1_266' title='bbox 966 3167 1031 3218; x_wconf 89' lang='lat' dir='ltr'><strong>libri</strong></span> <span class='ocrx_word' id='word_1_267' title='bbox 1048 3166 1125 3234; x_wconf 65' lang='lat' dir='ltr'><strong>flecti</strong></span> 
     </span>
     <span class='ocr_line' id='line_1_34' title="bbox 141 3251 1127 3323; baseline 0.005 -23"><span class='ocrx_word' id='word_1_268' title='bbox 141 3251 256 3314; x_wconf 86' lang='lat' dir='ltr'><strong>habent,</strong></span> <span class='ocrx_word' id='word_1_269' title='bbox 284 3252 356 3301; x_wconf 87' lang='lat' dir='ltr'><strong>unde</strong></span> <span class='ocrx_word' id='word_1_270' title='bbox 380 3253 531 3303; x_wconf 87' lang='lat' dir='ltr'><strong>Beroaldus</strong></span> <span class='ocrx_word' id='word_1_271' title='bbox 554 3253 621 3319; x_wconf 71' lang='lat' dir='ltr'><strong>flexi</strong></span> <span class='ocrx_word' id='word_1_272' title='bbox 647 3255 749 3316; x_wconf 86' lang='lat' dir='ltr'><strong>effecit,</strong></span> <span class='ocrx_word' id='word_1_273' title='bbox 777 3254 849 3320; x_wconf 87' lang='lat' dir='ltr'><strong>quod</strong></span> <span class='ocrx_word' id='word_1_274' title='bbox 867 3255 950 3304; x_wconf 88' lang='lat' dir='ltr'><strong>etiam</strong></span> <span class='ocrx_word' id='word_1_275' title='bbox 968 3253 1127 3323; x_wconf 74' lang='lat' dir='ltr'><strong>Nipperdey</strong></span> 
     </span>
     <span class='ocr_line' id='line_1_35' title="bbox 142 3339 1125 3406; baseline 0.005 -21"><span class='ocrx_word' id='word_1_276' title='bbox 142 3339 262 3388; x_wconf 87' lang='lat' dir='ltr'><strong>retinuit.</strong></span> <span class='ocrx_word' id='word_1_277' title='bbox 282 3345 376 3389; x_wconf 88' lang='lat' dir='ltr'><strong>contra</strong></span> <span class='ocrx_word' id='word_1_278' title='bbox 396 3339 467 3389; x_wconf 89' lang='lat' dir='ltr'><strong>hanc</strong></span> <span class='ocrx_word' id='word_1_279' title='bbox 485 3341 647 3404; x_wconf 84' lang='lat' dir='ltr'><strong>scripturam</strong></span> <span class='ocrx_word' id='word_1_280' title='bbox 666 3342 694 3389; x_wconf 89' lang='lat' dir='ltr'><strong>in</strong></span> <span class='ocrx_word' id='word_1_281' title='bbox 713 3341 803 3406; x_wconf 87' lang='lat' dir='ltr'><strong>priore</strong></span> <span class='ocrx_word' id='word_1_282' title='bbox 823 3341 942 3390; x_wconf 88' lang='lat' dir='ltr'><strong>editione</strong></span> <span class='ocrx_word' id='word_1_283' title='bbox 956 3354 1125 3404; x_wconf 77' lang='lat' dir='ltr'><strong>monueram,</strong></span> 
     </span>
     <span class='ocr_line' id='line_1_36' title="bbox 140 3423 1126 3492; baseline 0.003 -16"><span class='ocrx_word' id='word_1_284' title='bbox 140 3423 227 3490; x_wconf 73' lang='lat' dir='ltr'><strong>flexas</strong></span> <span class='ocrx_word' id='word_1_285' title='bbox 253 3426 287 3475; x_wconf 92' lang='lat' dir='ltr'><strong>ad</strong></span> <span class='ocrx_word' id='word_1_286' title='bbox 310 3426 438 3475; x_wconf 86' lang='lat' dir='ltr'><strong>virtutem</strong></span> <span class='ocrx_word' id='word_1_287' title='bbox 457 3441 512 3475; x_wconf 89' lang='lat' dir='ltr'><strong>non</strong></span> <span class='ocrx_word' id='word_1_288' title='bbox 531 3427 585 3475; x_wconf 87' lang='lat' dir='ltr'><strong>nisi</strong></span> <span class='ocrx_word' id='word_1_289' title='bbox 604 3441 650 3476; x_wconf 89' lang='lat' dir='ltr'><strong>eos</strong></span> <span class='ocrx_word' id='word_1_290' title='bbox 675 3426 730 3476; x_wconf 91' lang='lat' dir='ltr'><strong>dici</strong></span> <span class='ocrx_word' id='word_1_291' title='bbox 756 3426 890 3492; x_wconf 86' lang='lat' dir='ltr'><strong>potuisse,</strong></span> <span class='ocrx_word' id='word_1_292' title='bbox 919 3426 967 3490; x_wconf 87' lang='lat' dir='ltr'><strong>qui</strong></span> <span class='ocrx_word' id='word_1_293' title='bbox 990 3430 1072 3477; x_wconf 76' lang='lat' dir='ltr'><strong>antea</strong></span> <span class='ocrx_word' id='word_1_294' title='bbox 1093 3441 1126 3479; x_wconf 74' lang='grc' dir='ltr'>ιο</span> 
     </span>
     <span class='ocr_line' id='line_1_37' title="bbox 141 3509 1125 3578; baseline 0.005 -18"><span class='ocrx_word' id='word_1_295' title='bbox 141 3525 251 3562; x_wconf 88' lang='lat' dir='ltr'><strong>aversos</strong></span> <span class='ocrx_word' id='word_1_296' title='bbox 265 3527 281 3561; x_wconf 90' lang='lat' dir='ltr'><strong>a</strong></span> <span class='ocrx_word' id='word_1_297' title='bbox 294 3511 393 3561; x_wconf 89' lang='lat' dir='ltr'><strong>virtute</strong></span> <span class='ocrx_word' id='word_1_298' title='bbox 413 3517 440 3561; x_wconf 86' lang='lat' dir='ltr'><strong>et</strong></span> <span class='ocrx_word' id='word_1_299' title='bbox 459 3511 573 3578; x_wconf 83' lang='lat' dir='ltr'><strong>ignavos</strong></span> <span class='ocrx_word' id='word_1_300' title='bbox 590 3511 806 3576; x_wconf 67' lang='lat' dir='ltr'><strong>praestitissent,</strong></span> <span class='ocrx_word' id='word_1_301' title='bbox 824 3511 878 3561; x_wconf 84' lang='lat' dir='ltr'><strong>huc</strong></span> <span class='ocrx_word' id='word_1_302' title='bbox 890 3509 1031 3574; x_wconf 79' lang='lat' dir='ltr'><strong>accedere,</strong></span> <span class='ocrx_word' id='word_1_303' title='bbox 1049 3511 1125 3578; x_wconf 79' lang='lat' dir='ltr'><strong>quod</strong></span> 
     </span>
    </p>
   </div>
   <div class='ocr_carea' id='block_1_7' title="bbox 0 0 1194 3924">
    <p class='ocr_par' dir='ltr' id='par_1_7' title="bbox 0 0 1194 3924">
     <span class='ocr_line' id='line_1_38' title="bbox 0 0 1194 3924; baseline 0 0"><span class='ocrx_word' id='word_1_304' title='bbox 0 0 1194 3924; x_wconf 95' lang='lat' dir='ltr'><strong> </strong></span> 
     </span>
    </p>
   </div>
  </div>
 </body>
</html>
