2376 3924
125 225 188 291 206
435 224 485 275 uu
503 223 624 276 annno
645 222 803 276 omnmo

92 430 117 470 1⁰
125 416 335 502 provinciam
348 415 516 502 expellere
527 422 676 501 possent.
694 415 802 497 Quam
810 415 854 481 ad
864 436 956 501 spem
963 416 1103 482 multum

127 542 183 585 eos
207 518 404 602 adiuvabat,
427 520 516 606 quod
531 519 636 604 Liger
660 542 702 585 ex
724 519 860 585 nivibus
876 529 1044 604 creverat,
1068 528 1103 584 ut

126 625 258 688 omnino
281 623 369 688 vado
392 645 459 688 non
481 644 580 709 posse
602 625 743 688 transiri
765 623 947 689 videretur.

210 725 261 791 56.
287 726 418 809 Quibus
441 727 541 794 rebus
557 729 704 811 cognitis
722 725 849 794 Caesar
864 728 1104 794 maturandum

126 831 192 897 sibi
208 834 350 915 censuit,
367 833 395 897 si
409 840 498 896 esset
514 833 548 897 in
565 832 779 919 perficiendis
795 831 953 918 pontibus
970 832 1104 918 pericli·

126 935 276 1019 tandum,
297 944 335 1001 ut
359 937 462 1021 prius,
486 957 586 1021 quam
611 945 723 1001 essent
747 937 890 1001 maiorer
908 958 946 1001 eo
962 945 1105 1001 coactae

105 1040 254 1124 ²copiae,
279 1039 465 1104 dimicaret.
489 1040 575 1104 Nam
597 1049 636 1105 ut
658 1047 861 1105 commutato
878 1039 1023 1106 consilio
1040 1041 1105 1105 iter

126 1143 160 1205 in
183 1143 393 1227 provinciam
416 1151 639 1223 converteret,
663 1151 700 1206 ut
723 1165 766 1207 ne
788 1152 880 1208 metu
896 1142 1032 1229 quidem
1047 1165 1104 1209 ne·

126 1247 275 1310 cessario
291 1245 486 1312 faciundum
502 1246 732 1330 existimabat,
755 1268 830 1312 cum
845 1247 986 1313 infamia
1001 1255 1105 1332 atque

127 1348 314 1432 indignitas
331 1351 381 1414 rei
394 1358 426 1414 et
440 1351 612 1435 oppositus
625 1348 888 1415 monsOevenna
905 1351 1105 1436 viarumque

127 1451 308 1518 difficultas
333 1452 548 1539 impediebat,
572 1463 642 1519 tum
658 1454 813 1537 maxime,
837 1452 927 1538 quod
942 1452 1104 1520 abiuncto

125 1556 279 1622 Labieno
309 1566 409 1643 atque
439 1558 480 1621 iis
509 1556 713 1641 legionibus
749 1578 832 1642 quas
861 1579 929 1622 una
952 1558 1105 1642 miserat,

106 1662 341 1727 evehementer
356 1661 508 1726 timebat.
531 1662 651 1747 ltaque
667 1661 847 1728 admodum
863 1661 996 1745 magnis
1014 1660 1104 1727 diur-

125 1767 179 1830 nis
194 1767 434 1851 nocturnisque
450 1764 626 1830 itineribus
643 1766 805 1830 confectis
821 1774 941 1831 contra
956 1765 1105 1832 omnium

105 1871 318 1955 ropinionem
341 1868 566 1952 adLigerem
589 1871 683 1935 venit
706 1869 861 1955 vadoque
890 1890 951 1955 per
973 1871 1105 1956 equites

127 1975 263 2039 invento
286 1995 346 2059 pro
370 1974 419 2038 rei
441 1975 647 2039 necessitate
670 1983 868 2060 opportuno,
901 1981 938 2038 ut
961 1972 1105 2040 brachia

126 2077 224 2143 modo
248 2086 350 2163 atque
372 2079 480 2142 umeri
503 2076 548 2142 ad
577 2076 776 2143 sustinenda
807 2099 901 2143 arma
929 2075 1030 2142 liberi
1060 2076 1105 2142 ab

127 2203 216 2268 aqua
238 2202 312 2246 esre
334 2189 482 2266 possent,
500 2179 663 2266 disposito
688 2182 851 2266 equitatu,
875 2180 932 2266 qui
954 2180 1023 2244 vim
1045 2179 1105 2245 flu·

126 2285 226 2349 minis
255 2283 465 2368 refringeret,
500 2292 601 2369 atquc
634 2281 788 2348 hortibus
821 2283 928 2368 primo
963 2292 1106 2371 aspectu

105 2388 332 2473 aperturbatis
356 2386 557 2453 incolumem
582 2387 765 2453 exercitum
788 2385 943 2452 traduxit
958 2385 1105 2453 frumen·

127 2501 263 2578 tumque
287 2494 319 2557 in
344 2493 438 2575 agris
462 2501 495 2556 et
518 2492 652 2577 pecoris
675 2491 807 2576 copiam
828 2499 950 2556 nactus
973 2488 1104 2576 repleto

126 2594 178 2658 bis
203 2594 303 2660 rebus
326 2595 479 2660 exercitu
503 2595 569 2659 iter
591 2594 625 2659 in
643 2592 792 2659 Senones
815 2594 928 2659 facere
944 2594 1104 2660 instituit.

212 2697 264 2762 57.
280 2698 369 2763 Dum
385 2698 469 2765 haec
486 2698 576 2785 apud
588 2695 768 2764 Gaesarem
784 2696 1105 2782 garumna-Labie·

126 2823 190 2866 nus
214 2823 251 2865 eo
276 2801 517 2887 supplemento,
541 2801 631 2887 quod
652 2823 759 2887 nuper
774 2823 817 2866 ex
832 2801 936 2867 Italia
952 2810 1104 2886 venerat,

127 2904 245 2970 relicto
269 2902 448 2987 Agedinci,
476 2912 514 2968 ut
538 2911 628 2968 esset
650 2903 898 2990 impedimentis
922 2904 1105 2990 praesidio,

127 3030 202 3073 cum
226 3016 384 3093 quattuor
406 3005 595 3090 legionibus
611 3006 784 3073 Lutetiam
807 3008 1040 3092 proficiscitur.
1063 3006 1106 3074 Id

128 3121 180 3178 est
196 3110 355 3197 oppidum
369 3110 585 3193 Parisiorum,
603 3110 692 3197 quod
710 3112 857 3197 positum
872 3121 923 3179 est
937 3112 974 3178 in
989 3109 1104 3178 insula
1133 3141 1137 3149 ·

106 3215 271 3281 afluminis
295 3212 481 3300 Sequanae.
504 3212 608 3279 Cuius
632 3214 781 3280 adventu
805 3214 849 3280 ab
872 3214 1026 3281 hostibus
1048 3236 1104 3283 co·

127 3321 222 3403 gnito
245 3338 389 3401 magnae
408 3340 451 3382 cx
465 3318 617 3383 finitimis
634 3318 831 3384 civitatibus
847 3320 966 3405 copiae
980 3338 1104 3385 convo·

105 3432 259 3489 inerunt.
272 3421 544 3508 Summaimperii
556 3421 704 3488 traditur
711 3421 938 3507 Camulogeno
946 3420 1104 3508 Aulerco,

127 3529 183 3613 qui
197 3548 300 3613 prope
312 3525 485 3593 confectus
498 3533 612 3592 aetate
622 3535 735 3591 tamen
747 3535 884 3615 proptor
895 3520 1105 3611 singularem
