2376 3924
160 236 224 302 270
494 231 604 284 snum
621 229 795 282 ureretur

160 448 252 491 eessu
285 447 359 490 eum
395 425 553 490 universis
591 424 689 509 copiis
723 445 781 507 per
815 423 926 508 iugum
960 421 1135 486 Caesarem

159 529 311 613 subsequi
334 530 439 614 eoepit
460 536 558 612 atque
580 527 622 591 ab
646 528 713 591 eius
736 529 849 590 eastris
871 525 957 590 milia
980 547 1135 610 passuum

160 651 195 696 vl
217 632 311 717 longe
333 633 424 696 trinis
448 633 560 696 castris
584 630 758 716 dispertitis
781 631 879 714 copiis
903 629 1056 693 consedit.

244 736 294 800 68.
320 734 484 820 Oppidum
507 743 577 798 erat
592 734 682 815 Zeta,
707 732 794 817 quod
818 732 932 797 aberat
948 756 967 795 a
983 734 1134 818 Scipione

157 839 244 902 milia
273 860 427 924 passuum
449 855 483 918 X,
512 836 555 900 ad
584 838 652 901 eius
680 839 846 920 regionem
875 845 907 899 et
934 845 1059 921 partem
1083 859 1133 900 ea·

157 951 298 1006 strerum
319 940 518 1024 collocatum,
548 963 568 1003 a
590 939 730 1004 Caesare
764 948 872 1004 autem
906 939 1071 1003 diversum
1094 962 1134 1004 ae

157 1055 325 1125 remotum,
350 1043 436 1128 quod
459 1053 530 1108 erat
545 1044 586 1108 ab
602 1065 640 1107 eo
656 1043 749 1128 longe
766 1042 852 1106 milia
871 1064 1026 1128 passuum
1041 1060 1131 1106 xun.

46 1212 51 1221 ,
157 1148 232 1211 Huc
254 1148 361 1231 Scipio
384 1146 525 1232 legiones
548 1146 629 1211 duas
652 1147 871 1211 frumentandi
900 1149 1006 1232 gratia
1034 1149 1130 1211 misit.

135 1250 253 1332 rQuod
278 1258 448 1335 postquam
464 1249 585 1314 Caesar
608 1272 650 1315 ex
673 1251 810 1336 perfuga
833 1252 993 1334 cognovit,
1017 1252 1131 1314 castris

156 1376 199 1418 ex
221 1376 335 1438 eampo
357 1354 391 1417 in
414 1351 526 1418 collem
556 1375 594 1416 ac
622 1355 741 1417 tutiora
774 1353 844 1418 loca
877 1352 999 1417 cellatis
1032 1364 1131 1438 atque

87 1534 92 1543 ¹
155 1457 206 1521 ibi
233 1456 393 1542 praesidio
427 1456 537 1521 relicto
574 1459 642 1541 ipse
681 1465 797 1540 quarta
834 1456 943 1541 vigilia
981 1479 1131 1540 egressus

155 1570 283 1646 praeter
316 1560 455 1624 bestium
489 1568 596 1624 eastra
628 1560 841 1645 proficiscitur
874 1582 948 1623 eum
977 1562 1075 1645 copiis
1099 1571 1132 1625 et

132 1664 309 1749 toppidum
338 1666 466 1748 potitur.
512 1665 673 1748 Legiones
697 1665 853 1748 Scipionis
881 1666 1037 1749 compelit
1066 1664 1130 1729 lon-

153 1768 225 1850 gius
247 1769 280 1831 in
303 1770 389 1851 agris
405 1768 595 1831 frumentari
611 1775 652 1847 et,
676 1790 750 1831 cum
765 1789 802 1831 ee
819 1767 1014 1832 contendere
1037 1791 1130 1833 eona-

152 1879 251 1953 retur,
289 1870 519 1936 animadvertit
555 1873 663 1955 copias
697 1871 836 1935 hostium
869 1871 918 1935 his
950 1870 1130 1956 legionibus

153 1994 322 2038 occurrere
345 1977 516 2060 suppetias.
542 1975 635 2056 Quae
658 1997 710 2038 res
726 1977 794 2038 eius
816 1976 971 2060 impetum
985 1975 1129 2040 retarda-

131 2078 208 2140 svit.
232 2077 348 2162 Itaque
372 2088 465 2163 capto
482 2077 517 2143 Ο.
531 2078 673 2142 Minucio
689 2080 823 2162 Regino,
848 2081 955 2165 equite
971 2082 1128 2163 Romane,

153 2182 310 2266 Scipionis
333 2181 589 2265 familiarissime,
627 2185 683 2267 qui
705 2186 734 2248 ei
757 2183 874 2270 oppido
903 2195 1061 2269 praeerat,
1097 2197 1130 2251 et

152 2286 187 2349 P.
212 2284 315 2367 Atrio,
353 2288 460 2370 equite
483 2288 628 2351 Romano
659 2286 699 2352 de
722 2297 884 2352 conventu
917 2290 1072 2371 Uticensi,
1097 2300 1129 2355 et

153 2388 282 2451 camelis
306 2406 382 2452 xxu
405 2391 491 2474 regis
513 2389 671 2472 abductis,
696 2391 856 2476 praesidio
871 2392 916 2456 ibi
932 2413 1006 2456 cum
1022 2395 1128 2479 Oppio

151 2489 256 2574 legato
280 2492 390 2557 relicto
414 2496 482 2580 ipse
505 2516 539 2559 se
562 2497 706 2580 recipere
730 2499 836 2583 eoepit
857 2497 900 2562 ad
924 2506 1040 2562 castra.

237 2595 287 2659 69.
312 2595 394 2660 Cum
417 2599 481 2661 iam
503 2620 568 2662 non
598 2597 692 2684 longe
715 2624 735 2664 a
757 2603 870 2665 eastris
893 2602 1050 2686 Scipionis
1073 2602 1127 2666 ab·

151 2708 244 2781 esset,
268 2721 443 2784 quaecum
457 2723 590 2767 neeesse
613 2712 683 2767 erat
705 2703 936 2788 praetergredi,
960 2705 1127 2770 Labienus

150 2802 370 2889 Afraniusque
394 2828 467 2869 cum
502 2809 587 2870 omni
621 2809 767 2892 equitatu
801 2808 926 2892 levique
961 2819 1127 2875 armatura

150 2928 192 2968 ex
215 2907 337 2971 insidiis
371 2907 476 2972 adorti
509 2912 630 2995 agmini
665 2914 733 2976 eius
762 2921 907 2977 extremo
930 2934 964 2977 se
987 2913 1127 2978 offerunt

129 3017 247 3092 ratque
271 3032 313 3073 ex
336 3010 469 3075 collibus
492 3016 603 3098 primis
626 3017 795 3079 exsistunt.
834 3014 931 3097 Quod
953 3026 1126 3101 postquam

150 3109 270 3175 Caesar
293 3113 531 3198 animadvertit,
555 3117 717 3202 equitibus
740 3119 805 3182 suis
827 3118 966 3182 hostium
981 3122 1013 3183 vi
1030 3142 1125 3206 oppo-

150 3217 217 3279 sitis
240 3217 383 3280 sarcinas
407 3217 597 3302 legionaries
620 3221 653 3284 in
682 3242 836 3285 acervum
863 3219 954 3285 iubet
982 3244 1124 3307 compor-

127 3327 218 3382 ⁸tare
252 3328 350 3405 atque
384 3321 530 3386 celeriter
552 3324 645 3408 signa
673 3323 819 3388 hostibus
852 3323 981 3388 inferre.
1027 3325 1124 3406 Quod

149 3431 322 3507 postquam
345 3435 494 3510 coeptum
517 3435 565 3490 est
587 3426 668 3511 fieri,
692 3429 795 3513 prim0
818 3429 941 3513 impetu
962 3427 1124 3513 legionum

144 3527 310 3609 equitatus
333 3537 366 3593 et
393 3527 473 3594 levis
506 3538 672 3595 armatura
704 3530 844 3596 hostium
876 3529 962 3597 nulle
995 3534 1124 3616 negotio
