2376 3924
260 233 311 281 ΔΙ)
331 231 431 283 CAES.
449 232 554 282 BELL.
572 230 643 281 ΟΠ.
661 232 712 292 111,
729 232 841 282 ecs-46.
910 232 1037 283 XXXVII
1084 306 1089 314 1

162 439 185 472 c.
204 421 253 486 4⁰,
276 421 306 469 4:
333 419 479 486 eudemone
505 424 626 487 tenpore
652 434 687 472 ea
713 417 805 471 allero
828 425 914 488 parte
940 420 1034 474 nalem

57 506 247 574 temptauit
268 505 431 559 naturalem
449 505 602 576 Mun]
629 507 776 574 temptauit
794 510 890 575 scripsi
908 514 1036 559 utentes

57 610 107 661 pro
135 594 235 644 trudito
262 593 368 659 tenuit,
394 595 501 644 restitui
524 609 589 644 reru
615 592 791 660 naturalem,
816 611 865 660 pro
883 609 937 659 quo
954 600 1036 644 antea

57 684 168 732 natura
185 695 335 746 posueram.
353 680 508 745 Nipperdey
524 678 607 732 male
624 680 725 732 tenni
740 677 967 733 naturaliter
986 678 1037 731 ab·

57 765 153 819 lecta
172 765 346 817 scribendum
364 781 424 816 esse
442 766 557 830 putarit,
575 767 648 833 quod
664 767 772 817 Kmner
788 768 898 832 recepit.
926 766 957 815 F.
970 765 1037 815 Hei·

58 867 143 902 mann
161 858 188 903 et
205 853 320 902 Dribner
339 852 471 902 librorum
495 854 656 917 scripturam
680 855 858 904 retinuerunt
875 880 911 890 -
928 853 979 903 ib.:
1006 851 1038 903 r'n

58 936 223 990 interiorem
240 936 400 1006 portam]
424 954 491 989 corr.
509 939 734 1004 Forohhsmmer3
758 938 836 991 codd.
858 943 970 1006 purten
992 955 1038 988 ex-

58 1023 163 1076 hibent.

164 1126 187 1159 c.
211 1110 259 1171 41,
288 1114 319 1159 1:
352 1108 394 1178 [in
423 1108 635 1177 Macedoniam]
667 1111 812 1162 delendum
842 1126 917 1173 esse,
945 1110 1038 1161 docuit

58 1195 282 1246 Forehhummer.

164 1297 188 1332 c.
205 1282 248 1343 44,
267 1284 296 1331 4:
324 1286 409 1348 utque
426 1287 460 1334 nt
477 1282 571 1334 nostri
585 1286 725 1349 perpetua
748 1282 905 1336 munitione
923 1282 1038 1350 prori-

60 1367 193 1421 debant
212 1365 367 1434 [padusia
384 1382 418 1419 ea
436 1366 559 1420 castellis
577 1367 608 1418 in
622 1367 758 1435 proxima
775 1368 913 1437 castellu],
932 1385 968 1422 ne
986 1384 1039 1436 aaa

60 1453 119 1506 loco
143 1457 320 1520 mamperatt
341 1453 508 1521 Pompeiani
532 1469 566 1506 ac
588 1457 701 1505 nostrus
720 1458 788 1520 post
812 1459 917 1522 terpnm
942 1454 1038 1507 adau-

59 1544 161 1592 rentar
186 1537 356 1607 [timebant],
383 1538 427 1590 ita
454 1538 498 1590 elli
521 1554 542 1591 e.
561 1554 585 1605 a.
604 1537 645 1608 sl}
673 1540 749 1592 codd.
771 1539 905 1592 ridebant
928 1541 1038 1601 habent,

59 1642 109 1692 pro
129 1642 182 1691 quo
200 1627 249 1676 alii
267 1626 344 1676 aliud
355 1627 468 1677 verbum
483 1631 682 1691 proposuerunt
700 1625 858 1694 (habebant,
877 1627 1039 1697 ieertpebant,

60 1710 234 1779 eaebtbebant,
254 1711 406 1775 addebant,
425 1714 491 1779 quin
510 1715 592 1764 etism
609 1712 776 1766 nitebantur
794 1721 821 1765 et
838 1715 963 1780 similis);
981 1717 1040 1780 ipse

61 1798 139 1860 olim,
167 1804 197 1847 ut
216 1800 329 1849 verbum
353 1797 489 1851 timebant
511 1814 528 1849 e
545 1799 652 1850 Fuernu
672 1800 790 1851 deletum
808 1806 906 1861 tuerer,
925 1802 1038 1866 scripse

60 1901 134 1936 rum:
164 1890 247 1952 atque
268 1890 301 1937 at
323 1885 417 1938 reastrl
435 1885 589 1953 perpe'taas
612 1885 783 1938 munitiones
804 1885 960 1940 reddebant
974 1903 1040 1955 per-

60 1971 165 2025 ductas
183 1986 218 2024 en
239 1970 363 2025 castellis
381 1972 413 2023 in
427 1972 562 2038 proxima
585 1971 715 2038 castella,
743 1971 833 2037 quod
854 1988 890 2025 ne
910 1972 1040 2040 qualeae

61 2061 238 2125 dampnati
261 2058 429 2126 Parnpeiani
452 2074 486 2111 ac
510 2063 623 2111 erusteus
644 2064 711 2127 post
730 2064 836 2128 tapsum
855 2058 1041 2112 adorirentur

61 2144 206 2212 timebant,
224 2144 266 2198 sic
283 2144 328 2197 illl
345 2161 367 2198 e.
386 2161 410 2212 q.
428 2161 466 2214 3.,·
491 2146 539 2196 sed
557 2163 618 2197 eum
636 2149 695 2198 iure
713 2148 848 2198 monuerit
865 2147 942 2197 Koch
960 2149 1040 2212 (Mus.

60 2231 113 2282 Rh.
137 2232 188 2295 XI,
216 2250 242 2299 p.
267 2233 342 2298 639),
372 2233 458 2284 verbs
481 2231 623 2300 percincta
649 2247 684 2285 ea
707 2231 831 2286 castellis
854 2231 886 2284 ln
906 2232 1039 2301 prasina

61 2317 179 2371 castella
198 2335 231 2368 ex
254 2334 277 2369 c.
296 2319 345 2383 43,
364 2321 380 2368 2
407 2319 461 2369 hue
483 2321 589 2370 intrusa
613 2334 687 2381 esse,
715 2320 750 2369 ud
767 2324 859 2385 partes
878 2320 936 2368 eius
954 2324 1041 2369 truns-

62 2421 171 2470 gressus
189 2405 334 2456 lectionem
353 2405 387 2455 eb
406 2421 438 2455 ea
456 2407 622 2472 propositam
641 2406 740 2471 recepi.
757 2432 793 2442 —
810 2407 834 2468 ξ.
853 2407 882 2455 6:
900 2419 1040 2471 cumane

61 2495 146 2543 nant
164 2489 225 2544 bea
238 2491 357 2546 Caesari
374 2489 532 2560 capienda]
551 2505 666 2558 manaae
684 2491 789 2557 scripsi,
808 2492 899 2557 agitur
916 2492 989 2541 enim
1007 2491 1040 2542 de

62 2593 92 2628 re
111 2579 241 2644 repetite3
259 2578 343 2644 vulgo
361 2583 391 2628 ut
408 2579 474 2628 libri
491 2578 594 2628 hubent
611 2592 683 2643 qaae
700 2592 771 2629 celan

166 2680 190 2715 e.
207 2666 249 2725 lo,
269 2666 297 2714 6:
324 2663 351 2716 sl
373 2662 435 2715 sine
457 2662 580 2715 manino
605 2661 770 2714 detrnnento
796 2661 950 2730 leplones
973 2660 1040 2714 Cae·

62 2748 140 2802 sanis
158 2763 216 2802 sese
233 2749 418 2816 recepissent
435 2749 510 2816 inde,
528 2763 581 2816 aaa
600 2754 698 2802 temere
716 2752 823 2801 essent
837 2746 1040 2817 preaesens]

63 2840 144 2886 entes
162 2851 224 2886 eum
243 2835 388 2886 Oisoconio
407 2842 434 2887 et
451 2836 616 2902 Nipperdeio
640 2834 806 2901 singularem
828 2849 983 2896 numerum,
1011 2840 1041 2884 ut

64 2921 166 2972 dietum
184 2937 245 2972 cum
264 2921 336 2972 iacto
356 2923 521 2984 conveniret,
539 2937 696 2987 posuersm3
716 2920 764 2971 sed
782 2936 844 2970 cum
861 2921 890 2969 iu
909 2921 1042 2970 eiusmodi

64 3007 152 3070 dictis,
170 3012 200 3057 ut
216 3008 331 3058 Diibner
348 3007 467 3070 adnotet,
486 3001 644 3058 ‘sescenties
663 3023 714 3058 neo
733 3008 791 3057 sine
809 3007 838 3056 vi
856 3005 890 3056 ad
908 3007 1041 3072 pluralem

64 3109 206 3144 numerum
223 3087 411 3159 transeamus',
429 3096 483 3145 iem
502 3093 627 3145 codicum
646 3093 757 3144 exhibui
774 3093 927 3144 lectionem.

168 3197 190 3231 c.
209 3182 251 3245 46,
270 3182 299 3230 3:
326 3180 370 3234 bie
387 3181 470 3234 rebels
489 3178 725 3249 comparatis]
750 3181 870 3246 spurium
890 3194 950 3229 esse
968 3179 1041 3230 eodi-

65 3280 127 3316 eum
145 3264 287 3332 completis
305 3267 461 3333 Nipperdey
478 3266 555 3317 vidit
584 3268 640 3317 ism
662 3269 690 3316 in
714 3267 803 3332 priore
828 3265 946 3316 editione
971 3278 1040 3318 com·

61 3351 179 3417 paratis
198 3354 289 3418 posui,
307 3353 380 3418 quod
397 3368 446 3419 per
464 3352 654 3419 compendium
672 3353 801 3419 seriptum
825 3349 947 3420 (cupiri)
959 3351 1040 3401 facile

64 3439 93 3486 in
111 3436 254 3505 eompletis
272 3440 390 3504 perverti
407 3444 522 3504 poteret.
549 3454 592 3489 me
611 3439 698 3489 secuti
716 3444 779 3488 sunt
793 3438 906 3500 Kraner‚
920 3438 1040 3498 Diibner,

64 3524 175 3588 Dinter3
202 3524 234 3574 F.
252 3524 405 3575 Hofmunno
427 3523 584 3574 Marklandi
611 3522 745 3588 consectis
771 3523 880 3589 placuit.
908 3551 942 3561 —
969 3525 993 3586 ξ.
1011 3523 1040 3574 4:
