2376 3924
488 248 565 299 cnr.
584 249 695 298 sr-sr.
1017 252 1080 317 209

179 441 230 506 56.
261 440 396 527 Aliquot
410 452 482 528 post
497 442 611 507 diebus
627 442 750 507 litteras
765 465 785 506 a
800 441 941 508 Caesare
963 445 1077 508 missas

95 548 227 632 accipit,
256 544 373 630 quibus
395 546 560 629 cognoscit
582 545 773 629 Pompeium
802 546 835 608 in
864 547 934 610 acie
956 547 1080 611 victum

94 651 219 714 amissis
235 650 334 734 copiis
350 649 480 734 fugisse.
517 648 642 730 Quare
665 650 796 732 cognita
818 650 955 713 mixtam
970 649 1100 713 dolores

98 752 300 837 voluptatem
322 751 481 837 capiebat.
505 753 670 818 Victoriae
693 754 825 817 nuntius
847 752 1004 817 laetitiam
1025 774 1080 816 ex·

96 855 273 941 primebat3
287 855 470 920 confectum
480 854 602 920 bellum
613 854 777 921 licentiam
787 865 971 942 temporum
985 858 1080 921 inter-

97 958 258 1024 cludebat.
288 959 342 1026 sie
365 967 437 1023 erat
460 958 578 1024 dubius
602 961 710 1042 animi,
733 969 844 1024 utrum
866 958 945 1024 nihil
967 962 1081 1025 timere

97 1087 139 1127 an
162 1064 270 1128 omnia
292 1063 389 1128 licere
412 1061 531 1127 mallet.
577 1063 707 1129 Senatis
729 1062 920 1129 vulneribus
949 1067 1104 1131 arcessita

98 1189 218 1250 omnes,
243 1170 299 1253 qui
321 1167 383 1232 sibi
398 1169 552 1252 pecunias
568 1188 730 1252 expensas
745 1168 896 1251 tulerant,
919 1177 1082 1253 acceptas-

97 1294 160 1357 que
209 1294 265 1336 eas
297 1270 392 1337 iubet·
424 1270 554 1353 referri,
600 1270 717 1356 quibus
757 1293 873 1357 parum
910 1270 1084 1337 videbatur

98 1377 287 1460 imposuisse
326 1377 446 1457 oneris,
492 1373 681 1458 ampliorem
718 1377 889 1460 pecuniam
932 1378 1080 1461 imperat.

97 1479 255 1563 Equitum
277 1486 386 1541 autem
397 1478 619 1542 Romanorum
641 1476 802 1543 delectum
823 1481 975 1562 instituit3
1000 1500 1104 1563 quosc

98 1608 142 1648 ex
157 1582 305 1647 omnibus
322 1581 534 1646 conventibus
550 1581 745 1667 coloniisque
760 1585 957 1668 conscriptos
980 1592 1082 1647 trans·

98 1689 225 1751 marina
236 1686 348 1750 militia
359 1687 547 1771 perterritos
563 1684 606 1750 ad
621 1688 816 1750 sacramenti
827 1685 1082 1772 redemptionem

98 1789 247 1855 vocabat.
292 1791 452 1875 Magnum
473 1790 535 1854 hoc
563 1789 624 1856 fuit
651 1788 806 1875 vectigal,
840 1792 944 1855 maius
971 1799 1082 1855 tamen

99 1893 232 1958 creabat
255 1892 372 1958 odium.
403 1893 464 1958 His
486 1893 584 1958 rebus
607 1893 761 1958 confectis
783 1903 887 1959 totum
903 1896 1107 1960 exercitum

98 1998 227 2082 lustrat3
251 1997 403 2084 legiones,
426 2020 508 2084 quas
530 2000 564 2062 in
586 1997 735 2063 Africam
757 1997 914 2063 ducturus
937 2008 1017 2081 erat,
1052 2006 1085 2062 et

99 2102 221 2166 auxilia
242 2106 340 2168 mittit
362 2103 404 2167 ad
427 2105 607 2168 traiectum.
641 2103 716 2188 Ipse
739 2101 885 2184 classem,
909 2124 1007 2187 quam
1029 2120 1105 2188 prs-6

98 2204 211 2287 rabat,
244 2215 282 2270 ut
303 2207 492 2290 inspiceret,
526 2205 687 2291 Hispalim
716 2204 843 2270 accedit
875 2204 985 2290 ibique
1019 2228 1086 2270 mo·

99 2318 207 2389 ratur,
242 2317 414 2394 propterea
444 2307 531 2393 quod
562 2307 704 2373 edictum
731 2317 799 2373 tote
822 2311 989 2395 provincia
1012 2330 1082 2394 pro·

101 2421 270 2498 posuerat:
305 2411 421 2497 quibus
437 2413 591 2498 pecunias
614 2413 821 2497 imperasset,
844 2432 950 2497 neque
973 2419 1082 2476 contu·

101 2518 221 2597 lissent,
241 2539 275 2581 se
299 2515 436 2581 adirent.

187 2621 239 2685 57.
275 2621 369 2703 Quae
392 2622 537 2686 evocatio
559 2622 770 2686 vehementer
793 2642 904 2685 omnes
927 2619 1083 2685 turbavit.

101 2727 236 2789 Interim
258 2726 298 2790 L.
321 2727 441 2808 Titius,
471 2727 526 2811 qui
549 2747 586 2789 eo
610 2734 755 2811 tempore
776 2723 926 2788 tribunus
949 2724 1086 2788 militum

102 2832 135 2893 in
156 2829 282 2915 legione
304 2828 482 2894 vernacula
515 2829 638 2910 fuerat,
673 2830 801 2893 nuntiat
823 2849 895 2892 eam
918 2851 938 2890 a
959 2827 1085 2913 legione

103 2950 198 3015 nnn„
222 2955 320 3018 quam
344 2934 385 3016 Q.
409 2931 540 2997 Cassius
563 2933 689 3017 legatus
712 2932 807 2997 simul
829 2932 986 3015 ducebat,
1010 2954 1085 2998 cum

103 3036 146 3101 ad
169 3036 324 3122 oppidum
345 3036 478 3122 Leptim
507 3045 615 3101 castra
636 3035 789 3121 haberet,
820 3036 977 3102 seditione
999 3034 1087 3101 facta

103 3140 344 3205 centurionibus
381 3139 504 3224 aliquot
540 3140 669 3223 occisis,
702 3141 759 3225 qui
792 3141 886 3226 signa
918 3138 985 3204 tolli
1022 3160 1088 3203 non

102 3245 327 3331 patiebantur,
357 3243 547 3323 discessisse,
575 3251 609 3308 et
640 3243 684 3327 sd
717 3243 895 3309 secundam
917 3241 1086 3327 legionem,

103 3348 324 3430 contendisse,
358 3368 444 3434 quae
477 3347 521 3413 ed
552 3347 689 3413 fretum
704 3347 767 3413 alio
799 3348 916 3413 itinere
949 3345 1087 3413 deduce·

103 3451 211 3518 batur.
255 3449 395 3538 Cognita
421 3471 460 3517 rs
485 3460 587 3518 noctu
612 3472 689 3519 cum
710 3468 734 3517 v
755 3448 943 3519 cohortibus
963 3444 1109 3518 unctui-²

104 3559 342 3623 minutorum
361 3552 544 3643 sufflat,
564 3556 699 3625 ωηατ
1035 3552 1089 3623 lbi

154 3666 236 3711 thr·
