2376 3924
134 237 176 300 25
439 235 490 285 os
510 234 630 286 annuo
651 233 809 286 esnnrco

133 427 231 494 modo
255 425 461 514 reipublicae
484 426 597 492 faccre
612 434 738 512 posset,
760 423 897 491 Aeduos
914 437 1113 514 ceterosque

134 534 261 597 amicos
288 531 403 617 populi
430 530 573 596 Romani
603 527 815 612 defenderet,
854 552 890 595 se
917 528 1111 599 Aeduorum

133 635 276 701 iniurias
300 657 367 700 non
390 633 633 719 neglecturum.

236 737 287 802 36.
303 737 359 804 Ad
370 737 453 803 haec
461 737 652 804 Ariovistus
663 738 855 824 respondit:
867 739 919 804 ius
932 761 1006 804 esse
1018 738 1111 823 belli,

134 852 180 926 nt,
197 845 252 928 qni
268 843 442 925 vicissent,
467 842 518 923 iis,
542 862 624 926 quos
640 841 814 925 vicissent,
832 841 1111 927 quemadmodum

133 945 270 1030 vellent,
294 947 514 1030 imperarent:
538 946 618 1009 item
634 944 792 1030 populum
806 946 993 1012 Romanum
1008 949 1110 1012 victis

133 1072 200 1116 non
223 1049 269 1115 ad
291 1048 431 1115 alterius
454 1049 714 1134 praescriptum,
747 1049 809 1113 sed
832 1049 876 1114 ad
900 1073 998 1115 suum
1020 1050 1109 1116 a'rbi·

113 1157 236 1221 atrium
258 1155 423 1238 imperare
439 1173 629 1217 consuesse.
662 1151 698 1216 Si
721 1154 793 1238 ipse
815 1153 937 1240 populo
960 1155 1110 1220 Romano

133 1281 199 1323 non
215 1254 472 1344 praescriberet,
488 1255 769 1341 quemadmodum
786 1279 845 1322 suo
863 1259 934 1323 iure
949 1266 1110 1342 uteretur,

134 1384 200 1427 non
231 1370 384 1447 oportere
415 1381 489 1424 sese
518 1381 538 1424 a
567 1359 689 1445 populo
712 1360 863 1426 Romano
893 1363 927 1426 in
955 1384 1014 1427 suo
1038 1363 1110 1428 iure

112 1465 298 1552 simpediri.
311 1463 447 1529 Aeduos
460 1461 536 1545 sibi,
552 1464 711 1548 quoniam
726 1461 807 1529 belli
823 1465 993 1530 fortunam
1005 1474 1109 1551 temp·

135 1578 265 1636 tassent
289 1576 321 1659 et
345 1567 447 1633 armis
471 1568 645 1649 congressi
667 1586 708 1631 ao
733 1569 882 1653 superati
904 1577 1027 1652 essent,
1051 1571 1109 1634 sti·

112 1672 326 1760 spendiarios
343 1692 417 1735 esse
432 1670 551 1735 factos.
575 1669 736 1754 Magnam
753 1669 936 1737 Caesarem
954 1673 1110 1738 iniuriam

133 1778 260 1860 facere,
290 1777 346 1862 qui
376 1797 435 1841 suo
465 1773 614 1839 adventu
643 1774 828 1860 vectigalia
851 1775 917 1841 sibi
942 1777 1110 1843 deteriora

112 1881 270 1949 sfaoeret.
316 1878 443 1945 Aeduis
474 1900 510 1943 se
539 1877 673 1944 obsides
702 1878 911 1946 redditurum
933 1903 1000 1946 non
1024 1904 1109 1965 esse,

133 2006 240 2070 neque
269 1985 312 2048 iis
338 2004 446 2068 neque
474 2003 588 2048 eorum
616 1983 716 2047 sociis
739 1984 864 2048 iniuria
887 1983 1013 2050 bellum
1036 1984 1110 2051 illa·

133 2101 255 2173 turum,
278 2089 307 2152 si
322 2089 358 2152 in
374 2108 412 2152 eo
429 2095 614 2170 manerent,
638 2088 728 2172 quod
742 2089 968 2172 convenisset,
985 2091 1110 2175 stipen-

134 2193 290 2278 diumque
313 2193 493 2277 quotannis
517 2189 720 2277 penderent3
744 2193 772 2257 si
796 2190 833 2257 id
855 2213 922 2257 non
938 2192 1110 2278 fecissent,

133 2298 232 2381 longe
249 2297 289 2360 iis
305 2296 491 2360 fraternum
507 2317 628 2361 nomen
644 2294 757 2382 populi
768 2296 911 2361 Romani
929 2296 1109 2363 afuturum.

111 2400 232 2482 flQuod
248 2399 312 2464 sibi
330 2399 458 2465 Caesar
475 2399 689 2466 denuntiaret
706 2398 947 2466 seAeduorum
967 2402 1109 2467 iniurias

132 2526 198 2570 non
214 2502 456 2587 neglecturum,
479 2505 644 2570 neminem
661 2526 774 2569 secum
796 2505 869 2570 sine
885 2525 945 2570 sua
959 2505 1110 2590 pernicie

111 2609 357 2685 econtendisse.
382 2608 466 2675 Cum
481 2607 594 2691 vellet,
618 2608 897 2692 congrederetur:
920 2607 1109 2675 intellectu·

131 2737 215 2798 rum,
232 2714 312 2800 quid
329 2714 447 2778 invicti
465 2711 635 2796 Germani,
652 2713 927 2778 exercitatissimi
943 2715 978 2776 in
994 2713 1109 2795 armis,

132 2821 188 2904 qui
211 2819 299 2883 inter
322 2839 428 2882 annos
444 2833 525 2883 X1111
544 2825 671 2882 tectum
687 2816 760 2882 non'
778 2814 958 2897 subissent,
982 2817 1109 2881 virtute

154 2930 280 2987 ossent.

130 2945 151 3007 p
234 3023 286 3088 37.
309 3024 403 3088 Haec
428 3022 544 3087 eodem
560 3033 709 3108 tempore
722 3021 862 3088 Caesari
877 3022 1041 3087 mandata
1057 3044 1109 3088 re-

132 3127 337 3211 ferebantur,
354 3137 387 3192 et
403 3127 510 3212 legati
527 3127 571 3193 ab
587 3126 716 3193 Aeduis
736 3137 769 3192 et
783 3151 804 3192 a
820 3127 976 3192 Treveris
996 3128 1109 3193 venie·

112 3232 232 3306 2bant:
255 3230 365 3297 Aedui
388 3240 550 3317 questum,
575 3231 662 3319 quod
679 3231 846 3312 Harudes,
870 3231 926 3315 qui
945 3253 1051 3316 nuper
1073 3232 1109 3297 in

134 3334 282 3401 Galliam
297 3337 520 3422 transportati
537 3344 659 3418 essent,
681 3335 765 3400 fines
782 3356 895 3399 eorum
910 3334 1109 3420 popularen·
1164 3370 1167 3375 Δ

18 3496 21 3521 ,
131 3449 202 3505 tur:
220 3462 293 3505 sese
310 3462 353 3504 ne
371 3436 545 3504 obsidibus
564 3437 698 3525 quidem
710 3437 800 3503 datis
813 3459 931 3524 pacem
943 3437 1109 3504 Ariovisti

110 3543 295 3618 eredimere
317 3544 483 3630 potuisse3
517 3542 655 3608 Treveri
672 3539 808 3626 autem,
837 3562 944 3627 pagos
973 3551 1109 3609 centum
