2376 3924
128 234 189 298 152
451 235 501 285 nn
520 235 641 285 annno
662 235 774 284 orvrm

125 425 384 505 monstravimus,
400 425 526 505 timens,
548 445 589 486 ne
613 445 632 486 a
647 421 851 487 multitudine
866 425 1011 508 equitum
1028 424 1109 490 dex-

125 535 213 590 trum
235 549 336 591 cornu
359 528 657 609 circumveniretur,
681 525 827 590 celeriter
850 549 893 590 ex
914 530 1012 592 tertia
1036 531 1109 593 acie

126 630 267 715 singulas
290 630 437 694 cohortes
461 629 604 694 detraxit
626 639 724 715 atque
747 653 790 694 ex
811 631 861 696 his
884 641 1038 716 quartam
1060 636 1108 699 in·

125 737 226 799 stituit
260 736 480 819 equitatuique
515 736 662 818 opposuit
695 743 736 817 et,
774 734 852 819 quid
888 737 959 800 fieri
995 739 1106 826 vellet,

125 837 265 901 ostendit
298 838 486 920 monuitque
521 839 589 900 eius
622 834 686 900 diei
718 839 888 902 victoriam
920 842 955 904 in
989 863 1107 909 earum

100 941 304 1007 scohortium
326 942 446 1004 virtute
470 949 626 1004 constare.
662 940 763 1006 Simul
785 944 899 1006 tertiae
929 945 1010 1008 aciei
1034 950 1105 1012 toti-

123 1066 186 1129 que
210 1046 367 1108 exercitui
389 1046 570 1129 imperavit,
593 1066 634 1108 ne
657 1047 780 1108 iniussu
803 1067 859 1110 suo
883 1060 1105 1116 concurreret:

122 1171 166 1230 se,
191 1171 265 1213 cum
287 1149 320 1213 id
343 1149 414 1212 fieri
435 1148 541 1232 vellet,
564 1148 683 1212 vexillo
707 1150 836 1233 signum
857 1149 1020 1216 daturum.

208 1253 258 1316 90.
282 1253 473 1317 Exercitum
502 1274 576 1316 cum
609 1251 738 1315 militari
765 1275 855 1316 more
883 1254 925 1319 ad
955 1277 1103 1341 pugnam

122 1357 345 1421 cohortaretur
369 1378 491 1441 suaque
515 1359 547 1420 in
571 1378 645 1420 eum
660 1358 808 1442 perpetui
823 1360 977 1443 temporis
993 1359 1103 1425 officia

98 1460 334 1546 apraedicaret‚
380 1463 537 1546 imprimis
571 1463 851 1525 commemoravit:
895 1461 1033 1527 testibus
1066 1485 1102 1528 se

119 1564 273 1629 militibus
296 1567 343 1628 uti
366 1587 469 1649 posse,
505 1574 626 1649 quanto
660 1562 766 1629 studio
799 1586 914 1650 pacem
947 1567 1099 1651 petisses

120 1690 204 1753 quae
238 1691 295 1754 per
318 1670 486 1733 Vatinium
514 1670 547 1731 in
569 1667 743 1752 colloquiis,
777 1690 861 1753 quae
895 1691 953 1754 per
975 1668 1100 1735 Aulum

120 1771 268 1836 Clodium
302 1795 376 1835 cum
410 1773 558 1857 Scipione
593 1773 720 1856 egisset,
766 1771 883 1856 quibus
916 1772 1021 1839 modis
1055 1775 1099 1840 ad

120 1878 254 1941 Oricum
289 1897 364 1938 cum
386 1873 513 1938 Libone
547 1874 589 1938 de
621 1874 786 1939 mittendis
820 1875 934 1961 legatis
969 1887 1098 1954 conten

96 1978 227 2043 adisset.
273 1979 388 2062 Neque
412 1999 447 2041 se
469 1999 625 2062 umquam
653 1978 744 2043 abuti
772 1978 909 2043 militum
937 1984 1098 2067 sanguine

117 2105 223 2168 neque
235 2082 468 2168 rempublicam
479 2081 634 2148 alterutro
647 2085 793 2147 exercitu
804 2085 933 2168 privare
946 2083 1096 2151 voluisse.

95 2188 190 2250 rHac
212 2185 325 2251 habita
348 2189 491 2250 oratione
508 2185 757 2271 exposcentibus
772 2185 926 2251 militibus
941 2196 975 2251 et
988 2188 1096 2254 studio

117 2313 245 2376 pugnae
269 2290 459 2355 ardentibus
483 2290 563 2355 tuba
585 2293 713 2375 signum
736 2290 834 2356 dedit.

86 2465 89 2474 ,
204 2396 254 2459 91.
278 2397 360 2460 Erat
382 2395 549 2460 Crastinus
584 2405 737 2460 evocatus
771 2398 804 2459 in
838 2397 985 2461 exercitu
1015 2395 1094 2463 an-

116 2502 206 2581 saris,
231 2501 285 2584 qui
309 2501 473 2584 superiore
496 2522 581 2565 anno
604 2500 691 2585 apud
725 2523 799 2564 eum
832 2502 972 2585 primum
993 2501 1094 2588 pilum

114 2605 148 2665 in
177 2602 301 2686 logione
336 2622 368 2666 x.
403 2603 553 2686 duxerat,
586 2605 637 2667 vir
668 2604 822 2689 singulari
854 2606 983 2669 virtute.
1029 2606 1094 2672 Hic

115 2708 205 2788 signo
229 2706 315 2789 dato,
338 2698 521 2791 ‘sequimini
545 2707 618 2790 me',
640 2710 755 2793 inquit,
778 2701 1007 2794 ‘manipulares
1029 2712 1093 2776 mei

115 2810 171 2890 qui
193 2808 307 2891 fuistis
344 2820 376 2873 ct
398 2820 507 2875 vestro
541 2813 728 2896 imperatori
762 2834 861 2897 quam
884 2815 1092 2881 constituistis

93 2930 247 2994 soporam
270 2912 353 2975 date.
399 2915 510 2979 Unum
539 2915 600 2979 hoc
629 2915 786 3000 proelium
820 2926 981 3002 super-esu
1027 2940 1092 3004 qno

114 3014 259 3077 contecto
293 3024 325 3078 et
357 3016 407 3078 ille
442 3039 534 3082 suam
568 3019 758 3102 dignitatem
792 3029 824 3084 et
856 3042 915 3085 nos
946 3030 1092 3087 nostram

91 3115 296 3180 elibertatem
332 3120 615 3203 recuperabimus.
662 3122 764 3188 Simul
799 3125 974 3208 respiciens
1012 3124 1091 3191 an

113 3242 228 3302 sarem,
263 3215 410 3304 ‘faciam'‚
445 3226 558 3309 inquit,
594 3226 709 3310 ‘hodia
743 3229 929 3312 imperator,
962 3236 1000 3293 ut
1033 3238 1092 3295 ant

111 3325 186 3387 vivo
220 3324 298 3388 mihi
333 3335 389 3389 aut
422 3338 547 3392 mortuo
584 3333 706 3413 gratias
744 3331 842 3417 agas’.
887 3332 981 3397 Haec
1013 3354 1090 3399 cum

111 3426 256 3512 dixisset,
280 3432 401 3514 primus
425 3455 467 3495 cx
490 3433 605 3497 dextro
629 3458 730 3501 cornu
753 3438 965 3521 procucurrit,
987 3446 1089 3525 atque
