2376 3924
359 235 470 285 LIBER
488 234 547 295 Vll,
567 232 644 283 cnP.
666 230 773 281 18-20.
988 239 1050 304 183

178 429 229 495 20.
252 429 524 512 Vercingetorix,
548 448 623 493 cum
646 428 690 493 ad
707 451 783 493 suos
806 430 960 515 redisset,
976 455 1050 519 pro·

75 535 215 600 ditionis
239 532 465 616 insimulatus,
489 531 578 618 quod
594 541 708 597 castra
729 535 867 620 propius
882 535 1052 603 Romanos

74 638 246 720 movisset,
281 634 371 721 quod
404 657 479 700 cum
514 636 604 699 omni
638 636 790 721 equitatu
827 636 1051 725 discessisset,

76 742 166 829 quod
189 744 263 808 sine
287 741 424 826 imperio
448 749 562 805 tantas
593 741 709 826 copias
737 739 942 828 reliquisset,
965 746 1054 830 quod

77 848 148 912 eius
174 846 326 911 discessu
340 845 483 910 Romani
499 852 599 909 tanta
616 847 869 930 opportunitate
887 857 918 912 et
936 848 1053 914 celeri-

76 959 149 1015 tate
167 951 398 1015 venissent-
420 971 487 1013 non
510 948 593 1014 hacc
617 950 729 1015 omnia
745 951 884 1017 fortuito
903 962 962 1018 aut
981 954 1074 1018 sinet

78 1053 220 1120 consilio
244 1052 399 1118 accidere
426 1053 593 1138 potuisse3
625 1074 764 1137 regnum
795 1055 889 1121 illum
920 1055 1054 1123 Galliae

79 1158 180 1224 malle
193 1155 351 1223 Caesaris
364 1179 528 1223 concessu
544 1178 642 1242 quam
655 1159 804 1244 ipsorum
813 1159 940 1226 habere
949 1160 1054 1226 bene·

77 1264 154 1329 ficio
163 1286 220 1328 -ε
234 1261 296 1327 tali
308 1261 406 1327 modo
419 1271 599 1326 accusatus
613 1261 749 1327 adhaec
765 1264 953 1349 respondit:
966 1264 1076 1351 quod³

78 1375 194 1433 castra
216 1367 389 1449 movisset,
412 1365 540 1430 factum
562 1365 679 1450 inopia
701 1365 817 1451 pabuli
847 1369 950 1434 etiam
972 1370 1054 1454 ipsis

78 1468 311 1552 hortantibus3
346 1468 434 1554 quod
470 1470 606 1554 propius
640 1469 808 1533 Romanos
842 1473 1055 1555 accessisset,

78 1595 279 1660 persuasum
301 1571 369 1637 loci
392 1573 653 1658 opportunitate,
678 1573 734 1656 qui
750 1595 786 1637 se
809 1574 882 1659 ipse
899 1576 971 1639 sine
987 1598 1056 1641 mu·

79 1680 209 1745 uitione
233 1676 444 1760 defenderet,
468 1678 617 1763 equitum
637 1698 718 1742 vero
741 1699 876 1763 operam
898 1701 1008 1765 neque·
1022 1681 1080 1744 int

81 1782 155 1848 loco
163 1781 309 1868 palustri
318 1779 505 1845 desiderari
519 1778 677 1845 debuisse
690 1788 722 1844 et
735 1780 917 1847 illiofnisse
928 1782 1056 1865 utilem,

81 1908 145 1974 quo
163 1887 230 1950 sint
246 1884 397 1971 profecti.
415 1883 584 1949 Summam
606 1885 737 1970 imperii
756 1907 792 1949 se
808 1885 961 1951 consulto
974 1887 1079 1952 nulli⁵

82 1988 313 2055 discedentem
326 1986 520 2070 tradidisse,
537 2010 579 2053 ne
595 1988 623 2051 is
640 1986 866 2053 multitudinis
884 1990 996 2055 studio
1013 1990 1059 2055 ad

82 2090 312 2159 dimicandum
324 2090 569 2177 impelleretur3
582 2093 636 2157 cui
649 2093 697 2156 rei
710 2101 847 2178 propter
859 2095 964 2158 animi
977 2092 1059 2159 mol·

82 2198 190 2264 litiem
214 2195 348 2263 studere
365 2219 478 2263 omnes
500 2195 641 2278 videret,
658 2196 749 2282 quod
765 2197 892 2262 diutius
908 2197 1059 2262 laborem

82 2302 170 2367 ferre
193 2323 261 2367 non
290 2309 441 2388 possent.
463 2300 608 2365 Romani
636 2302 665 2365 si
693 2323 775 2366 casu
804 2302 1081 2384 intervenerint,⁶

83 2406 250 2489 fortunae,
274 2405 304 2469 si
318 2403 462 2470 alicuius
482 2403 608 2469 indicio
632 2405 756 2487 vocati,
772 2402 851 2468 huic
867 2402 1061 2469 habendam

84 2511 241 2594 gratiam,
264 2507 354 2595 quod
377 2517 410 2573 et
432 2509 641 2594 paucitatem
664 2530 778 2573 eorum
802 2531 844 2573 ex
867 2508 941 2573 loco
965 2531 1060 2594 supe·

84 2615 173 2680 ricre
196 2634 402 2698 cognoscere
426 2621 459 2677 et
487 2612 647 2677 virtutem
677 2612 851 2699 despicere
878 2614 1061 2698 potuerint,

84 2722 142 2807 qui
165 2717 328 2785 dimicare
350 2739 417 2783 non
441 2719 514 2784 ausi
538 2719 680 2804 turpiter
704 2740 739 2782 se
762 2720 797 2781 in
827 2725 943 2782 castra
970 2738 1060 2781 rece-

83 2825 206 2909 perint.
229 2823 410 2908 Imperium
439 2844 475 2887 se
499 2820 542 2886 ab
572 2819 721 2886 Caesare
749 2844 809 2908 per
836 2820 1082 2906 proditionem⁷

84 2927 213 2994 nullum
222 2925 426 3011 desiderare,
434 2925 526 3014 quod
540 2925 665 2990 habere
677 2925 821 2991 victoria
837 2935 961 3010 posset,
975 2948 1061 3010 quae

86 3035 155 3098 iam
168 3040 258 3098 esset
271 3030 337 3098 sibi
357 3040 458 3117 atque
478 3031 630 3097 omnibus
645 3029 755 3095 Gallis
770 3029 966 3114 explorata3
982 3031 1061 3113 quin

88 3137 192 3202 etiam
215 3137 297 3222 ipsis
320 3137 504 3219 remittere,
529 3136 557 3199 si
580 3133 645 3199 sibi
674 3135 784 3217 magis
813 3132 973 3198 honorem
1004 3134 1062 3198 tri-

84 3240 200 3324 buere,
235 3261 336 3327 quam
365 3238 408 3305 ab
437 3262 474 3305 se
504 3237 648 3305 salutem
681 3239 837 3323 accipere
870 3236 1061 3302 videantur.

85 3344 192 3411 ‘Haec
214 3352 252 3409 ut
269 3342 501 3428 intellegatis',
517 3344 636 3429 inquit,
654 3340 685 3407 ‘a
701 3365 754 3407 me
771 3343 901 3407 sineere
917 3349 1085 3426 pronun-8

83 3449 176 3533 tiari,
189 3447 306 3513 audite
317 3447 486 3513 Romanos
503 3440 649 3511 milites‘.
662 3444 822 3512 Producit
840 3465 966 3524 servos,
979 3455 1084 3529 quos⁹

84 3550 346 3641 inpabulatione
357 3551 476 3639 paucis
489 3558 569 3639 ante
582 3548 702 3616 diebus
720 3556 903 3639 exceperat
921 3547 1064 3617 etfama
1182 3534 1184 3543 ¹
