2376 3924
406 229 515 280 niune
533 229 582 291 ιιι,
602 228 677 283 oar.
697 230 807 280 ar-so.
1032 230 1092 294 119

114 431 225 507 portus
248 441 367 485 navem
389 422 570 485 onerariam
593 418 795 485 submersam
817 418 933 484 obiecit
960 427 992 484 et
1019 420 1094 484 huic

115 526 250 590 alteram
279 525 460 607 coniunxit3
495 546 714 610 superquam
743 524 859 589 turrim
881 524 1029 587 effectam
1052 522 1094 586 ad

114 631 221 716 ipsum
254 629 420 694 introitum
453 637 564 713 portus
593 630 741 714 opposuit
770 638 802 692 et
831 627 983 692 militibus
1013 650 1094 692 com-

116 733 216 819 plevit
248 732 467 818 tuendamque
501 732 544 796 ad
573 754 683 798 omnes
711 734 895 818 repentinos
919 753 1012 796 casus
1034 740 1096 797 tra-

116 836 207 902 didit.

202 941 254 1005 40.
291 932 420 1023 Quibus'
440 942 576 1028 cognitis
602 940 703 1006 rebus
726 939 784 1006 On.
809 934 981 1027 Pompeius
1004 937 1096 1022 filius,

118 1044 174 1129 qui
196 1041 289 1108 classi
305 1041 488 1128 Aegyptiae
511 1052 670 1129 praeerat,
694 1043 737 1108 ad
760 1045 894 1110 Oricum
915 1045 1005 1109 venit
1027 1040 1098 1109 sub·

117 1167 322 1231 mersamque
367 1148 477 1211 navim
512 1146 654 1212 remulco
691 1147 864 1235 multisque
901 1147 1100 1213 contendens

118 1248 248 1315 funibus
271 1249 409 1314 adduxit
430 1250 685 1336 atque.alteram
707 1274 835 1335 navem,
859 1272 942 1337 quae
965 1259 1035 1317 erat
1058 1252 1122 1320 ada

119 1353 299 1418 custodiam
321 1352 363 1418 ab
380 1353 483 1418 Acilio
506 1357 619 1439 posita,
651 1354 795 1441 pluribus
818 1377 990 1440 aggressus
1013 1358 1100 1421 navi-

119 1457 191 1540 bus,
213 1460 246 1521 in
270 1456 386 1543 quibus
410 1457 452 1522 ad
474 1457 590 1522 libram
605 1458 727 1523 fecerat
748 1468 863 1542 turres,
887 1468 923 1524 ut
945 1481 987 1523 ex
1010 1480 1100 1544 supe-

120 1563 205 1626 riore
239 1583 387 1648 pugnans
419 1561 488 1625 loco
523 1563 729 1647 integrosque
763 1584 891 1648 semper
918 1561 1102 1647 defatigatis

122 1664 312 1731 submittens
334 1674 367 1730 et
388 1665 519 1750 reliquis
542 1664 688 1751 partibus
711 1665 805 1731 simul
834 1689 876 1730 ex
898 1675 987 1730 terra
1009 1665 1102 1730 scalis

122 1778 155 1834 et
176 1769 276 1836 classe
298 1771 425 1835 moenia
448 1769 557 1856 oppidi
578 1779 750 1856 temptans,
774 1771 820 1834 uti
842 1768 1102 1834 adversariorum

121 1895 236 1939 manus
273 1874 456 1958 diduceret,
502 1872 613 1939 labore
657 1882 690 1938 ct
726 1873 930 1939 multitudine
967 1875 1103 1940 telorum
1113 1899 1127 1940 a

120 1987 247 2043 nostros
268 1980 364 2064 vicit,
399 1978 596 2064 deiectisque
630 1971 870 2063 defensoribus,
905 1979 959 2064 qui
993 1998 1104 2042 omnes

122 2082 251 2166 scaphis
279 2083 408 2167 excepti
430 2081 634 2167 refugerant,
658 2104 731 2147 eam
752 2104 871 2147 navem
893 2083 1104 2168 expugnavit,

123 2184 302 2268 eodemque
324 2193 469 2271 tempore
492 2207 535 2249 ex
557 2184 660 2251 altera
682 2193 773 2271 parte
795 2184 913 2250 molem
935 2185 1128 2270 temptavita

123 2288 305 2353 naturalem
333 2288 508 2373 obiectam,
543 2311 626 2377 quae
655 2311 758 2376 paene
785 2288 923 2354 insulam
953 2288 1106 2374 oppidum

125 2391 287 2472 effecerat,
312 2401 345 2457 et
365 2408 422 2458 1111
444 2391 584 2459 biremes
613 2391 765 2458 subiectis
794 2391 925 2458 scutulis
954 2390 1107 2477 impulsas

124 2492 272 2560 vectibus
309 2497 343 2560 in
379 2497 565 2562 interiorem
602 2505 731 2583 portum
767 2495 921 2561 traduxit.
978 2496 1029 2560 Ita
1066 2517 1109 2558 ex

125 2607 264 2685 utraque
292 2607 385 2685 parte
418 2621 519 2664 naves
546 2599 658 2684 longas
688 2621 875 2684 aggressus,
910 2621 994 2684 quae
1017 2607 1110 2663 erant

126 2698 286 2786 deligatae
309 2701 351 2767 ad
366 2711 489 2767 terram
504 2711 602 2789 atque
617 2704 740 2784 inanes,
764 2718 819 2767 1111
838 2724 881 2766 ex
895 2702 945 2766 his
961 2701 1108 2785 abduxit,

130 2806 270 2891 reliquas
293 2805 445 2871 incendit.
483 2806 557 2872 Hoc
579 2805 726 2870 confecto
749 2806 878 2891 negotio
900 2806 943 2870 D.
962 2805 1132 2871 Laeliume

125 2911 167 2976 ab
191 2909 336 2975 Asiatica
367 2909 468 2976 classe
491 2908 668 2974 abductum
691 2908 835 2994 reliquit,
870 2912 925 2995 qni
954 2933 1110 2975 commea-

124 3026 176 3083 tus
207 3013 333 3081 Bullide
369 3024 466 3100 atque
496 3013 652 3078 Amantia
691 3015 857 3098 importari
891 3016 924 3078 in
958 3013 1112 3101 oppidum

127 3109 331 3206 prohibebat.
375 3119 451 3206 Ipse
474 3119 605 3184 Lissum
627 3118 790 3204 profectus
818 3141 920 3184 naves
949 3121 1134 3184 onerariaso

131 3241 204 3286 xxx
229 3246 249 3288 a
271 3223 316 3287 M.
340 3221 482 3287 Antonio
509 3220 638 3287 relictas
671 3223 756 3286 intra
784 3231 913 3308 portum
940 3243 1113 3308 aggressus

129 3349 241 3392 omnes
269 3327 427 3411 incendit3
463 3327 594 3392 Lissum
624 3346 814 3411 expugnare
844 3335 977 3391 conatus
1006 3325 1113 3390 defen-

130 3428 283 3496 dentibus
306 3428 432 3495 civibus
448 3431 618 3514 Romanis,
642 3432 697 3515 qui
720 3432 788 3495 eius
812 3438 989 3494 conventus
1012 3439 1113 3514 erant,

131 3531 365 3618 militibusque,
401 3552 481 3618 quos
514 3532 666 3620 praesidii
694 3555 792 3598 causa
824 3534 956 3597 miserat
984 3532 1114 3616 Caesar,
