2376 3924
367 226 477 276 mssa
496 227 516 287 1,
537 225 601 291 oap.
615 226 724 275 44-47.
991 226 1033 290 35

55 419 152 485 Bello
170 428 345 505 superatos
363 441 436 484 esse
448 416 619 482 Arvernos
637 426 668 482 et
681 417 830 482 Rutenos
848 415 890 480 ab
908 416 1055 497 Quintoa

54 523 163 589 Fabio
176 523 335 604 Maximo,
357 522 477 608 quibus
499 520 639 606 populus
657 522 826 586 Romanus
845 521 1033 604 ignovisset

55 648 163 714 neque
188 627 221 690 in
244 627 452 712 provinciam
483 624 671 708 redegisset
694 646 802 709 neque
829 623 1033 708 stipendium

54 730 279 815 imposuisset.
294 728 392 810 Quod
409 731 437 792 si
450 729 720 814 antiquissimum
737 726 890 812 quodque
903 735 1055 811 tempusa

55 834 203 919 spectari
227 841 405 917 oporteret,
429 832 542 918 populi
557 832 698 896 Romani
716 830 936 894 iustissimum
959 853 1033 894 esse

55 938 89 1000 in
108 933 222 1000 Gallia
247 936 437 1019 imperium,
460 934 489 997 si
513 933 674 997 iudicium
698 941 835 996 senatus
860 933 1031 998 observari

55 1048 235 1125 oporteret,
255 1037 397 1102 liberam
414 1036 536 1102 debere
559 1060 633 1102 esse
647 1035 805 1119 Galliam,
828 1057 926 1120 quam
944 1036 1031 1101 bello

54 1144 183 1208 victam
206 1143 275 1206 suis
299 1141 431 1225 legibus
455 1143 504 1205 uti
528 1140 702 1205 voluisset.

159 1245 209 1309 46.
233 1245 323 1310 Dum
346 1245 429 1310 haee
454 1247 488 1309 in
512 1244 678 1330 colloquio
703 1255 874 1328 geruntur,
893 1243 1034 1310 Caesari

53 1352 248 1415 nuntiatum
282 1358 332 1414 est
362 1351 491 1434 equites
516 1348 681 1414 Ariovisti
708 1350 843 1435 propius
870 1347 1034 1413 tumulum

53 1453 219 1518 accedero
243 1463 275 1517 et
297 1452 489 1517 adnostros
514 1452 720 1538 adequitare,
743 1452 875 1538 lapides
900 1452 1033 1538 telaque

53 1560 89 1622 in
115 1565 248 1620 nostros
272 1557 437 1621 conicere.
484 1555 611 1622 Caesar
641 1555 799 1641 loquendi
826 1557 926 1620 finem
949 1556 1053 1620 facita

54 1682 157 1745 seque
187 1660 232 1724 ad
255 1682 332 1725 suos
354 1661 483 1746 recepit
511 1662 645 1746 suisque
669 1660 857 1744 imperavit,
880 1683 921 1724 ne
945 1658 1033 1744 quod

54 1764 190 1829 omnino
210 1763 312 1829 telum
336 1766 370 1828 in
393 1763 507 1828 hostes
532 1765 708 1829 reicerent.
753 1765 840 1830 Nam
870 1765 933 1827 etsi
961 1763 1054 1826 sines

52 1867 123 1933 ullo
146 1867 294 1952 periculo
317 1866 459 1950 legionis
485 1867 637 1932 delectae
660 1889 734 1932 oum
758 1868 909 1952 equitatu
933 1888 1026 1952 proe-

52 1971 136 2035 lium
163 1971 233 2035 sore
256 1970 404 2054 videbat,
440 1982 551 2038 tamen
581 1971 856 2039 committendum
885 1993 951 2035 non
974 1993 1032 2055 pu-

53 2075 164 2158 tabat,
187 2084 223 2139 nt
246 2074 351 2160 pulsis
375 2075 528 2140 hostibus
547 2075 614 2139 dici
629 2084 745 2160 posset
768 2097 824 2139 eos
848 2074 891 2139 ab
916 2097 1032 2159 seper

54 2178 156 2243 fidem
185 2180 219 2243 in
247 2179 413 2264 colloquio
443 2181 700 2243 circumventos.
744 2180 970 2262 Posteaquam
996 2180 1066 2242 ins.

54 2279 176 2364 vulgus
200 2282 343 2346 militum
360 2282 484 2348 elatum
500 2292 561 2365 est,
584 2305 650 2368 qua
667 2284 864 2366 arrogantia
880 2283 915 2346 in
931 2281 1032 2347 collo·

55 2386 133 2468 quio
156 2382 348 2449 Ariovistus
378 2408 458 2450 usus
489 2387 578 2451 omni
603 2384 718 2450 Gallia
740 2386 900 2449 Romanis
929 2385 1032 2448 inter·

56 2487 212 2569 dixisset,
230 2489 453 2574 impetumque
477 2491 511 2553 in
534 2498 669 2554 nostros
694 2491 764 2553 eius
789 2490 918 2574 equites
934 2488 1032 2552 fecis-

56 2600 146 2672 sent,
184 2614 289 2677 eaque
317 2615 370 2658 res
401 2593 604 2679 colloquium
628 2603 664 2659 ut
688 2593 894 2675 diremisset,
927 2592 1032 2658 multo

55 2695 162 2759 maior
185 2694 348 2760 alacritas
372 2697 587 2783 studiumque
609 2695 784 2783 pugnandi
806 2698 914 2761 maius
939 2719 1032 2761 exer·

54 2799 138 2862 citui
162 2798 320 2864 iniectum
345 2809 405 2864 est.

159 2902 210 2967 47.
227 2904 335 2969 Biduo
350 2915 428 2990 post
438 2903 631 2972 Ariovistus
648 2906 693 2972 ad
705 2905 886 2973 Caesarem
901 2906 1032 2991 legatos

54 3006 175 3072 mittit:
209 3006 297 3073 velle
321 3030 357 3073 se
380 3008 422 3073 de
450 3009 502 3074 his
526 3009 642 3092 rebus,
675 3032 761 3095 quae
784 3013 872 3077 inter
895 3033 951 3078 eos
976 3013 1033 3096 agi

54 3118 195 3195 coeptae
218 3132 325 3196 neque
347 3112 518 3198 perfectae
534 3123 657 3197 essent,
681 3135 783 3196 agere
806 3138 880 3180 cum
905 3138 960 3198 eo,
984 3117 1032 3179 uti

53 3223 116 3278 aut
138 3214 259 3279 iterum
282 3213 448 3301 colloquio
478 3216 566 3281 diem
595 3218 817 3283 constitueret
839 3228 912 3303 aut,
945 3220 973 3284 si
998 3219 1033 3283 id

54 3318 165 3381 minus
181 3315 293 3400 vellet,
318 3321 420 3384 esuis
438 3319 588 3403 legatum
605 3320 751 3407 aliquem
767 3321 811 3388 ad
824 3344 860 3387 se
872 3324 1031 3387 mitteret.

55 3418 278 3505 Colloquendi
291 3419 431 3488 Caesari
447 3444 551 3488 eausa
566 3425 640 3489 visa
656 3434 797 3510 nonest,
814 3435 847 3491 et
860 3448 898 3491 eo
911 3427 1054 3509 magis,2

55 3522 145 3610 quod
159 3522 268 3609 pridie
284 3524 355 3590 eius
372 3525 440 3592 diei
452 3524 614 3592 Germani
630 3528 769 3593 retineri
785 3551 852 3594 non
861 3531 1032 3615 poterant,

841 3645 876 3700 Q*
