<?xml version="1.0" encoding="UTF-8"?>
<!DOCTYPE html PUBLIC "-//W3C//DTD XHTML 1.0 Transitional//EN"
    "http://www.w3.org/TR/xhtml1/DTD/xhtml1-transitional.dtd">
<html xmlns="http://www.w3.org/1999/xhtml" xml:lang="en" lang="en">
 <head>
  <title>
</title>
<meta http-equiv="Content-Type" content="text/html;charset=utf-8" />
  <meta name='ocr-system' content='tesseract 3.04.00' />
  <meta name='ocr-capabilities' content='ocr_page ocr_carea ocr_par ocr_line ocrx_word'/>
</head>
<body>
  <div class='ocr_page' id='page_1' title='image "./ciuliicaesarisc00hoffgoog/ciuliicaesarisc00hoffgoog_0723.png"; bbox 0 0 2376 3924; ppageno 0'>
   <div class='ocr_carea' id='block_1_1' title="bbox 93 255 770 321">
    <p class='ocr_par' dir='ltr' id='par_1_1' title="bbox 93 255 770 321">
     <span class='ocr_line' id='line_1_1' title="bbox 93 255 770 321; baseline 0 -9"><span class='ocrx_word' id='word_1_1' title='bbox 93 255 156 321; x_wconf 89' lang='grc'>318</span> <span class='ocrx_word' id='word_1_2' title='bbox 388 258 499 309; x_wconf 77' lang='lat' dir='ltr'>13an</span> <span class='ocrx_word' id='word_1_3' title='bbox 517 257 770 313; x_wconf 76' lang='lat' dir='ltr'>HISPANIENSIS</span> 
     </span>
    </p>
   </div>
   <div class='ocr_carea' id='block_1_2' title="bbox 70 443 1075 3644">
    <p class='ocr_par' dir='ltr' id='par_1_2' title="bbox 70 443 1075 2192">
     <span class='ocr_line' id='line_1_2' title="bbox 94 443 1072 538; baseline 0.011 -30"><span class='ocrx_word' id='word_1_4' title='bbox 94 443 270 532; x_wconf 87' lang='lat' dir='ltr'>ferebatur]</span> <span class='ocrx_word' id='word_1_5' title='bbox 293 447 480 532; x_wconf 77' lang='lat' dir='ltr'><strong>Lusitanus,</strong></span> <span class='ocrx_word' id='word_1_6' title='bbox 502 471 593 514; x_wconf 88' lang='lat' dir='ltr'>more</span> <span class='ocrx_word' id='word_1_7' title='bbox 616 449 797 515; x_wconf 78' lang='lat' dir='ltr'>militarior</span> <span class='ocrx_word' id='word_1_8' title='bbox 818 450 886 514; x_wconf 78' lang='lat' dir='ltr'>eius</span> <span class='ocrx_word' id='word_1_9' title='bbox 906 448 1072 538; x_wconf 82' lang='lat' dir='ltr'>praesidio</span> 
     </span>
     <span class='ocr_line' id='line_1_3' title="bbox 92 548 1074 642; baseline 0.009 -29"><span class='ocrx_word' id='word_1_10' title='bbox 92 548 272 628; x_wconf 74' lang='lat' dir='ltr'><em>speculator</em></span> <span class='ocrx_word' id='word_1_11' title='bbox 294 552 420 632; x_wconf 63' lang='lat' dir='ltr'>masos,</span> <span class='ocrx_word' id='word_1_12' title='bbox 454 574 529 618; x_wconf 92' lang='lat' dir='ltr'>cum</span> <span class='ocrx_word' id='word_1_13' title='bbox 551 554 664 619; x_wconf 90' lang='lat' dir='ltr'>fuisset</span> <span class='ocrx_word' id='word_1_14' title='bbox 692 564 892 642; x_wconf 89' lang='lat' dir='ltr'>conspectus,</span> <span class='ocrx_word' id='word_1_15' title='bbox 923 554 1074 635; x_wconf 74' lang='lat' dir='ltr'>celeriter</span> 
     </span>
     <span class='ocr_line' id='line_1_4' title="bbox 70 654 1073 744; baseline 0.008 -27"><span class='ocrx_word' id='word_1_16' title='bbox 70 655 239 740; x_wconf 72' lang='lat' dir='ltr'>sequitatu</span> <span class='ocrx_word' id='word_1_17' title='bbox 261 654 511 741; x_wconf 77' lang='lat' dir='ltr'>cohortibusque</span> <span class='ocrx_word' id='word_1_18' title='bbox 528 654 676 738; x_wconf 77' lang='lat' dir='ltr'>Caesaris</span> <span class='ocrx_word' id='word_1_19' title='bbox 692 657 964 724; x_wconf 80' lang='lat' dir='ltr'><strong>circumcluditur.</strong></span> <span class='ocrx_word' id='word_1_20' title='bbox 987 660 1073 744; x_wconf 83' lang='lat' dir='ltr'>Erat</span> 
     </span>
     <span class='ocr_line' id='line_1_5' title="bbox 93 758 1073 850; baseline 0.007 -29"><span class='ocrx_word' id='word_1_21' title='bbox 93 779 242 822; x_wconf 85' lang='lat' dir='ltr'>accessus</span> <span class='ocrx_word' id='word_1_22' title='bbox 275 758 336 823; x_wconf 90' lang='lat' dir='ltr'>loci</span> <span class='ocrx_word' id='word_1_23' title='bbox 370 759 584 824; x_wconf 90' lang='lat' dir='ltr'>difficillimus.</span> <span class='ocrx_word' id='word_1_24' title='bbox 636 760 721 825; x_wconf 91' lang='lat' dir='ltr'>Nam</span> <span class='ocrx_word' id='word_1_25' title='bbox 758 762 878 827; x_wconf 88' lang='lat' dir='ltr'>idcirco</span> <span class='ocrx_word' id='word_1_26' title='bbox 916 758 1073 850; x_wconf 84' lang='lat' dir='ltr'>[propter]</span> 
     </span>
     <span class='ocr_line' id='line_1_6' title="bbox 92 860 1074 950; baseline 0.006 -26"><span class='ocrx_word' id='word_1_27' title='bbox 92 860 174 942; x_wconf 83' lang='lat' dir='ltr'>quod</span> <span class='ocrx_word' id='word_1_28' title='bbox 196 861 252 923; x_wconf 77' lang='lat' dir='ltr'>ille</span> <span class='ocrx_word' id='word_1_29' title='bbox 274 880 289 923; x_wconf 87' lang='lat' dir='ltr'>e</span> <span class='ocrx_word' id='word_1_30' title='bbox 311 883 368 926; x_wconf 92' lang='lat' dir='ltr'>suo</span> <span class='ocrx_word' id='word_1_31' title='bbox 391 862 552 947; x_wconf 89' lang='lat' dir='ltr'>praesidio</span> <span class='ocrx_word' id='word_1_32' title='bbox 572 864 685 928; x_wconf 86' lang='lat' dir='ltr'>fuisset</span> <span class='ocrx_word' id='word_1_33' title='bbox 700 874 900 950; x_wconf 88' lang='lat' dir='ltr'>conspectus,</span> <span class='ocrx_word' id='word_1_34' title='bbox 924 865 1074 930; x_wconf 85' lang='lat' dir='ltr'>celeriter</span> 
     </span>
     <span class='ocr_line' id='line_1_7' title="bbox 92 964 1071 1056; baseline 0.006 -27"><span class='ocrx_word' id='word_1_35' title='bbox 92 965 169 1029; x_wconf 86' lang='lat' dir='ltr'>adeo</span> <span class='ocrx_word' id='word_1_36' title='bbox 193 967 352 1028; x_wconf 89' lang='lat' dir='ltr'>munitum</span> <span class='ocrx_word' id='word_1_37' title='bbox 375 964 481 1031; x_wconf 81' lang='lat' dir='ltr'>lecum</span> <span class='ocrx_word' id='word_1_38' title='bbox 503 976 620 1032; x_wconf 89' lang='lat' dir='ltr'>natura</span> <span class='ocrx_word' id='word_1_39' title='bbox 649 978 781 1054; x_wconf 83' lang='lat' dir='ltr'>ceperat</span> <span class='ocrx_word' id='word_1_40' title='bbox 803 969 864 1033; x_wconf 90' lang='lat' dir='ltr'>sibi</span> <span class='ocrx_word' id='word_1_41' title='bbox 886 969 1071 1056; x_wconf 80' lang='lat' dir='ltr'>Pompeius,</span> 
     </span>
     <span class='ocr_line' id='line_1_8' title="bbox 93 1069 1070 1154; baseline 0.007 -24"><span class='ocrx_word' id='word_1_42' title='bbox 93 1072 129 1130; x_wconf 83' lang='lat' dir='ltr'>ot</span> <span class='ocrx_word' id='word_1_43' title='bbox 152 1070 300 1154; x_wconf 82' lang='lat' dir='ltr'>quamvis</span> <span class='ocrx_word' id='word_1_44' title='bbox 323 1090 443 1154; x_wconf 83' lang='lat' dir='ltr'>magna</span> <span class='ocrx_word' id='word_1_45' title='bbox 458 1069 662 1134; x_wconf 91' lang='lat' dir='ltr'>multitudine</span> <span class='ocrx_word' id='word_1_46' title='bbox 686 1070 828 1136; x_wconf 86' lang='lat' dir='ltr'>adducta</span> <span class='ocrx_word' id='word_1_47' title='bbox 848 1072 946 1151; x_wconf 72' lang='lat' dir='ltr'>pocot</span> <span class='ocrx_word' id='word_1_48' title='bbox 968 1070 1070 1137; x_wconf 92' lang='lat' dir='ltr'>homi·</span> 
     </span>
     <span class='ocr_line' id='line_1_9' title="bbox 92 1172 1073 1261; baseline 0.004 -25"><span class='ocrx_word' id='word_1_49' title='bbox 92 1193 150 1236; x_wconf 90' lang='lat' dir='ltr'>nes</span> <span class='ocrx_word' id='word_1_50' title='bbox 173 1194 215 1235; x_wconf 90' lang='lat' dir='ltr'>ex</span> <span class='ocrx_word' id='word_1_51' title='bbox 238 1173 403 1257; x_wconf 86' lang='lat' dir='ltr'>superiore</span> <span class='ocrx_word' id='word_1_52' title='bbox 425 1172 494 1238; x_wconf 90' lang='lat' dir='ltr'>loco</span> <span class='ocrx_word' id='word_1_53' title='bbox 517 1173 693 1238; x_wconf 86' lang='lat' dir='ltr'>defendere</span> <span class='ocrx_word' id='word_1_54' title='bbox 715 1184 855 1261; x_wconf 86' lang='lat' dir='ltr'>possent.</span> <span class='ocrx_word' id='word_1_55' title='bbox 891 1173 1073 1243; x_wconf 84' lang='lat' dir='ltr'>Subeuntes</span> 
     </span>
     <span class='ocr_line' id='line_1_10' title="bbox 70 1271 1072 1364; baseline 0.012 -31"><span class='ocrx_word' id='word_1_56' title='bbox 70 1271 141 1360; x_wconf 84' lang='lat' dir='ltr'>s[in</span> <span class='ocrx_word' id='word_1_57' title='bbox 163 1274 319 1352; x_wconf 87' lang='lat' dir='ltr'>adventu]</span> <span class='ocrx_word' id='word_1_58' title='bbox 356 1279 481 1341; x_wconf 84' lang='lat' dir='ltr'>nostros</span> <span class='ocrx_word' id='word_1_59' title='bbox 514 1276 679 1363; x_wconf 91' lang='lat' dir='ltr'>depellunt</span> <span class='ocrx_word' id='word_1_60' title='bbox 710 1275 786 1364; x_wconf 88' lang='lat' dir='ltr'>[quil</span> <span class='ocrx_word' id='word_1_61' title='bbox 815 1279 896 1344; x_wconf 90' lang='lat' dir='ltr'>telis.</span> <span class='ocrx_word' id='word_1_62' title='bbox 942 1279 1072 1362; x_wconf 78' lang='lat' dir='ltr'><strong>Quibus</strong></span> 
     </span>
     <span class='ocr_line' id='line_1_11' title="bbox 93 1378 1073 1467; baseline 0.005 -25"><span class='ocrx_word' id='word_1_63' title='bbox 93 1378 283 1444; x_wconf 88' lang='lat' dir='ltr'>cedentibus</span> <span class='ocrx_word' id='word_1_64' title='bbox 331 1381 479 1466; x_wconf 90' lang='lat' dir='ltr'>cupidius</span> <span class='ocrx_word' id='word_1_65' title='bbox 523 1380 777 1467; x_wconf 84' lang='lat' dir='ltr'>insequebantur</span> <span class='ocrx_word' id='word_1_66' title='bbox 815 1380 994 1448; x_wconf 87' lang='lat' dir='ltr'>adversarii</span> <span class='ocrx_word' id='word_1_67' title='bbox 1039 1391 1073 1447; x_wconf 92' lang='lat' dir='ltr'>et</span> 
     </span>
     <span class='ocr_line' id='line_1_12' title="bbox 94 1482 1071 1572; baseline 0.005 -25"><span class='ocrx_word' id='word_1_68' title='bbox 94 1484 263 1548; x_wconf 85' lang='lat' dir='ltr'>confestim</span> <span class='ocrx_word' id='word_1_69' title='bbox 285 1482 461 1548; x_wconf 88' lang='lat' dir='ltr'>tardabant</span> <span class='ocrx_word' id='word_1_70' title='bbox 483 1484 525 1549; x_wconf 90' lang='lat' dir='ltr'>ab</span> <span class='ocrx_word' id='word_1_71' title='bbox 549 1507 692 1550; x_wconf 86' lang='lat' dir='ltr'>accessu.</span> <span class='ocrx_word' id='word_1_72' title='bbox 738 1485 811 1550; x_wconf 92' lang='lat' dir='ltr'>Hoc</span> <span class='ocrx_word' id='word_1_73' title='bbox 833 1488 961 1572; x_wconf 86' lang='lat' dir='ltr'>saepius</span> <span class='ocrx_word' id='word_1_74' title='bbox 983 1487 1071 1552; x_wconf 86' lang='lat' dir='ltr'>facto</span> 
     </span>
     <span class='ocr_line' id='line_1_13' title="bbox 94 1586 1070 1676; baseline 0.003 -24"><span class='ocrx_word' id='word_1_75' title='bbox 94 1586 415 1652; x_wconf 83' lang='lat' dir='ltr'>animadvertebatur</span> <span class='ocrx_word' id='word_1_76' title='bbox 448 1599 558 1654; x_wconf 89' lang='lat' dir='ltr'>nostro</span> <span class='ocrx_word' id='word_1_77' title='bbox 592 1612 710 1675; x_wconf 84' lang='lat' dir='ltr'>magno</span> <span class='ocrx_word' id='word_1_78' title='bbox 742 1589 777 1654; x_wconf 91' lang='lat' dir='ltr'>id</span> <span class='ocrx_word' id='word_1_79' title='bbox 809 1590 881 1655; x_wconf 89' lang='lat' dir='ltr'>fieri</span> <span class='ocrx_word' id='word_1_80' title='bbox 918 1589 1070 1676; x_wconf 89' lang='lat' dir='ltr'>periculo.</span> 
     </span>
     <span class='ocr_line' id='line_1_14' title="bbox 70 1693 1074 1781; baseline 0.006 -29"><span class='ocrx_word' id='word_1_81' title='bbox 70 1693 202 1778; x_wconf 87' lang='lat' dir='ltr'>cOpere</span> <span class='ocrx_word' id='word_1_82' title='bbox 225 1693 475 1757; x_wconf 88' lang='lat' dir='ltr'>circummunire</span> <span class='ocrx_word' id='word_1_83' title='bbox 497 1693 685 1778; x_wconf 81' lang='lat' dir='ltr'>instituunt3</span> <span class='ocrx_word' id='word_1_84' title='bbox 709 1696 780 1781; x_wconf 89' lang='lat' dir='ltr'>pari</span> <span class='ocrx_word' id='word_1_85' title='bbox 803 1704 912 1759; x_wconf 92' lang='lat' dir='ltr'>autem</span> <span class='ocrx_word' id='word_1_86' title='bbox 928 1703 961 1759; x_wconf 92' lang='lat' dir='ltr'>et</span> <span class='ocrx_word' id='word_1_87' title='bbox 976 1693 1074 1760; x_wconf 89' lang='lat' dir='ltr'>celeri</span> 
     </span>
     <span class='ocr_line' id='line_1_15' title="bbox 98 1795 1075 1882; baseline 0.002 -23"><span class='ocrx_word' id='word_1_88' title='bbox 98 1795 301 1860; x_wconf 90' lang='lat' dir='ltr'>festinatione</span> <span class='ocrx_word' id='word_1_89' title='bbox 341 1797 463 1860; x_wconf 92' lang='lat' dir='ltr'>circum</span> <span class='ocrx_word' id='word_1_90' title='bbox 500 1798 692 1861; x_wconf 90' lang='lat' dir='ltr'>munitiones</span> <span class='ocrx_word' id='word_1_91' title='bbox 728 1798 803 1882; x_wconf 83' lang='lat' dir='ltr'>iugc</span> <span class='ocrx_word' id='word_1_92' title='bbox 841 1797 999 1882; x_wconf 83' lang='lat' dir='ltr'>dirigunt,</span> <span class='ocrx_word' id='word_1_93' title='bbox 1036 1805 1075 1861; x_wconf 92' lang='lat' dir='ltr'>ut</span> 
     </span>
     <span class='ocr_line' id='line_1_16' title="bbox 98 1898 1073 1986; baseline 0.002 -24"><span class='ocrx_word' id='word_1_94' title='bbox 98 1921 201 1984; x_wconf 89' lang='lat' dir='ltr'>aequo</span> <span class='ocrx_word' id='word_1_95' title='bbox 231 1898 313 1984; x_wconf 89' lang='lat' dir='ltr'>pede</span> <span class='ocrx_word' id='word_1_96' title='bbox 348 1921 420 1963; x_wconf 90' lang='lat' dir='ltr'>cum</span> <span class='ocrx_word' id='word_1_97' title='bbox 449 1898 643 1964; x_wconf 88' lang='lat' dir='ltr'>adversariis</span> <span class='ocrx_word' id='word_1_98' title='bbox 673 1900 827 1986; x_wconf 84' lang='lat' dir='ltr'>congredi</span> <span class='ocrx_word' id='word_1_99' title='bbox 856 1909 995 1986; x_wconf 89' lang='lat' dir='ltr'>possent.</span> <span class='ocrx_word' id='word_1_100' title='bbox 1040 1899 1073 1964; x_wconf 88' lang='lat' dir='ltr'><strong>A</strong></span> 
     </span>
     <span class='ocr_line' id='line_1_17' title="bbox 97 2001 1074 2089; baseline 0.002 -23"><span class='ocrx_word' id='word_1_101' title='bbox 97 2002 214 2088; x_wconf 90' lang='lat' dir='ltr'>quibus</span> <span class='ocrx_word' id='word_1_102' title='bbox 231 2025 304 2066; x_wconf 92' lang='lat' dir='ltr'>cum</span> <span class='ocrx_word' id='word_1_103' title='bbox 316 2001 578 2066; x_wconf 85' lang='lat' dir='ltr'>animadversum</span> <span class='ocrx_word' id='word_1_104' title='bbox 595 2011 688 2084; x_wconf 84' lang='lat' dir='ltr'>esset,</span> <span class='ocrx_word' id='word_1_105' title='bbox 705 2003 784 2088; x_wconf 86' lang='lat' dir='ltr'>fuga</span> <span class='ocrx_word' id='word_1_106' title='bbox 799 2002 860 2068; x_wconf 90' lang='lat' dir='ltr'>sibi</span> <span class='ocrx_word' id='word_1_107' title='bbox 875 2003 1074 2089; x_wconf 88' lang='lat' dir='ltr'>praesidium</span> 
     </span>
     <span class='ocr_line' id='line_1_18' title="bbox 95 2108 236 2192; baseline -0.014 -21"><span class='ocrx_word' id='word_1_108' title='bbox 95 2108 236 2192; x_wconf 87' lang='lat' dir='ltr'>capiunt.</span> 
     </span>
    </p>

    <p class='ocr_par' dir='ltr' id='par_1_3' title="bbox 93 2208 1072 2505">
     <span class='ocr_line' id='line_1_19' title="bbox 179 2208 1072 2296; baseline 0.007 -25"><span class='ocrx_word' id='word_1_109' title='bbox 179 2208 230 2273; x_wconf 87' lang='lat'>39.</span> <span class='ocrx_word' id='word_1_110' title='bbox 264 2209 453 2294; x_wconf 86' lang='lat' dir='ltr'>Pompeius,</span> <span class='ocrx_word' id='word_1_111' title='bbox 476 2217 513 2273; x_wconf 89' lang='lat' dir='ltr'>ut</span> <span class='ocrx_word' id='word_1_112' title='bbox 535 2231 635 2296; x_wconf 90' lang='lat' dir='ltr'>supra</span> <span class='ocrx_word' id='word_1_113' title='bbox 657 2209 967 2296; x_wconf 80' lang='lat' dir='ltr'>demonstravimus,</span> <span class='ocrx_word' id='word_1_114' title='bbox 1001 2233 1072 2277; x_wconf 91' lang='lat' dir='ltr'>sau-</span> 
     </span>
     <span class='ocr_line' id='line_1_20' title="bbox 94 2313 1071 2401; baseline 0.003 -25"><span class='ocrx_word' id='word_1_115' title='bbox 94 2316 162 2379; x_wconf 90' lang='lat' dir='ltr'>cius</span> <span class='ocrx_word' id='word_1_116' title='bbox 185 2322 217 2378; x_wconf 89' lang='lat' dir='ltr'>et</span> <span class='ocrx_word' id='word_1_117' title='bbox 239 2315 357 2379; x_wconf 90' lang='lat' dir='ltr'>intorto</span> <span class='ocrx_word' id='word_1_118' title='bbox 380 2313 445 2378; x_wconf 92' lang='lat' dir='ltr'>talo</span> <span class='ocrx_word' id='word_1_119' title='bbox 469 2313 589 2380; x_wconf 89' lang='lat' dir='ltr'>idcirco</span> <span class='ocrx_word' id='word_1_120' title='bbox 604 2316 798 2381; x_wconf 88' lang='lat' dir='ltr'>tardabatur</span> <span class='ocrx_word' id='word_1_121' title='bbox 811 2315 854 2380; x_wconf 88' lang='lat' dir='ltr'>ad</span> <span class='ocrx_word' id='word_1_122' title='bbox 868 2314 1071 2401; x_wconf 81' lang='lat' dir='ltr'>fugiendum,</span> 
     </span>
     <span class='ocr_line' id='line_1_21' title="bbox 93 2417 1072 2505; baseline 0.001 -24"><span class='ocrx_word' id='word_1_123' title='bbox 93 2419 234 2502; x_wconf 91' lang='lat' dir='ltr'>itemque</span> <span class='ocrx_word' id='word_1_124' title='bbox 257 2425 388 2504; x_wconf 90' lang='lat' dir='ltr'>propter</span> <span class='ocrx_word' id='word_1_125' title='bbox 411 2417 471 2482; x_wconf 88' lang='lat' dir='ltr'>loci</span> <span class='ocrx_word' id='word_1_126' title='bbox 494 2417 718 2484; x_wconf 89' lang='lat' dir='ltr'>difficultatem</span> <span class='ocrx_word' id='word_1_127' title='bbox 739 2441 845 2505; x_wconf 90' lang='lat' dir='ltr'>neque</span> <span class='ocrx_word' id='word_1_128' title='bbox 861 2441 943 2505; x_wconf 91' lang='lat' dir='ltr'>equo</span> <span class='ocrx_word' id='word_1_129' title='bbox 966 2440 1072 2504; x_wconf 91' lang='lat' dir='ltr'>neque</span> 
     </span>
    </p>

    <p class='ocr_par' dir='ltr' id='par_1_4' title="bbox 71 2521 1072 3334">
     <span class='ocr_line' id='line_1_22' title="bbox 71 2521 1072 2609; baseline 0 -23"><span class='ocrx_word' id='word_1_130' title='bbox 71 2521 239 2586; x_wconf 85' lang='lat' dir='ltr'>²vehiculc</span> <span class='ocrx_word' id='word_1_131' title='bbox 252 2521 346 2586; x_wconf 87' lang='lat' dir='ltr'>saluti</span> <span class='ocrx_word' id='word_1_132' title='bbox 359 2543 438 2586; x_wconf 91' lang='lat' dir='ltr'>suae</span> <span class='ocrx_word' id='word_1_133' title='bbox 450 2522 648 2609; x_wconf 86' lang='lat' dir='ltr'>praesidium</span> <span class='ocrx_word' id='word_1_134' title='bbox 660 2544 777 2608; x_wconf 90' lang='lat' dir='ltr'>parare</span> <span class='ocrx_word' id='word_1_135' title='bbox 789 2531 924 2607; x_wconf 89' lang='lat' dir='ltr'>poterat.</span> <span class='ocrx_word' id='word_1_136' title='bbox 946 2521 1072 2587; x_wconf 81' lang='lat' dir='ltr'>Caedes</span> 
     </span>
     <span class='ocr_line' id='line_1_23' title="bbox 71 2623 1070 2711; baseline 0.007 -29"><span class='ocrx_word' id='word_1_137' title='bbox 71 2642 113 2688; x_wconf 83' lang='lat' dir='ltr'>ca</span> <span class='ocrx_word' id='word_1_138' title='bbox 135 2626 252 2689; x_wconf 91' lang='lat' dir='ltr'>nostris</span> <span class='ocrx_word' id='word_1_139' title='bbox 275 2624 420 2711; x_wconf 89' lang='lat' dir='ltr'>undique</span> <span class='ocrx_word' id='word_1_140' title='bbox 443 2624 740 2690; x_wconf 88' lang='lat' dir='ltr'>administrabatur.</span> <span class='ocrx_word' id='word_1_141' title='bbox 787 2623 946 2689; x_wconf 81' lang='lat' dir='ltr'>Conclusa</span> <span class='ocrx_word' id='word_1_142' title='bbox 969 2626 1070 2690; x_wconf 91' lang='lat' dir='ltr'>muni-</span> 
     </span>
     <span class='ocr_line' id='line_1_24' title="bbox 92 2727 1072 2814; baseline 0 -22"><span class='ocrx_word' id='word_1_143' title='bbox 92 2729 179 2792; x_wconf 90' lang='lat' dir='ltr'>tione</span> <span class='ocrx_word' id='word_1_144' title='bbox 202 2729 392 2813; x_wconf 89' lang='lat' dir='ltr'>amissisque</span> <span class='ocrx_word' id='word_1_145' title='bbox 426 2727 553 2794; x_wconf 87' lang='lat' dir='ltr'>auxiliis</span> <span class='ocrx_word' id='word_1_146' title='bbox 587 2728 629 2793; x_wconf 89' lang='lat' dir='ltr'>ad</span> <span class='ocrx_word' id='word_1_147' title='bbox 664 2728 843 2793; x_wconf 88' lang='lat' dir='ltr'>convallem</span> <span class='ocrx_word' id='word_1_148' title='bbox 872 2750 1072 2814; x_wconf 88' lang='lat' dir='ltr'>exesumque</span> 
     </span>
     <span class='ocr_line' id='line_1_25' title="bbox 93 2830 1071 2919; baseline 0.002 -24"><span class='ocrx_word' id='word_1_149' title='bbox 93 2830 198 2897; x_wconf 92' lang='lat' dir='ltr'>locum</span> <span class='ocrx_word' id='word_1_150' title='bbox 225 2833 259 2897; x_wconf 93' lang='lat' dir='ltr'>in</span> <span class='ocrx_word' id='word_1_151' title='bbox 288 2830 475 2917; x_wconf 90' lang='lat' dir='ltr'>speluncam</span> <span class='ocrx_word' id='word_1_152' title='bbox 497 2833 670 2918; x_wconf 90' lang='lat' dir='ltr'>Pompeius</span> <span class='ocrx_word' id='word_1_153' title='bbox 699 2854 734 2896; x_wconf 90' lang='lat' dir='ltr'>se</span> <span class='ocrx_word' id='word_1_154' title='bbox 765 2832 926 2897; x_wconf 87' lang='lat' dir='ltr'>occultare</span> <span class='ocrx_word' id='word_1_155' title='bbox 956 2833 1071 2919; x_wconf 80' lang='lat' dir='ltr'>eoepit,</span> 
     </span>
     <span class='ocr_line' id='line_1_26' title="bbox 94 2934 1071 3022; baseline 0 -23"><span class='ocrx_word' id='word_1_156' title='bbox 94 2943 131 2999; x_wconf 90' lang='lat' dir='ltr'>ut</span> <span class='ocrx_word' id='word_1_157' title='bbox 153 2959 173 3000; x_wconf 91' lang='lat' dir='ltr'>a</span> <span class='ocrx_word' id='word_1_158' title='bbox 195 2937 313 2999; x_wconf 90' lang='lat' dir='ltr'>nostris</span> <span class='ocrx_word' id='word_1_159' title='bbox 336 2956 401 2998; x_wconf 93' lang='lat' dir='ltr'>non</span> <span class='ocrx_word' id='word_1_160' title='bbox 424 2934 517 3000; x_wconf 88' lang='lat' dir='ltr'>facile</span> <span class='ocrx_word' id='word_1_161' title='bbox 544 2937 745 3000; x_wconf 90' lang='lat' dir='ltr'>inveniretur</span> <span class='ocrx_word' id='word_1_162' title='bbox 778 2937 840 3000; x_wconf 90' lang='lat' dir='ltr'>nisi</span> <span class='ocrx_word' id='word_1_163' title='bbox 869 2936 1071 3022; x_wconf 84' lang='lat' dir='ltr'>captivorum</span> 
     </span>
     <span class='ocr_line' id='line_1_27' title="bbox 71 3036 1072 3105; baseline -0.001 -2"><span class='ocrx_word' id='word_1_164' title='bbox 71 3039 220 3104; x_wconf 65' lang='lat' dir='ltr'>sindicio.</span> <span class='ocrx_word' id='word_1_165' title='bbox 264 3038 316 3102; x_wconf 86' lang='lat' dir='ltr'>lta</span> <span class='ocrx_word' id='word_1_166' title='bbox 345 3036 390 3101; x_wconf 94' lang='lat' dir='ltr'>ibi</span> <span class='ocrx_word' id='word_1_167' title='bbox 418 3039 620 3103; x_wconf 88' lang='lat' dir='ltr'>interficitur.</span> <span class='ocrx_word' id='word_1_168' title='bbox 666 3037 748 3103; x_wconf 81' lang='lat' dir='ltr'>Cum</span> <span class='ocrx_word' id='word_1_169' title='bbox 771 3037 894 3104; x_wconf 81' lang='lat' dir='ltr'>Caesar</span> <span class='ocrx_word' id='word_1_170' title='bbox 922 3037 1072 3105; x_wconf 82' lang='lat' dir='ltr'>Gadibus</span> 
     </span>
     <span class='ocr_line' id='line_1_28' title="bbox 93 3140 1072 3229; baseline -0.002 -22"><span class='ocrx_word' id='word_1_171' title='bbox 93 3143 216 3226; x_wconf 86' lang='lat' dir='ltr'>fuisset,</span> <span class='ocrx_word' id='word_1_172' title='bbox 239 3140 400 3228; x_wconf 88' lang='lat' dir='ltr'>Hispalim</span> <span class='ocrx_word' id='word_1_173' title='bbox 420 3155 456 3207; x_wconf 89' lang='grc' dir='ltr'>ΙΙ.</span> <span class='ocrx_word' id='word_1_174' title='bbox 480 3141 529 3206; x_wconf 84' lang='lat' dir='ltr'>ld.</span> <span class='ocrx_word' id='word_1_175' title='bbox 553 3141 656 3228; x_wconf 87' lang='lat' dir='ltr'>April.</span> <span class='ocrx_word' id='word_1_176' title='bbox 688 3151 786 3229; x_wconf 88' lang='lat' dir='ltr'>caput</span> <span class='ocrx_word' id='word_1_177' title='bbox 808 3142 943 3207; x_wconf 90' lang='lat' dir='ltr'>allatum</span> <span class='ocrx_word' id='word_1_178' title='bbox 965 3150 998 3205; x_wconf 92' lang='lat' dir='ltr'>et</span> <span class='ocrx_word' id='word_1_179' title='bbox 1021 3164 1072 3228; x_wconf 92' lang='lat' dir='ltr'>po-</span> 
     </span>
     <span class='ocr_line' id='line_1_29' title="bbox 94 3247 671 3334; baseline -0.003 -22"><span class='ocrx_word' id='word_1_180' title='bbox 94 3247 169 3334; x_wconf 91' lang='lat' dir='ltr'>pulo</span> <span class='ocrx_word' id='word_1_181' title='bbox 192 3247 305 3312; x_wconf 92' lang='lat' dir='ltr'>datum</span> <span class='ocrx_word' id='word_1_182' title='bbox 328 3247 431 3310; x_wconf 89' lang='lat' dir='ltr'>estin</span> <span class='ocrx_word' id='word_1_183' title='bbox 455 3256 671 3332; x_wconf 89' lang='lat' dir='ltr'>conspectum.</span> 
     </span>
    </p>

    <p class='ocr_par' dir='ltr' id='par_1_5' title="bbox 94 3347 1073 3644">
     <span class='ocr_line' id='line_1_30' title="bbox 179 3347 1070 3436; baseline 0 -23"><span class='ocrx_word' id='word_1_184' title='bbox 179 3350 231 3415; x_wconf 84' lang='lat'>40.</span> <span class='ocrx_word' id='word_1_185' title='bbox 255 3349 430 3414; x_wconf 89' lang='lat' dir='ltr'>Interfecto</span> <span class='ocrx_word' id='word_1_186' title='bbox 454 3347 512 3414; x_wconf 83' lang='lat' dir='ltr'>On.</span> <span class='ocrx_word' id='word_1_187' title='bbox 536 3349 689 3436; x_wconf 93' lang='lat' dir='ltr'>Pompeio</span> <span class='ocrx_word' id='word_1_188' title='bbox 713 3349 920 3415; x_wconf 88' lang='lat' dir='ltr'>adulescente</span> <span class='ocrx_word' id='word_1_189' title='bbox 942 3349 1070 3432; x_wconf 88' lang='lat' dir='ltr'>Didius,</span> 
     </span>
     <span class='ocr_line' id='line_1_31' title="bbox 94 3451 1073 3540; baseline 0 -22"><span class='ocrx_word' id='word_1_190' title='bbox 94 3475 191 3540; x_wconf 92' lang='lat' dir='ltr'>quem</span> <span class='ocrx_word' id='word_1_191' title='bbox 220 3476 318 3540; x_wconf 90' lang='lat' dir='ltr'>supra</span> <span class='ocrx_word' id='word_1_192' title='bbox 353 3453 663 3535; x_wconf 87' lang='lat' dir='ltr'>demonstravimus,</span> <span class='ocrx_word' id='word_1_193' title='bbox 698 3451 752 3517; x_wconf 89' lang='lat' dir='ltr'>illa</span> <span class='ocrx_word' id='word_1_194' title='bbox 786 3454 921 3518; x_wconf 87' lang='lat' dir='ltr'>affectus</span> <span class='ocrx_word' id='word_1_195' title='bbox 949 3452 1073 3518; x_wconf 88' lang='lat' dir='ltr'>laetitia</span> 
     </span>
     <span class='ocr_line' id='line_1_32' title="bbox 94 3555 1073 3644; baseline -0.001 -21"><span class='ocrx_word' id='word_1_196' title='bbox 94 3559 243 3644; x_wconf 88' lang='lat' dir='ltr'>proximo</span> <span class='ocrx_word' id='word_1_197' title='bbox 279 3581 314 3623; x_wconf 89' lang='lat' dir='ltr'>se</span> <span class='ocrx_word' id='word_1_198' title='bbox 347 3559 470 3644; x_wconf 89' lang='lat' dir='ltr'>recepit</span> <span class='ocrx_word' id='word_1_199' title='bbox 498 3555 627 3622; x_wconf 91' lang='lat' dir='ltr'>castello</span> <span class='ocrx_word' id='word_1_200' title='bbox 650 3556 885 3642; x_wconf 91' lang='lat' dir='ltr'>nonnullasque</span> <span class='ocrx_word' id='word_1_201' title='bbox 908 3578 1009 3622; x_wconf 87' lang='lat' dir='ltr'>naves</span> <span class='ocrx_word' id='word_1_202' title='bbox 1031 3557 1073 3622; x_wconf 88' lang='lat' dir='ltr'>ad</span> 
     </span>
    </p>
   </div>
   <div class='ocr_carea' id='block_1_3' title="bbox 0 0 1195 3924">
    <p class='ocr_par' dir='ltr' id='par_1_6' title="bbox 0 0 1195 3924">
     <span class='ocr_line' id='line_1_33' title="bbox 0 0 1195 3924; baseline 0 0"><span class='ocrx_word' id='word_1_203' title='bbox 0 0 1195 3924; x_wconf 95' lang='lat' dir='ltr'> </span> 
     </span>
    </p>
   </div>
  </div>
 </body>
</html>
