2376 3924
358 225 470 275 nrssnn
487 224 548 287 vn,
570 225 647 275 cnr.
666 226 777 277 24-27.
995 227 1054 292 187

74 416 236 481 memoria
252 415 363 480 visum
384 416 666 501 praetereundum
689 439 756 482 non
777 419 1055 485 existimavimus.

76 519 225 601 Quidam
247 526 327 583 ante
350 527 484 604 portam
507 520 621 606 oppidi
638 520 757 587 Gallus
773 545 833 608 per
847 545 967 588 manus
984 525 1077 589 sevi2

79 647 119 691 ac
141 625 226 710 picis
250 622 397 689 traditas
421 622 540 708 glebas
563 627 598 690 in
622 627 735 710 ignem
758 649 776 691 e
798 627 935 710 regione
952 627 1055 695 turris

76 727 280 816 proiciebat,
318 729 494 814 scorpione
523 728 566 794 ab
596 729 703 795 latere
738 730 857 796 dextro
891 731 1054 798 traiectus

76 835 356 918 exanimatusque
390 831 551 900 concidit.
595 834 695 899 Hunc
718 857 762 900 ex
783 834 947 920 proximis
969 853 1075 899 unuse

76 940 245 1004 iacentem
255 947 488 1021 transgressus
498 937 613 1004 eodem
626 937 685 1004 illo
693 937 1055 1022 munerefungebatur3

76 1042 195 1108 eadem
212 1042 346 1106 ratione
362 1041 433 1107 ictu
449 1043 636 1127 scorpionis
653 1044 846 1109 exanimato
863 1041 964 1109 alteri
982 1065 1055 1108 suc-

76 1147 179 1212 cessit
202 1146 323 1211 tertius
348 1153 380 1210 et
405 1147 506 1210 tertio
530 1155 682 1232 quartus,
705 1169 767 1212 ncc
783 1149 876 1233 prius
892 1146 950 1212 ille
967 1156 1017 1212 est
1034 1165 1076 1212 ae

75 1248 384 1338 propugnatoribus
407 1271 535 1316 vacuus
567 1250 706 1315 relictus
742 1250 847 1333 locus,
881 1272 982 1336 quam
1004 1274 1054 1316 re·

76 1357 201 1422 stincto
226 1374 352 1438 aggere
376 1362 477 1439 atque
494 1355 582 1419 omni
600 1363 754 1440 exparte
771 1353 934 1421 submotis
949 1356 1054 1420 hosti·

73 1458 138 1524 bus
161 1460 239 1524 finis
263 1468 315 1524 est
337 1457 512 1545 pugnandi
534 1459 656 1524 sactus.

179 1561 231 1628 26.
248 1562 370 1629 Omnia
384 1566 514 1649 experti
523 1562 626 1645 Galli,
643 1563 732 1649 quod
744 1587 797 1630 res
810 1563 905 1630 nulla
922 1586 1054 1629 succes·

76 1676 180 1752 serat,
213 1677 348 1754 postero
379 1668 434 1733 die
468 1667 644 1732 consilium
680 1677 842 1753 ceperunt
865 1691 908 1732 ex
931 1667 1053 1752 oppido

76 1771 255 1856 profugere
267 1773 425 1838 hortante
439 1780 472 1837 et
490 1771 628 1838 iubente
640 1772 933 1856 Vercingetorige.
950 1771 991 1837 Id
1008 1772 1075 1836 si·a

75 1875 180 1941 lentio
203 1878 311 1943 noetis
328 1879 443 1942 conati
458 1898 526 1942 non
541 1897 665 1960 magna
682 1878 812 1941 iactura
829 1897 964 1940 suorum
980 1897 1054 1940 sese

75 1979 251 2046 effecturos
276 1978 470 2067 sperabant,
504 1989 682 2066 propterea
706 1979 795 2066 quod
818 2002 925 2065 neque
953 1979 1054 2063 longe

75 2081 119 2149 ab
136 2083 257 2169 oppido
274 2093 389 2149 castra
406 2084 700 2167 Vercingetorigis
716 2082 871 2165 aberant,
895 2091 928 2148 et
944 2083 1052 2169 palus,

75 2209 161 2273 quae
177 2196 339 2273 perpetua
352 2185 598 2270 intercedebat,
614 2187 783 2252 Romanos
807 2186 852 2252 ad
876 2188 1052 2271 insequen-

76 2290 152 2354 dum
166 2290 339 2356 tardabat.
362 2292 500 2377 Iamque
512 2290 575 2355 hoc
587 2290 700 2355 facere
711 2300 815 2355 noctu
827 2289 1074 2376 apparabant,e

73 2417 149 2460 cum
171 2394 451 2461 matresfamiliae
473 2402 611 2482 repente
635 2394 670 2459 in
693 2393 865 2480 publicum
880 2416 1052 2480 procurre-

73 2508 152 2563 runt
175 2499 360 2586 flentesque
374 2498 548 2584 proiectae
565 2497 610 2562 ad
625 2496 728 2584 pedes
747 2519 879 2564 suorum
896 2499 1050 2563 omnibus

72 2601 229 2688 precibus
253 2604 431 2689 petierunt,
455 2625 498 2669 ne
521 2625 557 2668 se
580 2611 614 2667 et
638 2624 829 2668 communes
853 2601 978 2667 liberos
994 2602 1051 2666 ho·

74 2705 183 2772 stibus
207 2706 253 2770 ad
277 2706 476 2792 supplicium
493 2704 666 2789 dederent,
690 2726 772 2790 quos
789 2705 835 2770 ad
851 2706 1051 2791 capiendam

73 2810 188 2894 fugam
211 2819 355 2876 naturae
379 2820 412 2877 et
427 2810 549 2876 virium
572 2809 750 2874 infirmitas
774 2809 961 2894 impediret.
985 2811 1073 2876 Ubi4

73 2935 130 2979 eos
153 2914 189 2978 in
206 2915 375 2979 sententia
390 2922 544 3001 perstare
560 2913 730 2996 viderunt,
754 2912 843 2999 quod
858 2911 1052 3001 plerumque

72 3021 108 3084 in
124 3040 251 3085 summo
266 3018 416 3105 periculo
435 3021 535 3084 timor
550 3018 817 3083 misericordiam
832 3040 900 3083 non
921 3020 1051 3103 recipit,

73 3122 288 3190 conclamare
296 3131 330 3189 et
343 3123 537 3208 siguificare
545 3122 586 3188 de
599 3123 848 3206 fugaRomanis
857 3132 1051 3208 coeperunt.

74 3227 148 3310 Quo
170 3228 291 3293 timore
314 3229 486 3314 perterriti
502 3224 606 3312 Galli,
629 3249 672 3292 ne
695 3227 738 3292 ab
763 3228 916 3312 equitatu
931 3227 1073 3291 Roma-⁵

72 3352 192 3396 norum
207 3332 284 3397 viee
306 3341 646 3418 praeoccuparentur,
669 3330 811 3397 consilio
836 3330 1049 3396 destiterunt.

175 3433 226 3500 27.
249 3435 390 3501 Postero
407 3435 462 3500 die
479 3432 607 3500 Caesar
622 3444 775 3521 promota
793 3436 879 3499 turri
897 3433 1050 3498 directis-

73 3557 138 3623 que
153 3537 321 3624 operibus,
343 3559 431 3624 quae
445 3539 558 3604 faeere
573 3539 779 3622 instituerat,
794 3557 917 3621 magno
933 3547 1050 3605 coorto
