2376 3924
178 247 219 312 22
505 244 555 296 nn
573 244 694 295 annuo
715 243 827 294 mrim

178 437 331 520 collocati,
360 458 398 500 eo
421 438 521 521 signo,
551 434 639 520 quod
661 441 866 515 convenerat,
889 439 1086 496 revocantur
1109 453 1165 496 no·

156 545 282 626 rtisque
304 538 472 604 itineribus
495 538 538 603 ad
560 560 661 603 naves
684 537 870 602 decurrunt.
909 534 1027 600 Milites
1050 537 1167 620 positis

178 643 271 708 scalis
298 664 406 707 muros
435 641 627 723 ascendunt,
662 641 718 704 sed
752 642 863 704 moniti
897 664 917 704 a
947 638 1166 721 Brundisium,

178 759 213 812 ut
241 746 361 811 vallum
390 768 522 810 caecum
550 746 717 829 fossasque
747 754 894 827 caveant,
929 742 1109 807 subsistunt
1133 752 1168 807 et

179 852 272 935 longo
288 854 400 915 itinere
417 848 459 914 ab
475 850 524 913 his
540 849 751 913 circumducti
767 848 809 912 ad
826 857 953 933 portum
969 849 1169 932 perveniunt

179 955 324 1039 duasque
352 976 453 1018 naves
484 975 557 1016 curn
586 951 755 1035 militibus,
785 974 868 1037 quae
897 952 939 1016 ad
961 951 1061 1015 moles
1085 951 1167 1018 an-

179 1062 259 1122 saris
282 1058 507 1141 adhaeserant,
536 1057 663 1142 scaphis
681 1055 894 1140 lintribusque
910 1055 1166 1141 reprehendunt,

179 1161 391 1245 reprehensas
415 1162 589 1245 excipiunt.

265 1263 315 1328 29.
354 1263 491 1346 Caesar,
526 1266 585 1327 etsi
619 1263 661 1327 ad
696 1285 786 1348 spem
820 1263 1009 1327 conficiendi
1043 1267 1168 1347 negotii

179 1370 320 1431 maxime
350 1366 510 1453 probabat
539 1369 657 1430 coactis
686 1364 824 1429 navibus
852 1388 941 1429 mare
970 1368 1109 1430 transire
1132 1376 1168 1431 et

179 1473 368 1557 Pompeium
397 1473 502 1556 sequi,
538 1473 726 1555 priusquam
754 1469 805 1532 ille
842 1491 911 1532 sese
939 1471 1168 1533 transmarinis

172 1573 307 1638 'auxiliis
322 1577 538 1657 confirmaret,
561 1583 670 1638 tamen
693 1575 761 1637 eius
783 1575 830 1636 rei
852 1594 976 1636 moram
998 1575 1167 1658 temporis-

180 1700 243 1762 que
273 1678 539 1763 longinquitatem
567 1675 716 1758 timebat‚
752 1675 839 1760 quod
868 1675 1016 1740 omnibus
1045 1679 1168 1741 coactis

180 1781 320 1845 navibus
343 1783 515 1866 Pompeius
538 1788 741 1866 praesentem
763 1777 951 1843 facultatem
973 1779 1169 1864 insequendi

151 1887 230 1947 ‘osui
253 1884 428 1948 ademerat.
475 1883 741 1968 Relinquebatur,
764 1893 800 1947 ut
822 1904 865 1946 ex
887 1880 1168 1966 longinquioribus

180 1986 366 2070 regionibus
389 1985 513 2051 Galliae
535 1988 710 2070 Picenique
733 1995 765 2050 et
787 2007 807 2048 a
829 1984 911 2048 freto
934 2005 1035 2048 naves
1057 1996 1169 2051 essent

171 2090 429 2176 exspectandae.
457 2091 496 2155 ld
519 2100 650 2176 propter
673 2092 749 2153 anni
765 2078 898 2174 'tempus
920 2087 1051 2172 longum
1066 2098 1168 2176 atque

157 2194 370 2279 rimpeditum
403 2194 586 2259 videbatur.
632 2195 761 2257 Interea
794 2202 938 2256 veterem
975 2195 1168 2278 exercitum,

179 2298 261 2362 duas
284 2299 459 2383 Hispanias
482 2299 682 2380 confirmari,
712 2319 849 2382 quarum
879 2305 949 2362 erat
976 2297 1078 2362 altera
1100 2320 1168 2364 ma·

179 2404 274 2466 ximis
308 2401 472 2466 beneficiis
505 2404 639 2487 Pompei
674 2401 841 2484 devincta,
874 2400 1009 2484 auxilia,
1044 2405 1168 2487 equita-

179 2515 248 2570 tum
271 2507 390 2590 parari,
415 2504 554 2570 Galliam
577 2497 769 2589 Italiamque
792 2507 943 2590 temptari
972 2527 1007 2569 se
1029 2503 1168 2571 absente

180 2608 318 2672 nolebat.

266 2713 317 2777 30.
353 2715 468 2798 ltaque
498 2715 530 2777 in
558 2714 742 2799 praesentia
770 2714 904 2798 Pompei
932 2712 1089 2798 sequendi
1117 2737 1168 2780 ra-

180 2818 299 2880 tionem
331 2819 462 2898 omittit,
498 2819 530 2879 in
564 2818 755 2902 Hispaniam
788 2817 949 2900 proticisci
986 2818 1175 2907 constituite

181 2917 360 2982 duumviris
384 2922 632 3004 municipiorum
655 2923 797 2984 omnium
820 2922 973 3005 imperat,
1001 2929 1038 2984 ut
1064 2943 1169 2987 naves

159 3024 371 3104 2oonquirant
393 3023 666 3109 Brundisiumque
690 3024 897 3088 deducendas
920 3033 1042 3089 curent.
1066 3025 1171 3090 Mittit

182 3127 214 3188 in
243 3124 425 3190 Sardiniam
459 3148 532 3189 cum
565 3125 689 3210 legione
719 3150 784 3191 una
812 3127 979 3193 Valerium
1012 3126 1168 3213 legatum,

182 3231 214 3292 in
245 3228 384 3293 Siciliam
414 3227 586 3293 Curionem
614 3252 672 3315 pro
701 3239 849 3315 praetore
879 3252 953 3294 cum
986 3229 1168 3314 legionibus

183 3331 324 3416 duabus3
356 3332 512 3414 eundem,
542 3354 615 3395 cum
639 3332 780 3399 Siciliam
801 3336 992 3420 recepisset,
1020 3335 1169 3418 protinus

183 3438 215 3499 in
238 3435 383 3499 Africam
412 3436 621 3500 transducere
644 3440 822 3502 exercitum
845 3436 943 3503 iubet.
981 3437 1170 3505 Sardiniam

184 3538 350 3604 obtinebat
373 3541 416 3604 M.
435 3538 539 3622 Cotta,
564 3539 704 3606 Siciliam
727 3541 771 3605 M.
789 3540 886 3624 (ἔπος
909 3540 1058 3617 Africam
1078 3550 1152 3606 nort
