2376 3924
492 246 566 297 cnr.
585 244 696 296 42-44,
1017 243 1079 308 201

103 438 191 498 simis
230 434 476 520 tempestatibus
510 443 641 520 propter
680 435 821 520 inopiam
859 433 989 498 castella
1026 442 1082 496 aut

105 538 223 624 oppida
246 559 435 623 expugnare
452 546 631 622 cogeretur,
655 536 769 602 crebro
783 537 986 601 incommoda
1002 538 1081 600 acci-

104 641 229 728 piebat,
258 642 405 727 adeoque
434 650 483 705 est
512 663 531 706 a
554 639 703 705 barbaris
726 648 944 725 contemptus,
968 649 1004 703 ut
1026 640 1101 705 Sta-s

103 747 210 811 lonam
245 767 279 809 se
307 747 466 830 recipiens
496 747 529 808 in
560 744 714 830 oppidum
746 745 959 823 maritimum,
994 742 1080 828 quod

103 854 190 915 cives
228 852 365 915 Romani
401 849 565 914 fortissimi
602 848 843 934 fidelissimique
887 847 1080 928 incolebant,

102 957 133 1018 in
158 956 286 1039 agmine
309 954 463 1019 dimicare
487 956 527 1018 sit
550 962 688 1017 coactus.
714 952 787 1034 Quo
811 951 931 1038 proelio
954 948 1102 1014 duobusr

101 1058 229 1123 milibus
238 1057 374 1122 militum
382 1057 519 1142 amplius
532 1058 666 1137 amissis,
681 1054 922 1120 centurionibus
930 1070 1080 1136 xxxvllt,

101 1162 238 1227 tribunis
257 1178 312 1228 1111
341 1183 415 1225 cum
443 1159 574 1244 reliquis
605 1161 704 1244 copiis
727 1157 878 1224 Salonam
901 1180 936 1223 se
958 1159 1081 1242 recepit

101 1288 290 1350 summaque
323 1264 369 1329 ibi
402 1263 591 1328 difficultate
629 1284 735 1326 rerum
775 1264 917 1327 omnium
950 1283 1079 1348 pressus

100 1372 212 1454 paucis
240 1367 405 1433 mensibus
433 1367 547 1432 morbo
576 1369 679 1453 periit.
726 1365 825 1432 Cuius
856 1375 889 1430 et
910 1366 1100 1431 infelicitass

101 1477 167 1537 vivi
191 1483 223 1536 et
245 1472 351 1536 subita
374 1493 460 1535 mors
482 1473 515 1535 in
537 1492 690 1556 magnam
713 1492 804 1557 spem
828 1472 1001 1538 Octavium
1025 1469 1078 1533 ad-

101 1576 195 1640 duxit
217 1577 402 1660 provinciae
425 1574 616 1660 potiundac;
646 1596 743 1660 quem
771 1583 880 1638 tamen
903 1572 1023 1638 diutius
1045 1575 1078 1636 in

100 1680 197 1744 rebus
226 1679 374 1744 secundis
403 1688 435 1743 et
461 1678 601 1762 fortuna,
626 1701 709 1765 quae
738 1678 912 1764 plurimum
933 1680 967 1742 in
988 1677 1079 1742 bellis

100 1792 218 1868 potest,
248 1782 479 1868 diligentiaque
502 1780 665 1847 Cornificii
693 1791 726 1845 et
747 1782 851 1845 virtus
875 1780 987 1846 Vatini
1009 1802 1079 1844 ver-

99 1888 164 1951 sari
187 1909 284 1973 passa
306 1909 372 1951 non
396 1895 453 1951 est.

184 1991 236 2054 44.
295 1992 445 2057 Vatinius
482 1989 648 2055 Brundisii
685 2010 759 2055 cum
797 1997 897 2072 esset,
942 1991 1078 2075 cognitis

98 2095 196 2159 rebus
228 2117 312 2180 quae
345 2102 456 2179 gestae
485 2101 579 2158 erant
606 2095 640 2158 in
668 2092 813 2178 Illyrico,
848 2115 922 2158 cum
955 2092 1077 2157 crebris

99 2199 211 2262 litteris
235 2198 397 2263 Cornificii
424 2198 467 2264 ad
501 2198 656 2263 auxilium
689 2199 874 2283 provinciae
907 2196 1077 2261 ferendum

99 2311 289 2366 evocaretur
323 2311 355 2366 et
383 2302 428 2366 M.
453 2303 627 2369 Octavium
661 2300 788 2366 audiret
821 2323 895 2365 cum
927 2298 1077 2364 barbaris

98 2406 230 2469 foedera
259 2407 455 2490 percussisse
478 2403 761 2489 compluribusque
789 2403 866 2468 locis
894 2413 1077 2468 nostrorum

98 2509 232 2573 militum
267 2528 454 2594 oppugnare
488 2506 651 2592 praesidia
679 2507 797 2592 partim
827 2505 928 2571 classe
956 2528 1014 2592 per
1043 2529 1077 2571 se

99 2615 217 2696 partim
240 2612 452 2698 pedestribus,
476 2614 575 2698 copiis
605 2633 664 2698 per
689 2610 863 2694 barbaros,
897 2613 957 2676 etsi
984 2614 1076 2697 gravi

97 2715 282 2781 valetudine
305 2717 440 2781 affectus
461 2718 520 2780 vix
548 2717 690 2803 corporis
712 2714 837 2781 viribus
866 2718 1009 2781 animum
1030 2738 1077 2780 se·

98 2819 274 2904 quebatur,
304 2830 414 2885 tamen
436 2821 556 2885 virtute
579 2821 657 2883 vicit
679 2819 918 2883 incommodum
940 2830 1075 2884 naturae

96 2924 368 3011 difficultatesque
397 2934 429 2990 et
456 2924 569 2990 hiemis
599 2934 631 2989 et
659 2924 785 2991 subitae
808 2925 1072 3012 praeparationis.

96 3029 180 3092 Nam
214 3051 288 3093 cum
318 3031 386 3114 ipse
420 3050 540 3115 paucas
566 3030 600 3092 in
633 3036 729 3115 portu
754 3049 855 3094 naves
881 3027 993 3112 longas
1019 3026 1096 3092 lia-2

96 3132 197 3215 beret,
232 3132 355 3197 litteras
388 3134 420 3196 in
454 3131 615 3197 Achaiam
647 3131 690 3197 ad
724 3132 764 3215 Q.
789 3130 945 3198 Calenum
978 3132 1073 3213 misit,

95 3239 142 3299 uti
165 3236 225 3300 sibi
249 3236 383 3301 classem
405 3238 556 3301 mitteret.
602 3235 699 3318 Quod
728 3257 802 3300 cum
825 3235 948 3300 tardius
971 3234 1096 3316 fieret,⁸

96 3363 193 3425 quam
216 3341 394 3426 periculum
416 3349 600 3406 nostrorum
622 3339 806 3426 flagitabat,
838 3341 893 3424 qui
916 3339 1073 3403 sustinere

94 3447 250 3530 impetum
280 3446 409 3513 Octavii
442 3467 506 3510 non
540 3453 706 3531 poterant,
740 3441 879 3508 navibus
912 3443 1073 3524 actuariis,

94 3570 232 3634 quarum
266 3569 420 3614 numerus
451 3557 521 3614 eret
553 3549 632 3614 satis
664 3566 818 3633 magnus,
851 3543 1075 3632 magnitudine
