2376 3924
115 226 175 291 108
417 233 421 239 ·
442 226 630 277 uaesano
650 225 763 277 civim

155 446 160 482 ,·
198 415 249 481 22.
280 416 421 493 ,Interim
444 414 521 490 Milo
545 415 683 480 dimissis
706 417 828 482 circum
850 419 1026 502 municipia
1047 417 1098 485 lit·

111 520 197 602 teris,
213 541 249 585 se
263 541 311 602 ea,
335 540 419 604 quae
434 518 565 601 faceret,
588 521 677 584 iussu
703 528 801 604 atque
823 521 956 607 imperio
983 521 1096 589 facere

112 626 260 710 Pompei,
290 646 373 710 quae
401 623 556 688 mandata
579 622 678 687 adse
702 645 761 709 per
783 623 963 689 Vibullium
986 625 1099 692 delata

112 737 234 810 essent,
268 749 348 814 quos
377 750 420 792 ex
448 749 524 791 aere
552 725 655 792 alieno
686 725 836 793 laborare
859 726 1095 812 arbitrabatur,

92 831 309 902 asellicitabat.
355 831 455 918 Apud
478 838 558 916 quos
587 852 661 895 cum
688 831 845 917 proficere
873 831 952 897 nihil
973 842 1098 919 posset,

113 936 308 1022 quibusdam
331 936 441 1000 solutis
464 936 634 1020 ergastulis
657 935 775 1001 Cosam
798 937 831 1000 in
854 958 932 1020 agro
949 936 1099 1002 Thurino

112 1063 300 1126 oppugnare
324 1043 436 1126 coepit.
471 1041 611 1104 Eccum
626 1063 646 1103 a
663 1041 703 1122 Q.
721 1039 820 1106 Pedio
843 1049 992 1125 praetore
1016 1062 1095 1106 cum

91 1144 237 1229 alegione
265 1194 421 1208 .......
445 1144 551 1229 lapide
584 1145 682 1209 ictus.
700 1167 742 1208 ex
775 1166 867 1209 muro
902 1144 1005 1231 periit.
1052 1144 1100 1210 Et

112 1245 240 1313 Caelius
263 1249 441 1334 profectus,
474 1258 510 1312 ut
533 1247 717 1330 dictitabat,
752 1247 795 1313 ad
818 1247 1006 1331 Caesarem
1026 1269 1099 1333 per·

112 1355 201 1417 venit
232 1352 381 1417 Thurios.
427 1350 493 1416 Ubi
527 1373 601 1416 cum
622 1351 794 1436 ·quosdam
827 1353 896 1416 eius
929 1352 1098 1437 municipii

112 1456 295 1523 sollicitaret
307 1455 532 1541 equitibusque
544 1454 693 1520 Caesaris
705 1455 807 1521 Gadis
818 1464 917 1541 atque
927 1456 1096 1540 Hispanis,

98 1562 166 1646 ·qui
190 1583 227 1624 eo
251 1559 402 1646 praesidii
426 1581 524 1623 causa
546 1560 633 1623 missi
649 1568 752 1639 erant,
776 1561 948 1644 pecuniam
970 1557 1097 1644 pollice-

91 1674 219 1745 4retu1·,
249 1662 290 1728 ab
313 1663 362 1727 his
386 1672 435 1727 est
456 1663 654 1728 interfectus
700 1663 752 1728 Ita
780 1684 974 1748 magnarum
1002 1662 1098 1726 initia

112 1790 230 1849 rerum,
255 1789 338 1852 quae
356 1768 565 1851 occupatione
594 1769 842 1852 magistratuum
859 1776 891 1831 et
911 1776 1098 1851 temporum

111 1870 276 1935 sollicitam
300 1868 426 1934 Italiam
449 1868 629 1952 habebant,
653 1869 791 1935 celerem
819 1879 852 1935 et
873 1869 1001 1937 facilem
1023 1870 1092 1933 exi-

110 1982 179 2036 tum
202 1971 394 2036 habuerunt.

197 2076 247 2139 23.
286 2074 369 2140 Libo
398 2077 561 2162 profectus
589 2077 631 2142 ab
663 2078 760 2144 Orico
788 2098 863 2143 cum
891 2075 1008 2158 classe,
1044 2078 1099 2145 cui

112 2189 279 2264 praeerat,
309 2182 441 2245 navium
464 2198 494 2263 u,
518 2180 728 2245 Brundisium
759 2181 850 2247 venit
882 2178 1098 2266 insulamque,

112 2300 195 2368 quae
230 2293 343 2348 contra
381 2294 511 2371 portum
543 2284 777 2349 Brundisinum
810 2294 873 2366 est,
914 2285 1097 2370 occupavit,

114 2387 201 2472 quod
223 2397 389 2473 praestare
412 2386 633 2452 arbitrabatur
661 2409 762 2454 unum
789 2388 895 2455 locum
902 2437 910 2471 ,
945 2409 1010 2474 qua
1043 2410 1098 2453 ue-

114 2493 272 2555 cessarius
300 2493 418 2556 nostris
447 2500 518 2555 erat
545 2513 711 2577 egressus,
745 2513 844 2577 quam
872 2493 979 2557 omnia
1001 2489 1097 2557 litora

93 2616 153 2659 rac
186 2604 297 2679 portus
332 2594 477 2659 custodia
511 2594 635 2659 clausos
668 2595 781 2660 teneri.
830 2595 894 2661 Hic
926 2596 1097 2680 repentino

114 2698 260 2762 adventu
283 2721 385 2763 naves
408 2700 572 2763 onerarias
588 2697 746 2782 quasdam
769 2707 883 2764 nactus
899 2696 1042 2767 incendit
1063 2709 1098 2765 et

107 2823 212 2875 ,unam
235 2801 396 2865 frumento
420 2810 568 2866 onustam
584 2800 722 2866 abduxit
736 2822 956 2888 magnumque
977 2802 1097 2867 uostris

114 2913 272 2967 terrorem
300 2904 408 2968 iniecit
437 2913 469 2968 et
498 2913 595 2968 noctu
624 2903 776 2969 militibus
804 2927 843 2968 ac
866 2905 1041 2989 sagittariis
1061 2906 1097 2971 in

91 3013 237 3070 aterram
261 3008 415 3090 expositis
437 3007 635 3093 praesidium
650 3011 795 3094 equitum
817 3009 935 3074 deiecit
956 3018 989 3074 et
1010 3008 1096 3075 adeo

115 3109 175 3174 loci
214 3111 452 3194 opportunitate
486 3111 621 3196 profecit
628 3161 636 3193 ,
670 3113 717 3177 uti
750 3111 793 3177 ad
824 3113 1015 3198 Pompeium
1046 3112 1095 3180 lit

115 3223 202 3279 teras
225 3214 381 3295 mitteret,
410 3236 510 3280 naves
532 3215 683 3302 reliquas,
707 3220 733 3283 si
756 3217 868 3301 vellet,
897 3215 1033 3284 subduci
1061 3226 1097 3285 et

114 3317 205 3382 refici
234 3316 375 3382 iuberet:
403 3339 463 3382 sua
493 3318 594 3383 classe
616 3321 738 3386 auxilia
760 3344 830 3387 sese
852 3321 1001 3387 Caesaris
1023 3343 1096 3408 pro

115 3420 302 3485 hibiturum.
