2376 3924
360 212 469 261 LIBER
486 212 561 277 Vlll,
594 211 671 266 CAP.
690 212 800 264 35-39.
1003 213 1066 278 253

88 413 149 470 aut
165 401 274 488 captis
289 421 415 483 magna
430 401 558 488 pracda
572 403 757 487 potiuntur.
781 399 924 487 Capitur
939 403 1011 487 ipse
1028 425 1066 468 eo

87 505 217 594 proelio
239 505 405 592 Drappes.

175 608 226 674 37.
243 606 408 673 Caninius
423 606 619 673 felicissime
632 630 669 672 re
681 618 779 693 gesta
794 610 865 674 sinc
878 609 947 674 ullo
959 632 1067 694 paene

88 712 206 779 militis
229 712 369 778 vulnere
392 712 438 778 ad
453 711 657 778 obsidendos
675 711 860 799 oppidanos
876 715 1067 796 revertitur,

89 826 296 902 externoque
310 815 408 881 hoste
422 814 542 897 deleto,
558 817 654 880 cuius
670 817 789 881 timore
802 826 903 881 antea
917 815 1088 881 dividere²

88 918 261 1006 praesidia
278 927 310 983 et
327 919 512 984 munitione
529 918 717 1004 oppidanos
731 919 941 985 circumdare
956 918 1066 1005 prohi-

88 1021 180 1088 bitus
188 1032 272 1106 erat,
285 1043 385 1110 opera
397 1020 545 1108 undique
558 1024 701 1108 imperat
710 1021 953 1088 administrari.
964 1022 1089 1088 Venit⁸

89 1125 207 1191 codem
236 1148 312 1191 cum
341 1126 411 1192 suis
440 1127 547 1212 copiis
571 1135 705 1212 postero
731 1126 785 1191 die
808 1123 915 1192 Gaius
938 1127 1067 1192 Fabius

88 1239 286 1315 partemque
308 1227 423 1314 oppidi
447 1229 548 1292 sumit
572 1227 618 1293 ad
640 1227 874 1293 obsidendum.

176 1330 228 1396 38.
241 1329 371 1397 Caesar
381 1332 517 1396 interim
523 1331 569 1396 M.
576 1329 761 1397 Antonium
769 1341 981 1417 quaestorem
992 1355 1067 1398 cum

90 1433 287 1500 cohortibus
302 1453 349 1499 xv
366 1436 401 1499 in
416 1434 609 1500 Bellovacis
626 1434 796 1520 relinquit,
812 1458 855 1500 ne
871 1457 937 1521 qua
952 1460 1067 1502 rursus

88 1559 253 1604 novorum
276 1537 494 1605 consiliorum
518 1536 758 1624 capiendorum
781 1537 897 1622 Belgis
921 1539 1067 1604 facultas

91 1642 238 1708 daretur.
261 1643 339 1728 Ipse
355 1641 503 1727 reliquas
520 1643 679 1707 civitates
695 1641 779 1723 adit,
803 1641 939 1707 obsides
955 1642 1089 1727 pluresa

90 1747 244 1831 imperat,
256 1745 412 1810 timentes
421 1746 567 1811 omniurn
575 1746 705 1811 animos
713 1745 945 1812 consolatione
957 1757 1067 1811 sanat.

90 1848 174 1914 Oum
190 1849 224 1913 in
241 1846 407 1914 Carnutes
420 1850 582 1933 venisset,
606 1871 745 1935 quorum
761 1851 795 1914 in
812 1851 954 1916 civitate
972 1873 1090 1937 supe-e

89 1952 179 2017 riore
193 1952 434 2018 commentario
443 1950 572 2018 Caesar
588 1955 742 2040 exposuit
755 1956 888 2020 initium
899 1953 981 2019 belli
994 1976 1068 2020 esse

91 2064 210 2139 ortum,
245 2055 336 2140 quod
367 2057 549 2143 praecipue
577 2079 634 2123 eos
662 2067 802 2144 propter
823 2060 1069 2124 conscientiam

89 2159 174 2226 facti
197 2159 314 2225 timere
330 2159 635 2237 animadvertebat,
652 2183 717 2247 quo
734 2160 878 2226 celerius
894 2164 1069 2228 civitatem

90 2263 212 2330 timore
234 2263 407 2341 liberaret,
430 2264 616 2351 principem
639 2263 777 2330 sceleris
801 2263 892 2330 illius
909 2274 942 2330 et
957 2267 1068 2331 conci-

89 2376 237 2432 tatorem
247 2365 340 2452 belli,
354 2364 570 2452 Gutruatum,
586 2366 631 2433 ad
647 2367 847 2454 supplicium
862 2367 1067 2454 depoposcit.

91 2470 158 2552 Qui
181 2471 245 2535 etsi
268 2493 312 2536 nc
334 2470 466 2537 civibus
497 2471 632 2557 quidem
661 2474 730 2538 suis
762 2495 797 2536 se
826 2472 1090 2558 committebat,r

89 2582 204 2639 tamen
237 2572 394 2641 celeriter
427 2576 573 2642 omnium
595 2597 676 2642 cura
700 2577 872 2662 quaesitus
896 2578 931 2641 in
954 2585 1069 2642 castra

90 2675 296 2764 perducitur.
312 2675 454 2762 Cogitur
465 2678 501 2744 in
514 2679 585 2745 eius
598 2679 798 2765 supplicium
809 2676 937 2744 Caesar
948 2688 1091 2745 contras

91 2804 187 2849 suam
215 2791 373 2849 naturam
400 2803 568 2849 concursu
594 2783 742 2848 maximo
770 2780 924 2867 militum,
958 2784 1015 2869 qui
1038 2785 1069 2849 ei

91 2887 204 2952 omnia
237 2885 389 2973 pericula
417 2896 450 2952 ct
481 2886 684 2953 detrimenta
717 2885 799 2952 belli
832 2883 864 2973 [a
889 2884 1069 2977 Gutruato]

91 2998 233 3077 accepta
256 2987 458 3073 referebant,
474 2989 560 3055 adeo
575 2998 614 3054 ut
625 2989 823 3055 verberibus
840 2993 1070 3059 exanimatum

92 3116 215 3181 corpus
240 3093 351 3160 securi
373 3093 540 3160 feriretur.

180 3193 232 3261 39.
255 3197 309 3264 Ibi
331 3198 459 3266 crebris
481 3198 606 3266 litteris
622 3197 757 3265 Oaninii
780 3200 818 3265 fit
834 3200 967 3281 certior,
984 3221 1069 3283 quae

93 3299 135 3366 de
156 3301 332 3388 Drappete
355 3312 388 3369 et
403 3302 563 3370 Lucterio
593 3313 691 3388 gesta
723 3312 845 3386 essent,
881 3324 1011 3388 quoque
1033 3303 1068 3366 in

92 3404 234 3471 consilio
257 3415 496 3491 permanerent
513 3407 685 3493 oppidani.
709 3405 857 3488 Quorum
873 3406 939 3470 etsi
953 3405 1091 3492 pauci-2

92 3515 198 3575 tatem
208 3508 458 3596 contemnebat,
469 3518 584 3577 tamen
595 3512 818 3598 pertinaciam
829 3529 954 3592 magna
960 3530 1069 3595 poena
