2376 3924
483 270 560 324 cun.
580 271 690 323 sr-m.
1009 267 1071 337 307

95 460 276 547 complures
299 483 341 524 ex
364 464 529 546 superiore
550 460 620 526 loco
643 461 905 526 adversariorum
918 461 1072 527 decucur-

94 573 208 629 rerunt
237 586 298 629 nec
326 564 554 629 desistentibus
582 567 699 630 nostris
725 565 833 630 multis
854 563 926 629 telis
946 566 1072 629 iniectis

96 668 277 752 complures
299 667 487 733 vulneribus
510 669 658 733 affecere.
703 669 767 733 Hic
789 677 867 751 tum,
890 676 928 732 ut
949 669 994 732 ait
1008 668 1093 732 Eme

97 774 178 853 nius,
202 773 302 835 nostri
325 793 451 835 cessere
474 795 659 859 parumper.
704 772 820 858 Itaque
848 779 978 856 praeter
1000 791 1071 835 con-

97 874 301 939 suetudinem
335 898 409 940 cum
442 879 560 941 nostris
594 871 857 941 animadversum
885 883 970 939 esset
992 876 1072 938 acci·

98 976 190 1058 dere,
225 983 428 1044 centuriones
462 1002 504 1043 ex
531 978 656 1064 legione
675 997 707 1043 v.
730 979 851 1043 flumen
879 979 1073 1061 transgressi

99 1079 163 1146 duo
194 1087 405 1149 restituerunt
438 1085 550 1166 aciem,
585 1084 768 1167 acriterque
802 1084 921 1146 eximia
952 1084 1095 1146 virtutes

98 1182 206 1268 plures
229 1210 303 1252 cum
336 1194 486 1271 agerent,
520 1206 563 1250 ex
586 1189 750 1272 superiore
779 1185 847 1251 loco
869 1183 1074 1250 multitudine

97 1288 234 1354 telorum
257 1291 339 1355 alter
361 1311 473 1354 eorum
495 1289 644 1354 concidit.
681 1290 733 1354 Ita
755 1312 830 1353 cum
852 1292 920 1353 eius
943 1306 1096 1374 compar⁵

98 1392 254 1478 proelium
276 1394 384 1458 facere
407 1395 581 1479 coepisset,
616 1415 691 1457 cum
718 1392 861 1478 undique
884 1415 919 1456 se
941 1394 1074 1457 circum·

100 1498 201 1559 veniri
224 1499 368 1560 animum
383 1497 586 1579 advertisset,
609 1517 776 1580 regressus
792 1495 908 1581 pedem
931 1495 1072 1561 offendit.

98 1600 136 1663 In
165 1600 258 1663 huius
288 1600 497 1681 concidentis,
527 1601 722 1664 centurionis
750 1620 789 1662 ac
816 1600 878 1662 viri
900 1599 1001 1682 fortis,
1029 1602 1097 1664 in·⁶

99 1705 300 1788 signiacum
323 1703 503 1789 complures
526 1703 788 1768 adversariorum
816 1724 1008 1767 concursum
1030 1703 1074 1768 fa·

101 1816 227 1890 cerent,
258 1808 382 1891 equites
405 1807 505 1872 nostri
533 1808 727 1891 transgressi
755 1806 906 1870 inferiore
928 1805 997 1872 loco
1021 1807 1075 1872 ad-

99 1913 260 1976 versarios
290 1912 333 1977 ad
361 1912 483 1978 vallum
505 1934 602 1999 agere
625 1921 810 1999 coeperunt.
855 1913 906 1976 Ita
929 1912 1097 1998 cupidius⁷

101 2014 179 2078 dum
201 2017 287 2079 intra
310 2016 472 2101 praesidia
494 2017 619 2082 illorum
642 2015 774 2081 student
801 2014 935 2081 caedem
958 2016 1075 2097 facere,

101 2140 120 2179 a
143 2121 258 2181 turmis
281 2127 313 2182 et
335 2119 398 2184 levi
422 2129 589 2185 armatura
612 2129 687 2184 sunt
708 2119 882 2184 interclusi.
928 2119 1076 2201 Quorum

100 2221 161 2282 nisi
184 2240 309 2282 summa
337 2223 441 2284 virtus
473 2221 595 2302 fuisset,
627 2223 696 2285 vivi
723 2223 809 2306 capti
832 2231 948 2285 essent.
992 2221 1078 2285 Nam

102 2332 134 2387 et
156 2324 331 2386 munitione
353 2322 506 2406 praesidii
528 2325 574 2387 ita
596 2322 903 2407 coangustabantur,
926 2332 964 2388 ut
978 2344 1077 2408 eques

102 2427 205 2511 spatio
248 2424 421 2490 intercluso
458 2427 515 2489 vix
561 2447 596 2490 se
633 2425 809 2491 defendere
846 2435 963 2511 posset.
1023 2427 1099 2490 Exss

101 2539 239 2615 utroque
262 2551 381 2614 genere
409 2550 538 2614 pugnae
571 2527 752 2614 complures
785 2537 861 2593 sunt
889 2528 1077 2593 vulneribus

103 2634 219 2716 affecti,
242 2635 276 2697 in
299 2635 372 2717 quis
395 2634 493 2696 etiam
516 2630 647 2696 Clodius
669 2629 855 2716 Arquitius3
889 2633 974 2696 inter
997 2653 1077 2718 quos

103 2740 148 2802 ita
171 2739 349 2801 comminus
372 2745 421 2801 est
449 2745 644 2823 pugnatum,
678 2744 715 2800 ut
743 2758 786 2800 ex
807 2736 926 2800 nostris
949 2744 1079 2821 praeter

104 2841 185 2905 duos
222 2842 426 2905 centuriones
461 2843 503 2904 sit
534 2862 629 2905 nemo
663 2838 866 2904 desideratus
904 2838 1007 2924 gloria
1043 2862 1078 2903 se

103 2945 282 3008 efferentes.

190 3047 241 3111 24.
276 3049 410 3113 Postero
440 3048 491 3112 die
521 3047 564 3113 ad
594 3049 739 3115 Soricam
767 3056 979 3131 utrorumque
1007 3069 1079 3111 con-

103 3173 223 3215 venere
258 3153 378 3237 copiae.
428 3151 539 3215 Nostri
571 3150 706 3216 brachia
740 3150 860 3216 ducere
893 3157 1077 3236 coeperunt.

104 3256 276 3339 Pompeius
311 3275 384 3318 cum
417 3253 693 3318 animadverteret
724 3252 853 3318 castello
886 3274 921 3316 se
950 3250 1100 3316 excludis

104 3359 259 3444 Aspavia,
283 3357 370 3442 quod
393 3366 442 3421 est
464 3356 505 3442 ab
528 3355 637 3423 Ucubi
659 3357 746 3422 milia
768 3377 922 3442 passuum
942 3373 975 3439 v,
998 3353 1080 3419 haec

104 3485 157 3527 res
179 3464 361 3527 necessario
392 3460 575 3526 devocabat
607 3483 682 3527 eum
715 3460 758 3527 ad
791 3458 1012 3526 dimicandum
1043 3468 1081 3523 ut

106 3566 334 3649 descenderet,
372 3586 478 3652 neque
514 3575 624 3632 tamen
660 3586 765 3651 aequo
801 3563 871 3632 loco
908 3565 959 3630 sui
993 3573 1101 3652 poteo

876 3667 926 3718 20*
