2376 3924
135 154 210 204 XXX
439 153 646 204 ADNOTATIO
667 153 812 203 clemen

133 343 298 408 Nipperdeio
317 342 440 391 fecerunt
465 341 576 402 Krener,
601 342 805 392 Dob-Dinter.
823 343 928 409 Frigell
951 349 976 395 et
999 343 1113 395 Dltbnsr

133 433 173 481 ut
194 428 303 494 quidem
331 429 506 489 retinuerunt,
530 428 577 478 sed
604 429 632 477 in
660 434 790 493 sequente
818 431 955 481 sententia
980 430 1050 481 alter
1073 434 1112 483 tet

133 528 225 566 nemo
245 517 315 565 tum
339 511 488 579 quidem,
512 513 581 563 alter
598 517 637 565 nt
660 527 726 565 nore
749 528 842 566 nemo
867 518 950 568 tnnc
975 514 1113 582 quidem
1171 509 1174 518 '

133 601 249 664 scripsit.
277 606 304 649 at
326 602 460 649 sincerum
485 614 533 649 vas
556 600 722 648 incrustasse
747 600 882 663 videntur,
907 603 953 666 qui
982 602 1112 653 librorum

133 687 293 752 scripturam
311 686 507 736 emendandam
526 692 711 750 sumpserunt,
730 674 806 735 nullo
820 688 890 735 onim
904 690 1022 753 negotio,
1041 689 1111 738 utin

132 773 221 837 priore
245 772 298 822 iarn
322 773 413 821 monui
442 772 568 832 editione,
597 773 792 821 sententiarum
820 774 940 838 aperitur
968 779 1111 835 structura,

134 855 276 907 dummodo
305 858 389 908 verba
416 861 449 909 nt
474 861 642 909 consalutato
665 856 783 908 consilio
807 857 862 909 iter
880 857 912 910 in
933 858 1112 925 provinciam

134 946 302 996 conuerteret
331 945 366 993 ab
399 942 557 995 necessario
589 941 760 1007 faciundum
791 944 943 1009 dependere
971 945 1057 996 facias
1085 952 1112 997 et

132 1035 236 1079 vertas:
254 1024 336 1079 ‘denn
354 1030 405 1079 wie
424 1045 453 1079 er
472 1030 566 1079 seinen
585 1029 654 1079 Plan
668 1045 701 1079 zu
714 1029 817 1079 iindern
831 1031 885 1079 und
898 1032 926 1080 in
940 1032 984 1080 die
996 1033 1112 1082 Provinr

133 1113 373 1165 surdelrzukehren
393 1116 468 1164 nicht
486 1114 588 1165 einmal
606 1131 656 1165 sus
670 1114 775 1165 Furcht
792 1115 835 1164 fur
853 1116 949 1182 nbtlrig
967 1117 1112 1181 eraehtete,

132 1200 255 1251 hinderts
282 1201 330 1251 ihu
361 1201 503 1251 einerseits
530 1217 556 1251 u.
581 1217 603 1250 s.
627 1199 669 1250 w.’
700 1201 832 1250 librorum
859 1200 1002 1251 lectionem
1031 1205 1112 1254 etiam

132 1288 236 1338 Holder
254 1288 382 1338 servavit.

237 1424 260 1457 c.
279 1411 320 1466 58,
344 1409 373 1459 6:
397 1407 455 1475 ipsi
469 1407 687 1474 praesaepti
702 1406 835 1477 palude]
855 1410 951 1474 optimi
968 1410 1032 1460 libri
1045 1425 1112 1478 pro-

133 1497 235 1560 specta,
261 1494 313 1544 duo
332 1498 482 1561 perspecta
506 1493 616 1555 habent,
641 1494 788 1545 deteriores
807 1494 932 1561 profecti
955 1511 974 1546 a
992 1494 1048 1563 (rel
1066 1495 1113 1564 ab)

128 1579 244 1647 palude,
264 1596 333 1644 quae
352 1580 432 1630 lectio
452 1585 515 1630 ante
534 1580 730 1645 Nipperdeium
749 1580 862 1646 vulgata
880 1582 963 1631 etiam
982 1599 1054 1632 nunc
1068 1582 1112 1633 edi

132 1666 208 1716 solet.
227 1673 344 1717 attamen
366 1683 425 1716 eam
443 1668 508 1716 ferri
526 1682 604 1732 posse
623 1667 682 1716 iure
701 1667 812 1732 negavit
829 1667 985 1733 Nipperdey
1004 1674 1030 1718 et
1049 1685 1112 1719 con·

132 1755 251 1804 sentiens
269 1756 325 1805 sere
339 1771 399 1804 eum
413 1753 560 1804 Oiaoeonio
574 1758 601 1803 et
612 1752 745 1815 Bentleio,
765 1767 880 1818 quorum
892 1752 940 1803 ille
954 1754 1113 1820 preteeti

128 1839 244 1906 palude,
263 1841 307 1890 hic
330 1840 465 1892 obieeta
481 1837 589 1905 palude
612 1845 797 1904 proposuerat,
818 1837 985 1904 proiecta
1008 1839 1113 1907 palude

132 1926 224 1976 edidit.
247 1927 295 1976 sed
319 1931 349 1976 ut
371 1928 399 1975 in
424 1926 563 1991 superiore
588 1925 705 1975 editione
729 1925 831 1988 monui,
855 1925 964 1976 facilius
982 1927 1113 1978 librorum

132 2012 229 2061 menda
237 2016 397 2080 prospecta,
406 2015 556 2079 perspecta
569 2011 746 2076 explicantur,
757 2010 780 2060 si
794 2012 939 2076 genuinam
951 2014 1112 2079 scripturam

130 2098 321 2166 praesepti
335 2098 443 2167 palude
466 2098 551 2147 fuisse
569 2097 690 2147 facimus.
715 2112 775 2145 cum
796 2097 867 2145 enim
893 2099 1022 2164 scriptum
1042 2105 1114 2150 esset

133 2184 233 2253 plepri
261 2185 417 2236 oblitterata
443 2183 492 2232 illa
518 2181 626 2248 virgula
653 2181 734 2231 facile
760 2180 889 2248 pipeeta
916 2183 959 2233 vel
986 2183 1113 2252 pipesta

133 2272 224 2338 effingi
248 2273 343 2338 potuit.
367 2269 557 2338 praesepti
576 2287 608 2321 ex
632 2286 693 2323 mee
717 2273 874 2321 coniectura
897 2272 979 2320 etiam
1000 2272 1114 2322 Diibner

135 2359 228 2413 edidit.

236 2497 258 2530 c.
279 2480 320 2539 64,
341 2481 368 2533 1;
390 2477 456 2545 Ipse
474 2477 595 2545 imperat
613 2477 730 2544 reliquis
748 2477 913 2530 ciuitatibus
932 2477 1042 2531 obsides
1061 2477 1113 2532 ds·

133 2564 307 2632 dendl'qne
325 2562 475 2616 constitnit
494 2562 580 2630 stenn-
599 2562 643 2616 nd
660 2563 750 2616 hune
768 2577 860 2616 ornnes
879 2562 1033 2630 equites-
1051 2578 1114 2616 eost·

132 2651 225 2704 venire
254 2649 352 2719 iubet]
382 2650 454 2700 hane
484 2649 629 2700 lectionem
664 2651 776 2716 propius
808 2649 843 2698 ad
870 2649 1002 2699 librorum
1028 2651 1113 2702 verba

134 2737 251 2804 deniqne
268 2736 294 2789 ei
312 2736 354 2788 rei
366 2735 516 2789 constitnit
530 2735 610 2789 diem.
622 2736 676 2789 hnc
688 2740 750 2788 cett.
766 2736 897 2786 accedere
911 2751 1018 2798 censeo,
1032 2752 1114 2804 quam

133 2840 202 2889 quae
221 2823 385 2890 Nipperdeio
404 2831 514 2873 anctore
532 2824 641 2888 vulgari
660 2822 761 2872 solent:
782 2820 906 2888 diemque
924 2821 989 2874 bne
1007 2821 1063 2890 (vel
1077 2822 1113 2889 ei)

132 2909 174 2961 ret
198 2909 353 2963 coelstitnit.
378 2924 470 2962 onslws
489 2913 550 2962 cett.
574 2916 654 2960 atne
673 2909 734 2974 quis
757 2914 833 2973 putet
858 2908 977 2958 dativum
996 2914 1070 2960 certe
1088 2908 1114 2962 ei

132 2995 174 3046 rei
192 3012 224 3046 ex
244 2997 362 3061 genuina
380 2997 551 3061 superstitem
571 3011 629 3044 esse
648 2995 789 3059 scriptura,
814 2994 979 3044 monendum
997 2994 1115 3059 videtur,

134 3081 205 3132 hunc
232 3081 353 3132 dativum
381 3082 535 3131 necessario
562 3081 735 3130 inserendum
762 3081 856 3142 fuisse,
883 3085 914 3130 ut
941 3096 1039 3130 manca
1062 3082 1111 3132 illa

136 3167 253 3234 dentque
275 3166 426 3219 constitnit
450 3165 523 3218 diem
546 3174 608 3232 apto
634 3167 750 3233 quodam
774 3167 853 3217 modo
879 3166 1060 3232 explerentur.
1079 3195 1104 3206 -

135 3253 178 3305 ad
195 3254 282 3306 hune
302 3256 406 3319 scripsi,
426 3270 487 3304 cum
505 3253 567 3316 hue,
591 3253 663 3319 quod
686 3252 751 3303 libri
774 3253 910 3313 exhibent,
928 3254 975 3302 vix
992 3260 1097 3305 restes

135 3340 241 3392 habeat.
253 3339 368 3407 Frigell,
377 3341 491 3391 Dlibner
503 3338 557 3392 hnc
570 3341 749 3403 retinuerunt,
760 3340 859 3406 reliqui
872 3339 988 3390 editores
1002 3343 1092 3390 auctor

135 3426 298 3494 Nipperdeio
321 3427 476 3478 omiserunt.
