2376 3924
447 214 525 266 ear.
543 215 653 268 es-as.
978 213 1042 280 215

64 426 161 490 bonio
189 434 222 490 et
244 423 397 491 Marcello
421 425 650 508 committeret3
680 432 716 488 ut
744 426 838 489 amici
861 425 929 489 eius
952 424 1063 489 dieti-⁴

63 529 192 612 tabant,
220 551 261 593 no
289 551 347 615 per
374 550 446 594 eam
475 530 676 614 provinciam
697 530 820 593 minore
844 551 917 594 cum
940 528 1043 612 digni-

63 642 130 697 tate
151 634 212 696 iter
234 632 366 715 faceret,
389 634 479 698 ouius
502 654 621 718 magna
643 652 719 717 pars
742 630 785 695 ab
808 653 844 695 eo
861 631 1039 716 defecerat3

62 744 98 800 ut
121 738 220 800 ceteri
243 735 488 819 existimabant,
523 758 564 800 ne
592 737 728 821 pecunia
756 734 809 799 illa
837 756 880 798 ex
908 734 1040 800 infinitis

61 840 182 924 rapinis
216 838 362 904 confecta
395 840 428 903 in
461 846 654 925 potestatem
687 838 877 922 cuiusquam
904 839 1038 902 veniret.

61 943 256 1026 Progressus
289 941 432 1008 secunda
465 950 501 1007 ut
528 941 665 1006 hiberna
687 949 877 1026 tempestate
906 961 979 1005 cum
1007 944 1063 1008 ins

60 1044 220 1109 Hiberum
242 1046 363 1111 flumen
386 1048 488 1113 noctis
509 1046 662 1111 vitandae
686 1067 783 1111 eausa
799 1068 833 1111 se
845 1045 1039 1129 contulisset,

59 1147 134 1212 inde
163 1150 259 1234 paulo
281 1151 522 1214 vehementiore
551 1158 758 1235 tempestate,
792 1150 890 1214 nihilo
918 1151 1039 1235 pericu-

60 1253 157 1318 losius
180 1275 214 1317 se
237 1255 466 1337 navigaturum
495 1253 645 1335 credens,
680 1252 858 1338 profectus,
893 1253 1039 1318 adversis

59 1357 210 1421 fluetibus
234 1356 477 1421 occurrentibus
501 1357 580 1421 ostio
602 1357 758 1439 fluminis,
786 1357 820 1420 in
842 1358 919 1443 ipsis
941 1356 1038 1421 lauci-

59 1460 129 1541 bus,
154 1483 226 1523 cum
249 1482 355 1545 neque
370 1459 501 1524 flectere
524 1461 634 1524 navim
656 1468 788 1545 propter
810 1461 877 1522 vim
898 1459 1039 1529 fluminis

58 1584 163 1646 neque
193 1562 350 1626 directam
383 1564 480 1626 tantis
509 1561 661 1626 fluctibus
689 1571 800 1626 tenere
828 1571 951 1647 posset,
986 1562 1037 1626 de-

59 1688 165 1730 mersa
188 1689 271 1731 nave
294 1668 397 1752 periit.

143 1769 194 1833 65.
219 1769 301 1835 Oum
324 1773 357 1834 in
373 1771 504 1856 Syriam
520 1769 642 1836 Caesar
664 1792 707 1834 ex
721 1769 874 1857 Aegypto
896 1771 1039 1836 venisset

57 1881 154 1958 atque
178 1875 220 1940 ab
242 1877 297 1958 iis,
332 1877 387 1961 qui
408 1876 513 1941 Roma
540 1883 699 1939 venerant
727 1874 770 1939 ad
799 1897 888 1958 eum,
923 1896 1037 1960 cogno-

55 1987 161 2042 sceret
183 1978 362 2066 litterisque
390 1978 524 2044 urbanis
554 1979 829 2044 animadverteret
850 1977 951 2044 multa
977 1980 1037 2045 Ro·

55 2104 127 2145 rnae
161 2084 244 2149 male
278 2092 311 2148 et
353 2083 507 2149 inutiliter
541 2083 759 2148 administrari
796 2104 902 2169 neque
938 2083 1037 2147 ullam

55 2194 180 2268 partem
214 2187 410 2272 reipublicae
452 2188 529 2252 satis
561 2187 728 2251 commode
762 2189 847 2272 geri,
883 2187 970 2272 quod
1005 2195 1037 2250 et

54 2289 314 2354 contentionibus
336 2290 515 2355 tribuniciis
539 2292 738 2374 perniciosae
767 2290 940 2356 seditiones
970 2312 1035 2355 ore·

53 2399 174 2474 rentur,
199 2400 232 2455 et
260 2392 436 2458 ambitione
469 2403 568 2477 atque
601 2392 802 2479 indulgentia
832 2393 1035 2458 tribunorum

52 2495 187 2559 militum
222 2507 255 2561 et
288 2498 343 2581 qui
377 2496 556 2582 legionibus
589 2505 764 2582 praeerant
791 2497 893 2561 multa
921 2507 1035 2562 contra

51 2621 174 2663 morem
209 2600 540 2686 consuetudinemque
573 2600 745 2667 militarem
779 2600 925 2685 fierent,
951 2622 1034 2687 quae

51 2702 277 2770 dissolvendae
301 2706 490 2792 disciplinae
513 2708 760 2792 severitatisque
783 2714 905 2789 essent,
930 2727 1033 2792 eaque

51 2809 159 2872 omnia
182 2809 332 2896 flagitare
355 2810 533 2874 adventum
549 2831 643 2874 suum
659 2809 794 2892 videret,
818 2819 927 2874 tamen
943 2832 1033 2895 prae-

49 2912 218 2977 ferendum
231 2915 438 2996 existimavit,
463 2934 544 2999 quas
565 2915 599 2976 in
622 2913 804 2999 provincias
820 2914 1033 3000 regionesque

47 3017 197 3099 venisset,
222 3038 278 3081 eas
300 3019 345 3082 ita
368 3016 550 3102 relinquere
574 3017 773 3099 constitutas,
796 3025 834 3081 ut
849 3017 1032 3084 domesticis

48 3120 302 3186 dissensionibus
318 3120 543 3203 liberarentur,
566 3122 638 3185 iura
660 3120 813 3207 legesque
836 3125 1030 3208 acciperent,

48 3233 259 3290 externorum
292 3225 433 3291 hostium
465 3235 589 3292 metum
623 3226 831 3312 deponerent.
877 3227 970 3291 Haec
998 3228 1054 3291 ins

47 3330 151 3414 Syria,
175 3328 297 3415 Cilicia,
320 3327 402 3396 Asia
416 3329 563 3405 celeriter
577 3351 612 3395 se
628 3331 851 3396 confecturum
866 3329 1029 3416 sperabat,

44 3433 131 3519 quod
164 3433 228 3501 hae
260 3434 449 3523 morineias
481 3432 569 3501 nullo
597 3433 682 3500 bello
710 3433 961 3520 premebantur,
998 3436 1031 3498 in

42 3536 197 3623 Bithynis
217 3534 465 3610 aemulls!
478 3538 586 3611 oneris
600 3535 737 3603 ridebat
750 3535 811 3602 sibi
827 3536 1026 3623 impendere.
