2376 3924
147 258 211 324 262
484 250 593 303 11111
611 249 783 302 11111111

146 437 219 508 suos
254 447 340 508 cives
374 443 575 528 perveniunt.
622 441 770 522 Quorum
803 440 994 503 auctoritate
1027 439 1127 504 facile

146 546 277 611 adducti
306 529 519 630 Caesarisque
551 547 680 609 nomine
713 545 859 630 persuasi
886 566 906 607 a
931 565 1010 628 rege
1038 543 1127 608 Iuba

146 649 328 714 desciscunt
364 649 575 732 celeriterque
613 649 719 711 cuncti
756 669 847 711 arma
885 649 1016 732 capiunt
1050 669 1126 712 con-

122 762 259 837 ²traque
292 775 404 837 regem
436 738 544 816 faeere
573 773 638 815 non
668 749 827 814 dubitant.
874 750 1000 832 Quibus
1022 750 1125 816 rebus

144 860 279 941 cognitis
301 856 384 920 Iuba
407 856 564 920 distentus
598 855 714 940 triplici
748 854 830 919 bello
864 856 1125 938 necessitateque

144 970 273 1023 coactus
303 959 343 1022 de
375 961 440 1022 suis
469 960 577 1042 copiis,
612 979 693 1042 quas
722 967 835 1022 contra
863 956 1038 1021 Caesarem
1067 959 1125 1022 ad-

143 1062 292 1145 duxerat,
317 1085 375 1126 sex
398 1062 545 1126 cohortes
568 1063 601 1125 in
623 1062 704 1125 fines
726 1063 818 1146 regni
841 1062 890 1124 sui
912 1063 1018 1143 mittit,
1036 1082 1124 1147 quae

144 1176 251 1230 essent
274 1165 434 1250 praesidio
458 1173 570 1229 contra
594 1163 757 1230 Gaetulos.

228 1269 278 1332 56.
304 1268 424 1333 Caesar
446 1269 588 1333 brachiis
611 1268 760 1353 perfectis
784 1270 1000 1353 promotisque
1015 1290 1123 1354 usquc

142 1394 190 1453 ee,
214 1394 277 1457 quo
306 1372 405 1436 telum
435 1395 477 1436 ex
505 1371 622 1457 oppido
651 1370 737 1455 adigi
767 1393 832 1435 non
860 1379 977 1456 posset,
1012 1381 1124 1437 eastra

121 1479 253 1558 ²munit‚
277 1475 410 1540 ballistis
434 1474 719 1560 scorpionibusque
735 1472 858 1538 crebris
881 1482 956 1538 ante
978 1474 1123 1540 frontem

142 1589 321 1644 castrorum
345 1589 457 1644 contra
480 1578 634 1665 oppidum
650 1577 810 1642 collocatis
826 1578 1012 1643 defensores
1034 1582 1122 1644 muri

143 1683 307 1747 deterrere
331 1705 395 1747 non
417 1683 599 1746 intermittit
620 1702 723 1766 eoque
747 1683 888 1765 quinque
910 1680 1053 1766 legiones
1077 1705 1121 1746 ex

120 1785 359 1870 ³superioribus
394 1788 507 1850 eastris
541 1784 680 1848 deducit.
727 1786 801 1867 Qua
829 1784 982 1849 facultate
1009 1784 1121 1866 oblata

140 1887 326 1952 illustriores
360 1890 580 1970 notissimique
614 1896 821 1972 conspectum
849 1890 1025 1952 amicerum
1048 1910 1120 1974 pro

141 1992 398 2075 pinquorumque
428 1989 651 2074 efflagitabant
679 1999 776 2074 atque
799 1993 883 2054 inter
906 2012 940 2055 se
962 1989 1120 2076 colloque·

140 2092 269 2157 bantur.
309 2095 402 2174 Quae
425 2115 477 2157 res
500 2092 577 2178 quid
600 2092 745 2157 utilitatis
768 2094 913 2184 haberet,
942 2093 1120 2160 Caesarem

117 2207 204 2261 ⁴non
226 2197 368 2261 fallebat.
393 2199 542 2282 Namque
565 2197 695 2263 Gaetuli
718 2219 760 2261 ex
783 2199 930 2282 equitatu
951 2200 1041 2283 regio
1063 2221 1120 2265 no·

139 2300 269 2365 biliores
299 2302 508 2386 equitumque
537 2300 702 2386 praefecti,
737 2321 875 2384 quorum
905 2309 1013 2386 patres
1042 2323 1119 2367 eum

139 2405 243 2468 Mario
267 2413 342 2468 ante
365 2411 552 2468 meruerant
585 2406 718 2488 eiusque
751 2402 909 2468 beneficio
938 2406 1030 2488 agris·
1047 2405 1118 2470 fini·

138 2507 264 2592 busque
288 2507 399 2571 donati
422 2516 493 2592 post
516 2505 623 2573 Sullae
645 2508 814 2570 victoriam
836 2506 897 2571 sub
920 2507 1118 2592 Hiempsalis
1149 2556 1152 2562 -

137 2614 223 2696 regis
246 2620 339 2674 erant
362 2610 429 2674 dati
457 2618 658 2695 potestatem,
693 2611 860 2673 occasione
893 2619 988 2695 capta
1021 2621 1118 2677 noete

137 2717 201 2778 iam
224 2713 397 2777 luminibus
420 2715 563 2777 accensis
587 2735 660 2776 cum
683 2714 774 2796 equis
797 2712 1027 2798 calonibusque
1049 2716 1118 2780 suis

138 2819 265 2880 circiter
298 2816 383 2880 mille
417 2816 605 2901 perfugiunt
634 2817 667 2878 in
698 2814 846 2880 Caesaris
880 2825 996 2898 castra,
1031 2838 1117 2902 quae

137 2928 230 2982 erant
250 2923 284 2982 in
307 2942 420 3004 campo
443 2922 589 3005 proxime
612 2915 738 3005 [locum]
761 2920 891 2984 Uzittae
913 2920 1027 2985 locata.
1074 2924 1117 2999 μζ

223 3021 274 3085 57.
299 3023 396 3104 Quod
419 3033 591 3108 postquam
606 3024 712 3108 Scipio
736 3026 855 3108 quique
878 3045 952 3088 eum
967 3045 1005 3088 eo
1020 3034 1117 3091 erant

136 3136 366 3209 cognoverunt,
390 3149 464 3191 cum
486 3129 635 3191 commoti
651 3149 694 3190 ex·
707 3127 764 3190 tali
779 3126 981 3192 incommodo
996 3137 1116 3213 essent,

115 3229 204 3292 afore
228 3252 285 3314 per
313 3229 347 3293 id
375 3239 502 3315 tempus
535 3230 580 3293 M.
605 3229 772 3315 Aquinum
806 3251 880 3294 cum
913 3227 949 3295 O.
973 3230 1117 3298 Saserna

136 3332 369 3417 colloquentem
397 3333 558 3397 viderunt.
605 3335 711 3419 Scipio
739 3336 837 3398 mittit
864 3332 908 3398 ad
929 3332 1117 3420 Aquinum:

135 3435 213 3498 nihil
242 3439 379 3500 attinere
410 3459 484 3500 cum
514 3458 587 3500 eum
615 3435 811 3501 adversariis
839 3436 986 3523 colloqui.
1029 3434 1118 3505 Cum

127 3535 243 3623 [nihilo
265 3536 382 3627 minus]
407 3543 474 3603 eius
498 3561 679 3605 sermonem
706 3541 838 3605 nuntius
866 3538 910 3604 ad
931 3537 1117 3621 &ipim
