2376 3924
129 218 192 284 210
438 217 488 269 nn
506 216 627 268 nanno
647 214 806 268 uranico

106 431 243 475 somnes
267 407 504 493 interfectique
528 416 615 472 sunt.
649 407 803 473 Eandem
831 407 1002 472 fortunam
1028 407 1108 473 tulit

128 511 386 597 Camulogenus.
409 511 455 578 At
471 513 506 596 ii,
522 513 578 598 qui
594 511 764 597 praesidio
781 520 900 577 contra
916 520 1032 576 castra
1047 519 1108 576 La·

128 616 219 683 bieni
236 625 331 682 erant
347 615 472 699 relicti,
495 637 571 681 cum
586 614 750 701 proelium
765 615 979 680 commissum
995 614 1108 680 audis·

130 730 214 804 sent,
232 719 382 786 subsidio
400 720 468 784 suis
484 720 596 783 ierunt
612 717 797 805 collemque
813 727 984 804 ceperunt,
999 738 1109 804 neque

127 834 317 890 nostrorum
339 823 484 889 militum
499 824 664 887 victorum
680 823 840 907 impetum
862 823 1028 888 sustinere
1051 845 1108 909 po·

107 936 274 993 otuerunt.
305 926 361 992 Sic
390 948 467 991 oum
496 927 566 990 suis
590 925 800 1009 fugientibus
823 927 993 1011 permixti,
1023 947 1107 1011 quos

128 1054 194 1097 non
224 1030 332 1096 silvae
359 1038 556 1116 montesque
583 1038 754 1113 texerunt,
785 1030 829 1096 ab
853 1031 1005 1116 equitatu
1029 1041 1108 1097 sunt

94 1160 118 1199 ιο
128 1134 307 1201 interfecti.
331 1133 405 1198 Hoc
421 1134 556 1216 negotio
573 1133 727 1198 confecto
739 1132 912 1199 Labienus
925 1136 1108 1200 revertitur

127 1237 349 1321 Agedincum,
361 1236 419 1302 ubi
431 1237 672 1323 impedimenta
684 1239 788 1302 totius
804 1238 973 1304 exercitus
986 1237 1107 1304 relicta

128 1350 240 1424 erant3
253 1341 331 1406 inde
343 1363 419 1407 cum
427 1340 580 1407 omnibus
588 1343 693 1427 copiis
702 1340 1106 1428 adansarempervenit.

213 1444 264 1509 63.
288 1445 487 1511 Defectione
503 1444 697 1512 Aeduorum
710 1448 848 1530 cognita
864 1445 989 1512 bellum
1005 1469 1106 1532 augs-

105 1558 191 1614 atur.
214 1549 421 1633 Legationes
445 1550 480 1613 in
505 1571 618 1614 omnes
642 1559 756 1635 partes
780 1551 1106 1617 circummittuntur:

127 1663 289 1740 quantum
301 1655 424 1737 gratia,
438 1655 653 1738 auctoritate,
665 1655 809 1740 pecunia
822 1654 948 1738 valent,
961 1653 1006 1719 ad
1019 1654 1108 1721 solli·

104 1756 283 1822 acitandas
297 1757 454 1823 civitates
470 1759 641 1841 nituntur3
658 1758 750 1821 nacti
763 1756 909 1842 obsides,
926 1780 1009 1845 quos
1022 1757 1106 1825 an-

127 1883 183 1925 sar
196 1861 286 1946 apud
299 1883 355 1925 cos
373 1860 584 1946 deposuerat,
600 1860 719 1926 horum
732 1860 896 1947 supplicio
910 1861 1105 1930 dubitantes

104 1966 295 2031 iterritant.
317 1965 441 2029 Petunt
464 1964 781 2048 aVercingetorige
796 1963 917 2047 Aedui,
940 1973 977 2030 ut
1001 1964 1047 2031 ad
1070 1989 1107 2032 se

104 2071 241 2153 eveniat
271 2071 486 2155 rationesque
513 2068 595 2135 belli
625 2069 765 2153 gerendi
788 2070 1021 2136 communicet.
1056 2067 1106 2135 Re

125 2176 305 2261 impetrata
322 2172 538 2256 contendunt,
555 2183 592 2239 ut
608 2175 689 2259 ipsis
707 2193 835 2238 summa
848 2173 978 2259 imperii
991 2171 1106 2238 trada-

15 2297 21 2313 '
124 2286 189 2351 tur,
214 2286 247 2342 et
270 2299 306 2342 re
330 2279 364 2342 in
388 2278 654 2344 controversiam
679 2277 825 2342 deducta
847 2277 951 2342 totius
969 2273 1106 2342 Galliae

103 2381 303 2447 econeilium
318 2381 479 2448 Bibracte
495 2382 665 2448 indicitur.
681 2380 810 2446 Eodem
825 2380 1029 2446 conveniunt
1047 2403 1105 2447 un·

126 2485 226 2572 dique
241 2486 442 2572 frequentes.
466 2485 694 2552 Multitudinis
711 2484 882 2568 suffragiis
898 2505 952 2549 res
968 2485 1104 2570 permit·

124 2591 224 2654 titur:
241 2588 286 2654 ad
302 2612 403 2654 unum
420 2611 534 2654 omnes
552 2588 865 2672 Vercingetorigem
881 2586 1026 2675 probant
1043 2589 1103 2654 im-

103 2702 322 2779 tperatorem.
341 2692 395 2758 Ab
408 2693 470 2758 hoc
487 2693 631 2758 concilio
646 2693 753 2776 Remi,
765 2692 950 2777 Lingones,
965 2691 1105 2758 Treveri

125 2796 298 2861 afuerunt:
328 2795 387 2880 illi,
419 2796 509 2883 quod
532 2798 717 2862 amicitiam
738 2797 964 2862 Romanorum
988 2816 1105 2882 seque·

123 2898 263 2981 bantur3
277 2898 426 2981 Treveri,
440 2899 530 2986 quod
542 2899 680 2965 aberant
688 2899 822 2984 longius
831 2908 864 2965 et
872 2899 915 2965 ab
923 2897 1104 2966 Germanis

122 3002 370 3089 premebantur,
396 3026 481 3090 quae
504 3003 566 3069 fuit
590 3024 705 3086 causa,
730 3025 834 3089 quare
855 3012 927 3069 toto
944 3002 1104 3069 abessent

101 3105 211 3171 abello
240 3116 273 3172 et
301 3109 429 3172 neutris
458 3108 588 3173 auxilia
617 3109 799 3174 mitterent.
833 3106 958 3192 Magno
989 3105 1105 3173 dolore

123 3210 234 3276 Aedui
256 3211 369 3276 ferunt
392 3233 428 3276 se
445 3210 593 3276 deiectos
609 3212 813 3298 principatu,
838 3219 1022 3297 queruntur
1037 3209 1104 3276 for·

124 3326 227 3382 tunae
250 3318 546 3381 commutationem
570 3325 604 3381 et
619 3314 777 3383 Caesaris
801 3314 1051 3398 indulgentiam
1068 3316 1104 3380 in

124 3442 160 3486 se
183 3421 367 3506 requirunt,
383 3441 492 3506 neque
508 3428 620 3486 tamen
638 3429 793 3507 suscepto
809 3419 899 3486 bello
917 3440 1013 3485 suum
1025 3440 1104 3485 con·

101 3524 235 3592 esilium
260 3524 303 3592 ab
327 3525 466 3612 reliquis
491 3546 649 3612 separare
672 3524 808 3590 audent.
831 3523 935 3589 Inviti
955 3545 1105 3591 summae
