2376 3924
129 243 192 306 246
462 241 571 292 nsum
589 239 761 292 armorui

128 434 222 518 gatis,
256 431 355 517 pulsis
389 433 634 518 perterritisque
668 441 700 497 et
734 453 920 496 concessam
942 434 1044 497 vitam
1074 425 1107 499 et

128 539 239 620 ignota
261 544 409 622 peccata;
448 533 565 620 quibus
592 533 691 598 rebus
720 553 898 618 numquam
919 544 1011 600 tanta
1033 559 1106 624 sup-

129 649 254 728 peteret
276 638 484 726 exipsorum
505 641 622 704 inertia
644 640 905 724 conscientiaque
928 641 1027 704 animi
1041 643 1107 707 vic·

107 747 231 810 ctoriae
253 744 383 827 fiducia,
406 743 443 809 ut
465 752 572 809 castra
595 764 654 807 sua
676 742 796 808 adoriri
818 743 986 809 auderent.
1009 745 1107 809 Prae·

130 860 219 914 terea
251 850 351 934 ipsius
384 868 502 912 nomen
524 846 774 932 ‘auctoritasque
806 869 926 932 magna
949 858 1107 934 exparte

108 957 242 1018 reorum
264 953 426 1016 exercitus
448 951 614 1016 minuebat
636 952 816 1017 audaciam.
843 953 928 1016 Tum
956 955 1108 1037 egregiae

130 1058 323 1121 munitiones
357 1054 536 1120 castrorum
569 1066 667 1140 atque
689 1055 766 1121 valli
793 1056 1018 1141 fossarumque
1040 1056 1109 1122 alti-

130 1160 209 1230 tudo
232 1169 264 1223 et
287 1161 381 1224 extra
395 1158 515 1223 vallum
538 1158 600 1224 stili
623 1162 710 1224 caeci
732 1159 912 1224 mirabilem
927 1163 961 1224 in
975 1159 1109 1224 modum

132 1265 245 1328 consiti
278 1263 331 1328 vel
367 1265 436 1328 sine
473 1263 698 1329 defensoribus
742 1263 867 1329 aditum
911 1264 1108 1330 adversariis

132 1368 367 1455 prohibebant;
413 1369 626 1454 scorpionum,
656 1367 892 1454 catapultarum
915 1377 1108 1433 ceterorum·

132 1495 195 1559 que
227 1471 372 1555 telorum,
408 1494 491 1557 quae
514 1472 557 1537 ad
580 1471 820 1539 defendendum
852 1471 956 1538 solent
989 1475 1108 1558 parari,

110 1599 285 1662 cmagnam
308 1579 435 1662 copiam
455 1574 609 1654 habebat.
627 1574 737 1660 Atque
759 1575 841 1641 haee
863 1586 995 1663 propter·
1017 1598 1109 1640 exer-

133 1684 214 1746 citus
248 1680 297 1744 sui
331 1680 509 1764 praesentis
543 1681 739 1765 paucitatem
761 1688 793 1744 et
814 1674 996 1745 tirocinium
1019 1703 1110 1766 prae·

134 1792 317 1872 paraverat,
347 1805 413 1847 non
444 1783 584 1848 hostium
605 1785 639 1847 vi
661 1792 694 1848 et
715 1793 805 1848 metu
827 1794 1005 1849 commotus
1029 1788 1108 1871 pati-

134 1896 241 1952 entem
268 1908 303 1950 se
331 1885 543 1970 timidumque
575 1885 715 1950 hostium
749 1889 888 1973 opinioni
920 1887 1109 1974 praebebat.

111 1991 248 2073 aNeque
292 1988 412 2053 idcirco
458 1991 575 2073 copias,
621 2009 819 2074 quamquam
856 2000 950 2055 erant
985 2013 1110 2076 paucae

134 2095 350 2177 tironumque,
385 2114 449 2156 non
471 2091 633 2157 educebat
654 2094 686 2156 in
709 2096 821 2176 aciem,
846 2095 932 2179 quod
955 2097 1110 2160 victoriae

135 2217 267 2262 suorum
289 2194 467 2278 diffideret3
506 2194 564 2259 sed
591 2194 713 2260 referre
742 2196 973 2281 arbitrabatur,
1008 2200 1111 2264 cuius·

134 2301 221 2367 modi
243 2301 379 2365 victoria
409 2308 493 2363 esset
520 2298 645 2363 futura:
682 2308 777 2386 turpe
804 2302 890 2365 enim
917 2301 977 2366 sibi
1004 2304 1111 2367 existi·

135 2404 247 2470 mabat
269 2412 316 2468 tot
337 2401 435 2468 rebus
458 2403 556 2488 gestis
577 2404 739 2486 tantisque
754 2403 951 2470 exercitibus
966 2405 1111 2488 devictis,

135 2518 271 2574 tottam
294 2506 388 2571 claris
410 2506 553 2570 victoriis
576 2507 676 2591 partis
704 2505 746 2570 ab
775 2506 906 2592 reliquis
935 2509 1034 2594 copiis
1056 2508 1112 2574 ad

135 2615 353 2677 versariorum
375 2632 506 2675 suorum
536 2632 579 2674 ex
605 2609 683 2694 fuga
712 2609 851 2677 collectis
880 2632 915 2676 se
943 2622 1112 2679 cruentam

101 2743 126 2782 10
136 2717 290 2802 adeptum
327 2716 505 2779 existimari
538 2716 715 2779 victoriam.
753 2715 869 2802 Itaque
903 2719 1113 2783 constituerat

136 2819 270 2903 gloriam
308 2819 619 2903 exsultationemque
653 2840 764 2883 eorum
798 2823 876 2905 pati,
914 2820 1018 2885 donec
1051 2821 1113 2886 sibi

135 2931 364 2987 veteranarum
393 2921 554 3007 legionum
583 2945 657 3008 pars
680 2923 788 3008 aliqua
810 2924 1006 2989 insecundo
1029 2947 1112 2991 com-

136 3033 246 3089 meatu
268 3027 467 3090 occurrisset.

222 3128 273 3192 32.
297 3128 404 3213 Scipio
426 3131 555 3194 interim
584 3130 755 3217 paulisper,
788 3140 825 3196 ut
847 3139 944 3197 antea
966 3131 1045 3215 dixi,
1079 3135 1113 3198 in

137 3255 174 3298 eo
197 3233 265 3298 loco
288 3243 513 3316 commoratus,
547 3243 583 3298 ut
610 3238 702 3319 quasi
730 3236 917 3321 despexisse
940 3234 1114 3302 Caesarem

137 3337 313 3420 videretur,
348 3336 503 3423 paulatim
537 3338 663 3402 reducit
697 3360 771 3404 suas
805 3341 914 3425 copias
943 3342 977 3404 in
1005 3347 1114 3405 castra

139 3449 172 3504 et
194 3442 341 3504 contione
364 3440 525 3506 advocata
547 3441 588 3530 de
611 3451 735 3507 terrore
750 3462 808 3507 suo
824 3441 1114 3529 desperationeque

140 3546 303 3607 exercitus
336 3543 486 3609 Caesaris
514 3545 592 3610 lacit
620 3543 723 3609 verba
755 3551 788 3608 et
820 3544 1006 3612 cohortatus
1039 3567 1115 3612 suos
