2376 3924
480 244 555 295 611.
575 246 685 296 66-46.
1005 243 1069 308 253

93 460 168 503 suas
192 437 299 523 copias
327 439 360 501 in
390 458 503 522 campo
537 439 698 501 instruxit.
744 436 851 521 Scipio
886 438 951 500 suis
984 434 1069 499 male

94 542 244 626 acceptis,
268 542 380 604 occisis
396 540 698 625 convulneratisque
714 542 799 604 intra
815 561 889 602 suas
906 541 1069 603 continere

95 667 128 709 se
151 646 343 708 munitiones
359 646 472 729 coepit.
497 642 618 708 Caesar
633 646 791 708 instructa
806 644 875 706 6616
891 642 1092 706 secundumt

95 749 221 813 infimas
244 751 310 834 iugi
338 749 464 814 radices
498 752 629 836 propius
662 750 855 813 munitiones
883 747 998 811 leniter
1020 767 1072 809 ac·

95 855 198 916 cessit.
222 853 357 939 Iamque
379 855 485 918 minus
508 853 592 918 1111116
615 874 728 939 passus
752 851 793 916 ab
817 849 935 937 oppido
950 848 1070 930 Uzitta,

95 955 182 1040 quod
198 957 304 1042 Scipio
326 956 469 1039 tenebat,
492 955 630 1021 aberant
652 954 793 1039 legiones
816 953 972 1036 Iulianae,
997 974 1071 1015 cum

96 1059 202 1144 Scipio
225 1062 357 1143 veritus,
391 1082 432 1124 116
456 1060 609 1146 oppidum
638 1061 808 1140 amitteret,
842 1058 929 1123 unde
958 1059 1072 1142 aquari

95 1163 290 1248 reliquisque
313 1162 411 1228 rebus
434 1162 597 1229 sublevari
621 1165 689 1227 eius
712 1165 874 1227 exercitus
890 1171 1071 1245 consuerat,

96 1267 219 1331 eductis
243 1266 390 1331 omnibus
414 1269 512 1351 copiis
535 1266 738 1351 quadruplici
760 1268 829 1331 6616
851 1268 1008 1330 instructa
1030 1289 1072 1328 ex

95 1373 239 1435 instituto
268 1392 335 1452 suc,
370 1372 474 1455 prima
503 1371 644 1455 equestri
674 1372 840 1434 turmatim
868 1369 991 1434 directa
1013 1368 1072 1433 616-

97 1473 290 1558 phantisque
306 1475 429 1538 turritis
445 1476 639 1559 interpositis
655 1469 886 1559 [armatisque],
910 1474 1073 1558 suppetias

97 1581 143 1641 ire
167 1577 340 1642 contendit.
387 1577 484 1659 Quod
506 1577 562 1642 ubi
585 1575 967 1663 Caesaranimadvertit,
991 1575 1093 1641 arbi-³

98 1690 201 1744 tratus
235 1681 417 1766 Scipionem
451 1680 494 1745 ad
527 1663 746 1746 dimicandum
780 1689 929 1767 paratum
963 1680 1005 1744 ad
1039 1702 1074 1745 se

77 1794 186 1848 ,66116
210 1786 316 1848 animo
338 1785 461 1867 venire,
484 1786 517 1848 in
540 1785 679 1867 661666,
703 1805 766 1869 quo
789 1783 884 1870 paulo
900 1793 976 1849 ante
992 1805 1074 1847 com·

98 1890 285 1971 memoravi,
330 1897 405 1953 ante
443 1888 597 1975 oppidum
635 1890 777 1952 constitit
793 1938 899 1952 .....
917 1907 1074 1972 suamque

98 1995 200 2057 aciem
215 1991 356 2056 mediam
371 2013 409 2057 eo
425 1993 542 2079 oppido
557 1995 654 2075 texit3
678 1991 831 2056 dextrum
846 1994 1075 2076 sinistrumque

100 2118 210 2179 cornu,
233 2096 290 2161 ubi
312 2095 475 2182 elephanti
497 2105 600 2179 erant,
623 2099 657 2161 111
680 2106 854 2182 conspectu
875 2097 999 2181 patenti
1021 2094 1075 2159 ad-

98 2201 315 2264 versariorum
338 2201 510 2265 constituit.

185 2301 344 2368 460111
372 2305 438 2368 iam
465 2325 566 2390 prope
594 2303 669 2369 solis
698 2325 848 2369 occasum
877 2303 1075 2368 066661611-

100 2409 311 2492 spectavisset
332 2428 439 2491 neque
462 2428 505 2471 ex
528 2428 565 2472 66
588 2407 667 2491 1666,
698 2429 761 2492 quo
790 2410 987 2490 constiterat,
1011 2407 1076 2472 Soi-

101 2514 229 2596 pionem
253 2509 405 2596 progredi
428 2511 559 2596 propius
582 2532 616 2574 66
639 2510 921 2576 animadvertisset
942 2509 1076 2594 locoque

101 2638 135 2679 se
157 2617 260 2699 magis
283 2612 468 2698 defendere,
492 2617 519 2678 si
540 2637 593 2679 res
608 2617 776 2702 cotgisset,
800 2637 899 2701 quam
913 2616 947 2680 in
962 2635 1076 2699 campo

102 2721 279 2783 comminus
302 2721 477 2783 consistere
499 2718 631 2802 audere,
654 2741 719 2784 non
742 2729 791 2785 est
810 2722 881 2785 visa
902 2720 984 2783 ratio
1008 2733 1099 2804 pro-2

102 2823 173 2906 pius
206 2821 383 2886 accedendi
416 2844 454 2887 eo
488 2822 540 2888 die
573 2823 616 2888 ad
649 2823 813 2910 oppidum,
848 2825 1000 2909 quoniam
1033 2819 1078 2885 ibi

102 2924 299 3009 praesidium
321 2927 446 3012 grande
469 2927 685 2992 Numidarum
713 2949 783 2992 esse
806 2934 1003 3011 cognoverat
1024 2924 1078 2989 ho-

102 3037 231 3113 stesque
254 3029 395 3095 mediam
423 3033 527 3096 aciem
553 3053 647 3096 suam
675 3032 793 3118 oppido
820 3032 941 3095 texisse
963 3038 996 3093 61
1018 3026 1099 3092 sibit

102 3132 232 3197 difficile
255 3132 344 3199 factu
366 3156 436 3199 esse
464 3134 631 3216 intellexit,
666 3135 760 3210 simul
782 3143 815 3199 et
837 3132 992 3220 oppidum
1014 3151 1078 3194 uno

103 3246 248 3323 tempore
277 3258 465 3322 oppugnare
493 3245 525 3302 et
552 3238 586 3302 in
614 3240 683 3302 6616
710 3240 744 3302 in
773 3257 874 3301 cornu
901 3235 1017 3300 dextro
1040 3253 1080 3296 ac

103 3342 231 3405 sinistro
253 3361 296 3405 ex
318 3343 476 3427 iniquiore
505 3341 574 3406 1666
602 3362 758 3428 pugnare,
793 3340 983 3426 praesertim
1006 3356 1079 3399 cum

104 3549 205 3631 tigati.
241 3549 358 3633 Itaque
384 3548 527 3614 reductis
556 3550 621 3613 suis
645 3550 744 3636 copiis
766 3551 799 3613 111
822 3557 929 3612 oastra
951 3554 1101 3632 posteros
