2376 3924
442 243 518 297 car.
538 245 648 296 rs-rc.
970 248 1032 314 301

57 436 187 502 dimisso
215 456 298 521 equo
327 457 401 498 cum
435 430 541 520 pedite
575 434 792 521 congreditur,
826 457 1034 523 nequaquam

58 564 117 626 par
139 538 287 604 habetur.
317 537 357 602 Id
381 537 468 623 quod
491 541 602 601 contra
623 538 657 603 in
679 538 741 603 hoc
763 538 882 603 accidit
903 540 1056 625 proelior

59 643 141 708 Cum
169 641 294 729 pedites
323 641 386 706 levi
414 651 580 706 armatura
608 641 681 707 lecti
709 642 752 707 ad
782 664 926 727 pugnam
949 647 1035 729 equi-

58 747 145 813 tibus
182 749 300 812 nostris
344 746 611 833 necopinantibus
648 749 822 830 venissent,
866 747 964 833 idque
1001 750 1034 812 in

58 850 177 938 proelio
215 850 478 915 animadversum
515 859 609 934 esset,
648 849 827 937 complures
864 875 908 916 ex
944 854 1035 936 equis

58 953 305 1020 descenderunt.
351 954 402 1019 Ita
431 955 550 1040 exiguo
579 964 724 1041 tempore
753 976 852 1041 eques
882 954 1056 1041 pedestres

59 1055 170 1145 [pedes
192 1054 353 1142 equestre]
376 1057 532 1142 proelium
553 1058 662 1123 facere
684 1061 798 1144 coepit,
821 1080 924 1144 usque
946 1081 984 1123 eo
999 1067 1036 1123 ut

59 1162 193 1227 caedem
228 1164 374 1246 proxime
403 1185 423 1225 a
445 1160 529 1226 vallo
562 1162 707 1226 fecerint,
752 1162 792 1227 In
822 1184 885 1248 quo
916 1162 1059 1249 proelior

59 1265 321 1332 adversariorum
337 1264 524 1329 oeciderunt
539 1282 661 1348 cxxnr,
677 1264 922 1352 compluresque
938 1268 1036 1330 armis

60 1372 159 1452 exuti,
182 1367 275 1433 multi
288 1367 477 1433 vulneribus
500 1370 607 1432 affecti
628 1371 661 1433 in
677 1377 784 1434 castra
806 1379 881 1434 sunt
902 1369 1035 1434 redacti.

59 1475 169 1539 Nostri
185 1472 372 1537 oeciderunt
393 1491 448 1555 1113
472 1473 572 1537 saucii
595 1490 645 1536 xn
667 1472 792 1559 pedites
814 1483 847 1538 et
868 1474 991 1558 equites
1003 1491 1035 1536 v.

60 1578 140 1642 Eius
163 1576 226 1640 diei
249 1577 430 1660 insequenti
458 1584 603 1661 tempore
636 1578 772 1661 pristina
806 1577 1059 1642 consuetudines

60 1703 119 1768 pro
141 1701 233 1744 muro
257 1680 395 1766 pugnari
418 1688 568 1764 coeptum
591 1688 648 1743 est.
673 1677 756 1743 Cum
778 1679 861 1744 bene
883 1702 1060 1765 magname

60 1784 299 1850 multitudinem
313 1782 451 1848 telorum
465 1785 639 1868 ignemque
654 1785 771 1848 nostris
787 1782 1036 1850 defendentibus

61 1892 254 1971 iniecissent‚
277 1887 455 1953 nefandum
471 1886 793 1974 crudelissimumque
815 1888 941 1953 facinus
963 1898 1039 1953 sunt

61 1995 206 2078 aggressi
239 1994 273 2056 in
307 2000 545 2077 conspectuque
582 2001 692 2057 nostro
729 1993 880 2079 hospites,
918 1995 974 2078 qui
1007 1995 1041 2057 in

62 2097 179 2182 oppido
196 2104 299 2176 erant,
323 2094 470 2179 iugulare
485 2103 518 2160 et
533 2094 575 2160 de
589 2117 682 2160 muro
698 2098 890 2181 praecipites
913 2098 1040 2161 mittere

63 2208 248 2287 coeperunt,
272 2200 366 2263 sicuti
382 2198 469 2284 apud
484 2197 660 2282 barbaros;
685 2198 772 2284 quod
787 2208 861 2285 post
874 2200 1040 2264 hominum

60 2307 251 2370 memoriam
273 2324 452 2390 numquam
475 2310 524 2366 est
545 2302 676 2366 factum.

150 2408 199 2472 16.
223 2407 328 2472 Huius
357 2406 421 2471 diei
450 2414 596 2470 extremo
625 2413 770 2491 tempore
793 2428 812 2469 a
835 2407 1040 2491 Pompeianis

63 2512 146 2577 clam
169 2508 233 2598 [ad]
256 2520 383 2576 nostros
405 2509 591 2575 tabellarius
615 2516 663 2572 est
684 2511 810 2592 missus,
834 2518 870 2573 ut
885 2531 924 2573 ea
946 2519 1040 2574 nocte

63 2625 169 2681 turres
191 2636 411 2700 aggeremque
433 2613 645 2679 incenderent
667 2621 700 2677 et
721 2613 817 2677 tertia
839 2613 949 2698 vigilia
971 2635 1040 2678 eru-

63 2723 206 2807 ptionem
228 2720 383 2783 facerent.
429 2718 480 2782 Ita
503 2719 577 2802 igne
606 2717 808 2802 telorumque
836 2717 1062 2782 multitudines

63 2827 148 2888 iacta
171 2822 350 2888 cambone
378 2843 532 2907 magnam
559 2830 687 2907 partem
714 2823 867 2907 temporis
896 2842 1040 2886 consum-

64 2930 211 3014 psissent,
249 2935 385 3012 portam,
406 2947 507 3011 quae
530 2946 549 2989 e
570 2927 703 3010 regione
735 2933 768 2989 et
800 2927 834 2989 in
867 2934 1042 3011 conspectu

64 3033 197 3117 Pompei
235 3040 415 3095 castrorum
451 3029 567 3112 fuerat,
613 3037 820 3115 aperuerunt,
865 3031 1041 3115 copiaeque

67 3145 153 3200 totae
176 3137 379 3221 eruptionem
401 3133 548 3198 fecerunt
571 3154 746 3218 secumque
769 3131 956 3198 extulerunt
978 3134 1041 3197 vir·

64 3238 164 3323 gusta,
198 3249 303 3304 crates
333 3236 376 3302 ad
397 3237 500 3302 fossas
533 3236 741 3323 complendas
774 3246 807 3301 et
838 3237 1041 3322 harpagones

65 3342 108 3407 ad
131 3364 233 3426 cosas,
257 3363 342 3427 quae
364 3343 604 3406 stramenticiae
627 3340 669 3406 ab
693 3342 811 3406 nostris
832 3338 1042 3405 hibernorum

65 3469 164 3511 eausa
196 3445 389 3512 aedificatae
422 3454 525 3529 erant,
559 3443 734 3509 diruendas
757 3452 789 3508 et
810 3441 1040 3524 incendendas,

65 3559 235 3636 praeterea
258 3558 438 3634 argentum,
473 3549 675 3629 vestimenta,
707 3555 753 3629 ut,
787 3545 866 3610 dum
887 3548 988 3611 nostri
1009 3549 1064 3610 ins
