2376 3924
114 237 175 301 114
434 236 484 288 Du
502 234 622 286 annuc
642 233 754 285 civim

111 426 236 491 hostem
251 427 276 489 si
290 425 494 507 ducerentur,
510 425 620 508 ituros,
637 433 750 491 contra
766 427 870 492 civem
886 438 918 494 et
929 426 1098 494 consulem

113 552 203 594 arma
218 551 282 592 ncn
298 528 427 611 laturos,
452 527 599 592 deductis
615 528 812 613 Pergamum
834 539 933 617 atque
955 533 988 596 in
1010 531 1099 600 locu·

112 633 304 720 pletissimas
327 630 425 697 urbes
447 633 480 695 in
502 630 639 695 hiberna
654 631 834 719 legionibus
850 637 1011 701 maximas
1034 635 1098 703 lar·

113 738 250 822 gitiones
272 736 349 799 fecit
371 743 404 800 et
425 734 722 800 confirmandorum
745 736 882 802 militum
905 760 1006 804 causa
1022 740 1100 805 diri·

94 840 249 927 ,piendas
272 838 321 902 his
345 839 493 902 civitates
516 835 615 902 dedit.

199 943 250 1007 32.
274 942 410 1006 Interim
433 938 639 1005 acerbissime
662 942 839 1027 imperatae
854 947 1011 1030 pecuniae
1029 953 1101 1012 tota

114 1049 280 1134 provincia
308 1044 532 1130 exigebantur.
578 1043 682 1108 Multa
715 1053 896 1135 praeterea
915 1051 1101 1132 generatim

92 1151 157 1225 aad
180 1152 351 1216 avaritiam
373 1148 650 1234 excogitabantur.
690 1151 728 1214 In
751 1153 858 1237 capita
880 1153 1007 1238 singula
1030 1177 1098 1220 ser-

114 1277 230 1321 vorum
258 1278 297 1318 ac
319 1252 493 1319 liberorum
521 1251 677 1318 tributum
706 1254 946 1340 imponebatur3
982 1257 1101 1326 colum·

114 1362 221 1443 naria,
251 1360 394 1442 ostiaria,
424 1358 639 1442 frumentum,
663 1358 779 1423 milites
786 1408 794 1440 ,
814 1382 909 1439 varma
916 1409 924 1443 ,
948 1363 1100 1447 remiges,

115 1474 284 1548 tormenta,
315 1473 468 1529 vecturae
501 1463 759 1549 imperabantur3
795 1465 885 1529 cuius
920 1464 1015 1530 modo
1049 1469 1101 1531 rei

117 1595 234 1637 nomen
257 1571 392 1656 reperiri
416 1577 557 1655 poterat,
586 1569 648 1633 hoc
677 1570 753 1633 satis
777 1591 846 1634 esse
870 1569 912 1633 ad
935 1569 1101 1653 cogendas

95 1677 270 1762 cpecunias
293 1674 476 1740 videbatur.
522 1674 596 1738 Non
619 1672 722 1738 solum
744 1671 890 1755 urbibus,
914 1671 971 1737 sed
994 1695 1101 1759 paene

116 1781 196 1843 vicis
209 1777 411 1864 castellisque
428 1776 560 1863 singulis
576 1798 651 1842 cum
664 1779 799 1863 imperio
815 1774 1100 1864 praeficiebantur.

119 1884 183 1964 Qui
205 1882 321 1946 horum
344 1880 422 1966 quid
445 1879 651 1945 acerbissime
667 1879 952 1966 crudelissimeque
966 1880 1101 1968 fecerat,

96 1987 144 2049 ris
173 1994 205 2049 et
232 1986 283 2050 vir
313 1992 345 2048 et
373 1985 452 2049 civis
482 1985 619 2070 optimus
652 1981 845 2048 habebatur.
890 1985 972 2048 Erat
1005 1983 1102 2070 plena

120 2089 267 2154 lictorum
290 2098 323 2154 et
344 2091 552 2174 imperiorum
575 2089 752 2174 provincia,
777 2087 905 2153 differta
928 2088 1102 2174 praefectis

120 2203 218 2280 atque
248 2192 470 2275 exactoribus3
506 2195 560 2279 qui
590 2201 719 2279 praeter
748 2194 923 2279 imperatas
945 2193 1102 2279 pecunias

120 2320 177 2363 suo
201 2299 298 2363 etiam
321 2298 446 2383 privato
470 2296 660 2383 compendio
683 2294 884 2380 serviebant3
909 2295 1104 2361 dictitabant

122 2405 263 2467 enimse
286 2401 381 2466 domo
404 2403 576 2488 patriaque
598 2399 750 2487 expulsos
779 2398 927 2466 omnibus
955 2420 1103 2465 necessa·

121 2507 176 2570 riis
199 2527 295 2591 egere
318 2503 431 2587 rebus,
454 2512 491 2569 ut
513 2504 649 2569 honesta
671 2503 924 2589 praescriptione
944 2490 1016 2571 rem
1037 2510 1104 2570 tur·

101 2611 287 2694 spissimam
309 2617 465 2692 tegerent.
489 2606 702 2674 Accedebant
724 2607 766 2672 ad
788 2607 869 2672 haec
891 2606 1105 2692 gravisnnae

123 2734 256 2796 usmae,
281 2712 368 2797 quod
390 2714 423 2776 in
445 2710 528 2776 bello
552 2711 741 2798 plerumque
764 2709 912 2777 accidere
935 2711 1107 2779 consucvit

122 2817 280 2880 universis
307 2818 472 2901 imperatis
501 2817 659 2904 pecuniim
695 2812 812 2901 quibus
839 2815 873 2879 in
905 2812 1014 2880 rebus·
1032 2836 1106 2902 pro·

118 2904 273 2984 lationem
295 2919 358 2983 diei
382 2919 588 2986 donationem
610 2941 680 2984 esse
703 2916 864 2984 dicebant.
909 2917 1026 3005 Itaque
1048 2939 1107 2985 aes

122 3022 262 3088 alienum
298 3026 483 3110 provinciae
521 3046 558 3089 eo
595 3022 725 3089 biennio
761 3022 1008 3110 multiplicatum
1043 3029 1105 3089 ert.

101 3129 237 3213 sNeque
264 3128 370 3193 minus
400 3127 440 3192 cb
463 3150 536 3193 eam
559 3148 691 3194 causam
712 3126 837 3193 civibus
859 3126 1013 3192 Romanis
1035 3126 1108 3193 eius

124 3232 325 3318 provinciae,
360 3229 418 3296 sed
450 3232 484 3295 in
517 3231 658 3317 singulos
686 3238 865 3297 conventus
897 3227 1109 3315 singulasque

125 3336 273 3401 civitates
300 3341 408 3400 certae
437 3336 593 3420 pecuniae
620 3333 878 3422 imperabantur,
911 3340 1110 3418 numasque

124 3440 194 3505 illas
217 3461 261 3504 ex
282 3437 559 3505 senatusconsulto
583 3440 669 3524 exigi
685 3436 893 3522 dictitabant3
916 3434 1109 3525 publicanis,
