2376 3924
156 243 220 308 204
457 242 567 294 snum
584 242 834 296 arumnorum

155 435 259 497 victor
280 434 411 518 recepit,
436 453 499 517 quo
525 454 569 496 ex
589 441 685 517 portu
707 431 816 496 classis
840 433 957 499 Octavi
979 430 1022 496 ad
1047 431 1141 497 dimi-

133 535 295 601 acandum
318 543 527 621 processerat.
573 533 667 620 Capit
693 557 736 600 ex
764 557 802 599 eo
825 535 944 620 proeho
967 544 1141 621 penterem

155 662 268 723 unam,
303 643 450 704 triremes
483 639 581 722 duas,
616 639 756 704 dicretae
791 657 854 703 vm
888 638 1140 725 compluresque

153 746 292 829 remiges
316 745 528 825 Octavianos,
562 750 754 829 posteroque
781 741 826 806 ibi
848 741 917 823 die,
950 741 1029 806 dum
1060 765 1140 807 suas

155 850 364 934 captivasque
397 869 499 912 naves
526 847 690 928 reficeret,
724 849 906 926 consumpto
939 854 1012 932 post
1048 846 1139 912 diem

153 954 285 1016 tertium
308 950 472 1015 contendit
493 952 527 1015 in
549 949 686 1015 insulam
709 951 823 1033 Issam,
858 949 944 1036 quod
967 972 1005 1014 eo
1028 972 1064 1014 se
1087 935 1148 1015 ress

132 1057 277 1141 acepisse
300 1077 343 1119 ex
357 1055 436 1139 fuga
452 1054 607 1120 credebat
623 1055 805 1120 Octavium.
829 1055 912 1119 Erat
933 1055 967 1118 in
989 1075 1029 1117 ea
1044 1053 1138 1119 nobi-

153 1157 307 1223 hssimum
329 1161 498 1245 regionum
520 1181 632 1224 earum
655 1158 809 1244 oppidum
824 1159 1137 1224 coniunctissimum·

131 1283 216 1347 4que
240 1263 385 1330 Octavio.
431 1263 504 1345 Quo
530 1271 567 1326 ut
594 1264 697 1344 venit,
728 1262 880 1347 oppidani
908 1261 1069 1347 supplices
1101 1285 1138 1327 se

152 1367 284 1432 Vatinio
318 1366 528 1450 dediderunt,
563 1367 782 1453 comperitque
815 1368 921 1451 ipsum
956 1368 1137 1434 Octavium

152 1473 261 1557 parvis
295 1472 471 1557 paucisque
505 1472 642 1555 navigiis
671 1479 769 1534 vento
791 1469 934 1534 secundo
964 1473 1137 1555 regionem

152 1575 310 1642 Graeciae
326 1577 453 1661 petisse,
469 1575 545 1640 inde
560 1584 597 1639 ut
612 1575 763 1658 Siciliam,
787 1574 904 1639 deinde
916 1573 1066 1640 Africam
1082 1599 1135 1642 ca·

129 1689 251 1764 speret.
296 1680 347 1743 lta
369 1678 558 1743 brevissimo
581 1680 684 1764 spatio
706 1700 742 1741 re
757 1678 1011 1764 praeclarissime
1027 1689 1134 1764 gesta,

152 1785 318 1868 provincia
340 1791 471 1867 recepta
494 1790 526 1846 et
541 1780 712 1846 Cornificio
735 1780 873 1864 reddita,
897 1781 999 1846 classe
1015 1781 1135 1850 adver

152 1888 310 1950 sariorum
321 1907 364 1948 ex
374 1884 426 1949 illo
438 1894 504 1949 toto
516 1887 588 1949 sinu
600 1885 736 1970 expulsa
750 1887 854 1949 victor
869 1907 903 1949 sc
919 1885 1135 1952 Brundisium

150 1989 301 2053 incolumi
324 1989 470 2052 exercitu
492 1996 526 2052 et
549 1987 650 2052 classe
671 1990 804 2074 recepit.
983 1999 985 2004 '

236 2092 288 2156 48.
322 2093 366 2156 lis
400 2102 508 2157 autem
542 2091 755 2178 temporibus,
791 2091 907 2177 quibus
937 2091 1059 2158 Caesar
1087 2095 1131 2161 ad

150 2196 394 2281 Dyrrhachium
416 2197 605 2282 Pompeium
634 2195 804 2261 obsidebat
832 2204 865 2260 et
886 2194 1131 2283 Palaepharsali

148 2323 218 2364 rem
246 2299 380 2365 fehciter
412 2298 548 2385 gerebat
570 2298 855 2386 Alexandriaeque
883 2322 958 2365 cum
986 2302 1129 2387 periculo

148 2427 266 2490 magno
294 2413 364 2468 tum
393 2405 490 2467 etiam
517 2405 638 2467 maiore
667 2402 801 2489 periculi
830 2402 918 2467 fama
940 2403 1140 2488 dimicabat·

148 2508 189 2591 Q.
213 2507 343 2573 Cassius
366 2507 534 2592 Longinus
557 2508 590 2570 in
612 2506 772 2592 Hispania
794 2528 853 2592 pro
875 2515 1025 2593 praetore
1056 2530 1127 2596 pro·

147 2614 273 2676 vinciae
310 2611 470 2675 ulterioris
508 2609 702 2675 obtinendae
740 2632 838 2675 causa
874 2611 1020 2695 relictus,
1058 2614 1128 2678 sive

148 2713 379 2779 consuetudine
402 2722 539 2778 naturae
563 2734 641 2777 suae
663 2715 731 2776 sive
755 2713 843 2797 odio,
875 2714 963 2800 quod
984 2716 1018 2780 in
1040 2715 1128 2781 illam

147 2820 347 2903 provinciam
376 2826 563 2905 susceperat
593 2826 746 2903 quaestor
775 2840 818 2882 ex
846 2806 973 2884 insidiis
991 2818 1037 2885 ibi
1058 2820 1126 2887 vul-

125 2929 293 3003 oneratus,
328 2942 463 3005 magnas
487 2921 550 2985 odii
573 2924 622 2985 sui
644 2920 766 2985 fecerat
789 2925 1004 3007 accessiones,
1038 2924 1126 3011 quod

145 3023 198 3087 vel
232 3047 274 3088 ex
307 3027 501 3088 conscientia
535 3048 608 3108 sua,
643 3048 716 3089 cum
745 3024 786 3089 de
815 3033 850 3090 se
871 3035 984 3092 mutuo
1005 3029 1126 3113 sentire

146 3130 344 3213 provinciam
367 3127 529 3210 crederet,
557 3129 609 3193 vel
630 3128 738 3194 multis
761 3132 859 3215 signis
882 3139 914 3195 et
936 3133 1125 3197 testimoniis

145 3253 272 3315 eornm,
308 3234 362 3316 qui
386 3231 559 3295 difficulter
589 3232 662 3296 odia
684 3233 947 3317 dissimulabant,
980 3236 1123 3301 animum

146 3335 317 3401 advertere
351 3343 494 3422 poterat,
530 3344 562 3400 et
591 3357 800 3422 compensare
824 3338 1032 3407 offensionem
1052 3359 1122 3425 pro

122 3442 271 3505 evinciae
308 3441 471 3504 exercitus
509 3461 619 3503 amore
663 3439 823 3526 cupiebat.
868 3441 1005 3526 ltaque,
1048 3462 1121 3506 cum

145 3546 284 3630 primum
308 3546 339 3607 in
363 3565 464 3608 unum
492 3543 597 3607 locum
621 3546 799 3608 exercitum
822 3543 995 3629 conduxit,
1009 3551 1121 3610 sester-
