2376 3924
288 230 337 279 AD
357 228 457 279 CAES.
475 229 579 279 BELL.
599 229 704 280 GALL.
723 229 759 292 11,
778 229 897 280 25-34.
1030 230 1083 281 VII

96 425 156 470 tum
176 419 263 482 abest,
281 419 357 468 utin
376 419 410 468 iis
429 433 499 483 quae
518 417 552 467 de
570 417 713 469 calonibus
726 423 753 468 et
765 419 902 484 equitibus
920 420 1082 484 referuntur,

95 505 214 557 eandem
242 505 436 554 enuntiationis
465 505 693 554 constructionem
721 506 874 555 continuari
898 521 1011 555 necesse
1036 507 1080 567 sit,

94 597 128 642 ut
146 593 207 642 iure
226 591 343 642 arctiore
370 606 441 641 nexu
466 589 619 654 solvantu13
646 592 686 640 sic
714 591 822 641 demum
848 590 984 656 particula
1013 595 1081 658 tum,

96 691 169 743 quae
188 681 297 741 recepta
315 676 434 726 lectione
446 679 625 728 occurrereut
638 677 684 725 vix
696 676 839 727 toleranda
850 679 966 741 videtur,
980 680 1081 744 optime

97 779 127 814 se
146 763 239 813 habet.
257 777 346 827 neque
365 767 406 811 est
424 776 472 811 cur
490 761 575 810 verba
593 759 698 826 equites
720 775 792 828 cero,
816 766 850 814 ut
873 762 1083 830 turpitudinem

95 848 185 917 fuqae
202 846 308 899 virtute
326 845 457 912 ueterem,
476 845 637 898 omuibus
655 846 692 899 iu
716 846 805 900 locis
821 853 1000 917 ququam,
1028 865 1082 917 quo

96 949 126 987 se
145 932 311 1002 ieqiouuriis
328 931 466 984 militibus
483 931 666 999 praeferrent
683 935 837 998 suspicione
851 943 1016 1000 premantur.
1036 939 1083 1003 qui

97 1021 220 1070 enimin
239 1035 280 1080 eo,
310 1018 380 1084 quod
408 1020 512 1082 equites
537 1020 565 1067 iu
585 1020 711 1070 omnibus
729 1020 797 1071 locis
821 1021 987 1087 pugnabant,
1013 1024 1083 1073 nihil

96 1109 191 1157 inesse
218 1106 393 1167 arbitrantur,
422 1105 494 1172 quod
521 1106 548 1154 in
577 1122 670 1156 eorum
697 1107 807 1158 laudem
830 1114 959 1171 vertatur,
986 1126 1082 1175 parum

96 1193 236 1259 respicere
255 1193 382 1244 videntur
395 1194 528 1257 equestris
541 1194 639 1258 proelii
651 1199 784 1258 naturam,
797 1211 858 1246 cum
871 1196 894 1246 si
903 1195 954 1245 ulli
966 1197 1082 1246 militnm

96 1280 194 1346 generi
206 1284 279 1330 certe
292 1280 429 1346 equitibus
443 1285 470 1329 et
482 1279 604 1329 locorum
614 1280 661 1329 ubi
674 1286 804 1345 pugnent,
818 1286 845 1330 et
855 1280 1082 1343 adversariorum,

97 1365 263 1431 quibuscum
291 1366 446 1431 confligant,
474 1367 543 1416 ratio
568 1367 604 1415 sit
630 1365 765 1416 habenda.
796 1367 869 1417 haud
897 1368 974 1432 parvi
999 1368 1083 1433 igitur

96 1453 229 1502 momenti
247 1452 282 1501 ad
301 1451 496 1517 turpitudinem
519 1452 600 1518 fugae
626 1451 770 1503 delendam
796 1458 861 1513 erat,
887 1453 959 1516 quod
978 1455 1082 1516 equites

96 1538 221 1588 locorum
249 1543 277 1587 et
303 1537 520 1588 adversariorum
547 1539 651 1589 ratione
679 1538 834 1602 posthabita
858 1537 986 1590 omuibus
1014 1537 1082 1588 locis

97 1625 182 1674 etiam
200 1623 301 1688 iniquis
326 1628 464 1688 tamquam
488 1624 634 1689 legionarii
657 1624 758 1673 milites
781 1624 948 1690 pugnabant,
977 1640 1030 1689 quo
1054 1639 1082 1674 se

98 1709 143 1758 his
162 1709 339 1774 praeferrent.
366 1708 410 1774 (de
429 1709 524 1774 iniqua
547 1709 602 1759 loci
620 1714 717 1758 natura
735 1715 762 1759 et
780 1725 803 1760 c.
823 1711 855 1759 22
874 1716 902 1760 et
920 1726 943 1760 c.
965 1711 996 1759 19
1016 1711 1081 1760 satis

96 1795 231 1844 monitum
262 1794 320 1859 est.)
358 1794 475 1858 denique
508 1794 580 1858 quod
612 1794 646 1844 ad
675 1800 827 1860 temporum
857 1795 1081 1860 inaequalitatem

101 1881 201 1930 attinet
220 1883 279 1932 tum
297 1879 407 1932 culcitas
479 1884 728 1946 occurrerunt,
747 1880 852 1946 equites
870 1894 933 1933 uero
943 1917 950 1931 .
961 1918 968 1932 .
979 1918 985 1930 .
996 1885 1082 1933 omui-

97 1965 152 2018 bus
170 1965 202 2016 iu
220 1964 287 2018 iocis
308 1969 487 2034 puquaut,
515 1980 548 2016 ea
576 1982 664 2031 neque
689 1983 742 2016 non
767 1983 799 2016 ex
819 1967 945 2017 Caesaris
971 1983 1083 2018 consue·

97 2051 194 2101 tudine
212 2056 253 2101 est
267 2050 338 2115 (vide
357 2051 441 2114 locos,
460 2067 528 2116 quos
545 2051 652 2101 Kraner
669 2051 704 2101 cd
716 2052 743 2101 b.
757 2068 780 2102 c.
793 2052 816 2113 Ι,
830 2051 899 2113 eal
920 2052 1081 2121 adscripsit),

99 2143 127 2187 et
146 2137 213 2202 ipsis
231 2137 314 2186 rebus
333 2137 473 2202 aptissima
497 2152 557 2187 esse
575 2136 696 2197 videtur3
720 2138 837 2188 alterum
856 2140 937 2202 enim,
957 2138 1029 2202 quod
1048 2139 1081 2188 de

99 2223 244 2274 calonibus
262 2221 444 2287 praedicatur,
471 2229 609 2288 tamquam
632 2224 760 2289 temporis
779 2228 944 2274 momentum
964 2225 1068 2274 obtinet
1075 2240 1082 2284 3

99 2307 172 2375 quod
198 2323 262 2359 vero
290 2308 323 2358 de
352 2308 488 2373 equitibus
513 2309 636 2371 refertur,
664 2311 851 2360 continuitatis
879 2309 1081 2376 significatione

98 2409 182 2460 aegre
210 2393 330 2444 careret?
361 2400 479 2445 ceterum
499 2396 531 2446 cf.
551 2395 624 2460 quod
651 2395 684 2446 de
712 2401 810 2447 natura
833 2401 860 2446 et
877 2397 906 2445 vi
931 2397 1081 2460 praesentis

98 2480 223 2530 historici
242 2480 378 2546 disputavi
397 2481 426 2529 in
445 2480 540 2531 libello
558 2475 683 2532 ‘Studien
701 2481 751 2531 auf
766 2481 827 2531 dem
841 2480 955 2531 Gebiete
974 2481 1022 2531 der
1034 2481 1080 2532 lat.

99 2557 185 2631 Synt’
203 2581 229 2630 p.
251 2567 283 2615 14
301 2582 340 2631 sq.
359 2595 392 2607 -
411 2567 458 2631 qui
473 2569 646 2634 puquaruut
664 2572 841 2632 receperunt,
867 2566 940 2630 quod
958 2567 985 2616 in
1006 2566 1080 2617 nullo

99 2653 194 2703 codice
214 2658 308 2713 exstat,
325 2652 469 2702 Caesarem
489 2653 637 2702 correxisse
655 2653 789 2704 videntur.

203 2788 226 2822 c.
244 2774 285 2837 32,
305 2775 333 2823 3:
352 2788 382 2824 rs
400 2771 555 2842 uuutiutufl
579 2774 619 2823 sic
638 2773 731 2833 codd.;
748 2773 854 2824 Holder
872 2790 905 2824 ex
924 2774 1081 2826 coniectura

99 2858 173 2910 Guil.
192 2858 273 2910 Pauli
290 2874 321 2912 re
339 2858 518 2911 reituutiutu
536 2859 627 2911 edidit.

204 2987 227 3020 e.
245 2971 286 3030 33,
306 2973 335 3018 2:
354 2968 815 3036 repeutiuam...eruptiouem
834 2971 940 3037 scripsi,
954 2988 1014 3021 cum
1034 2972 1080 3022 ad-

98 3057 259 3107 adverbium
287 3059 441 3122 repetitum,
470 3056 542 3122 quod
570 3056 646 3106 codd.
674 3057 783 3120 habent,
808 3056 935 3109 Caesaris
963 3061 1079 3108 sermoni

98 3143 228 3207 alienum,
247 3142 411 3192 adiectivum
429 3158 493 3192 vero
512 3141 678 3209 repentinus
694 3144 864 3194 tritissimum
884 3145 925 3195 sit.

204 3270 227 3308 c.
245 3256 291 3304 34:
314 3252 438 3307 Vetteiios
465 3255 639 3305 scribendum
666 3270 726 3305 esse
750 3272 797 3320 pro
825 3256 949 3306 codicum
971 3255 1080 3309 Uitellos

100 3341 190 3392 Gliick
209 3340 301 3392 docuit
319 3342 335 3392 l.
354 3343 372 3391 l.
391 3359 416 3407 p.
432 3341 488 3392 165.
502 3369 535 3380 —
547 3343 583 3392 ib.
604 3341 773 3394 deditiouem
790 3347 821 3392 ut
832 3347 913 3393 antea
931 3343 1078 3394 secundnm

99 3427 177 3479 codd.
203 3428 309 3492 scripsi.
338 3427 502 3492 Nipperdey,
521 3428 635 3491 Kraner‚
659 3428 755 3478 Dinter
779 3428 919 3494 vulgatum
945 3427 1080 3481 diciouem

99 3513 251 3564 ediderunt.
