2376 3924
364 197 475 248 LIBER
493 196 553 261 VII,
573 197 649 250 ΟΑΡ.
668 197 780 248 59-62.
1000 197 1063 262 209

81 389 239 455 celeriter
253 389 506 454 transmittitur.
529 387 605 453 Uno
624 388 693 453 fere
710 397 859 475 temporo
875 389 937 455 sub
953 389 1084 455 lueem³

79 492 236 559 hostibus
258 493 445 574 nuntiatur,
477 493 511 556 in
535 492 656 557 castris
679 491 905 558 Romanorum
927 503 1062 580 praeter

81 596 359 663 consuetudinem
371 594 580 679 tumultuari,
594 604 626 660 et
639 617 798 679 magnum
811 599 860 662 ire
872 618 993 680 agmen
1003 597 1062 662 ad·

80 723 179 768 verso
201 701 336 766 flumine
359 700 569 785 sonitumque
586 721 751 765 remorum
773 702 807 765 in
831 700 949 765 eadem
964 710 1062 786 parte

80 805 238 873 exaudiri
250 814 284 870 et
298 803 400 891 paulo
416 803 504 868 infra
520 802 645 868 milites
660 802 804 869 navibus
825 807 1061 889 transportari.

78 910 211 992 Quibus
223 907 323 975 rebus
336 907 474 989 auditis,
490 906 579 993 quod
595 906 839 973 existimabant
855 907 963 972 tribus
976 907 1084 979 loeis4

77 1015 227 1080 transire
238 1012 388 1098 legiones
401 1020 502 1097 atque
515 1033 629 1076 omnes
641 1011 856 1097 perturbatos
874 1011 1061 1078 defectione

77 1102 273 1183 Aeduorum
288 1116 403 1199 fugam
417 1137 549 1201 parare,
567 1137 644 1180 suas
658 1137 789 1202 quoque
805 1118 920 1202 copias
937 1117 971 1180 in
991 1124 1060 1181 tres

77 1230 194 1308 partes
218 1217 473 1285 distribuerunt.
497 1218 584 1282 Nam
607 1218 778 1305 praesidio
803 1242 820 1283 e
843 1222 981 1302 regione
1004 1242 1082 1291 ca·5

79 1335 226 1391 atrorum
249 1323 368 1389 relicto
392 1332 425 1387 et
447 1344 554 1408 parva
577 1344 678 1387 manu
695 1322 918 1388 Metiosedum
941 1346 1059 1389 versus

77 1431 194 1510 missa,
223 1450 309 1514 quae
338 1435 469 1491 tantum
492 1425 740 1511 progrediatur,
771 1435 932 1511 quantum
955 1450 1059 1492 nares

76 1531 333 1617 processissent,
356 1528 504 1615 reliquas
528 1530 643 1614 copias
660 1537 778 1594 contra
794 1528 983 1595 Labienum
1001 1531 1057 1596 du·

77 1643 213 1700 xerunt.

165 1737 216 1804 62.
238 1738 352 1803 Prima
374 1737 451 1802 luce
468 1746 502 1803 et
516 1739 625 1802 nostri
643 1759 756 1802 omnes
773 1746 870 1802 erant
886 1746 1058 1823 transpor-

76 1842 154 1925 tati,
179 1850 211 1906 et
226 1842 373 1907 bostium
389 1842 482 1906 acies
505 1840 718 1907 cernebatur.
741 1840 916 1906 Labienus
933 1841 1081 1908 militesr

75 1945 284 2028 cohortatus,
307 1953 344 2009 ut
361 1966 442 2009 suae
456 1944 621 2029 pristinae
636 1945 772 2009 virtutis
797 1954 829 2008 et
854 1946 1057 2012 secundissi-

75 2072 206 2116 morum
221 2048 423 2136 proeliorum
435 2051 621 2114 retinerent
633 2050 827 2114 memoriam
840 2059 941 2137 atque
950 2052 1058 2137 ipsum

76 2153 269 2237 Caesarem,
299 2153 395 2217 cuius
427 2151 530 2218 ductu
557 2174 797 2238 saepenumero
824 2153 939 2218 hostes
965 2178 1058 2241 supe·

75 2265 220 2341 rassent,
233 2265 444 2344 praesentem
456 2255 577 2322 adesse
590 2257 834 2339 existimarent,
853 2257 911 2323 dat
925 2260 1058 2343 signum

76 2360 207 2446 proelii.
222 2361 334 2426 Primo
346 2382 513 2426 concursu
525 2358 569 2426 ab
584 2359 702 2425 dextro
716 2381 832 2444 cornu,
844 2359 902 2425 ubi
914 2364 1079 2448 septimae

75 2466 165 2550 legio
190 2462 401 2549 constiterat,
427 2465 541 2531 hostes
564 2464 735 2550 pelluntur
759 2474 860 2551 atque
883 2467 917 2530 in
941 2466 1057 2549 fugam

74 2571 305 2654 coniciuntur;
333 2568 377 2635 ab
407 2569 560 2652 sinistro,
592 2590 689 2655 quem
717 2568 827 2633 locum
857 2568 1079 2635 duodecimas

74 2672 165 2758 legio
188 2673 337 2758 tenebat,
360 2695 436 2738 cum
458 2675 557 2759 primi
581 2672 715 2738 ordines
738 2672 883 2738 hostium
900 2675 1056 2740 transfixi

74 2776 153 2842 telis
166 2777 406 2860 concidissent,
419 2786 531 2843 tamen
541 2775 1056 2863 acerrimereliquiresistebant,

73 2904 138 2947 nec
163 2881 268 2947 dabat
292 2883 517 2969 suspicionem
540 2882 642 2966 fugae
665 2882 851 2968 quisquam.
885 2883 962 2967 Ipse
986 2882 1079 2949 duxs

73 2986 222 3051 hostium
245 2983 494 3070 Camulogenus
518 2987 588 3050 suis
612 2985 732 3051 aderat
749 2995 850 3072 atque
866 3009 924 3052 eos
940 2987 1055 3051 eohor-

73 3088 224 3155 tabatur.
257 3089 390 3154 Incerto
420 3110 510 3155 nuno
535 3090 637 3154 etiam
660 3090 755 3154 exitu
777 3091 951 3173 victoriae,
980 3113 1077 3156 cumo

73 3195 237 3279 septimae
259 3190 403 3278 legionis
419 3192 565 3259 tribunis
582 3202 671 3258 esset
687 3195 888 3276 nuntiatum,
913 3216 998 3281 quae
1020 3196 1055 3258 in

74 3299 214 3363 sinistro
237 3318 342 3363 cornu
366 3305 572 3382 gererentur,
594 3306 670 3383 post
690 3306 822 3381 tergum
840 3298 986 3362 hostium
1009 3297 1055 3362 le·

74 3401 209 3485 gionem
224 3400 447 3468 ostenderunt
462 3402 627 3489 signaque
642 3402 837 3468 intulerunt.
861 3403 911 3467 Ne
928 3425 966 3467 eo
983 3404 1076 3488 qui-r

75 3503 151 3571 dem
173 3513 322 3591 tempore
336 3506 515 3591 quisquam
529 3505 603 3572 loco
619 3507 733 3590 cessit,
757 3505 817 3571 sed
832 3507 1055 3572 circumventi

131 3612 219 3656 ὒιωιτ.
231 3612 250 3656 1.
270 3613 293 3656 b.
307 3612 334 3656 (t.
852 3609 886 3658 rt
