2376 3924
132 242 152 306 6
453 245 504 294 DE
521 244 642 294 BELLO
662 243 775 295 CIVILI

132 434 312 520 Syriaeque
332 435 374 499 ad
397 456 489 499 suam
511 438 686 521 potentiam
702 435 965 521 dominatumque
977 459 1109 503 conver-

131 547 224 619 terat,
248 560 317 602 rem
339 538 382 603 ad
405 562 495 603 arma
518 539 634 604 deduci
657 540 817 605 studebat.

216 640 245 704 5.
280 643 340 707 His
363 642 404 707 de
433 646 538 708 causis
567 654 707 728 aguntur
736 645 842 708 omnia
869 647 988 729 raptim
1010 655 1110 730 atque

131 745 269 810 turbate.
315 747 384 811 Nec
406 747 543 812 docendi
566 747 714 813 Caesaris
737 750 923 833 propinquis
947 749 1015 812 eius
1038 771 1108 834 spa-

130 851 211 912 tium
239 849 352 933 datur,
386 874 446 916 nec
474 850 611 916 tribunis
639 851 740 937 plebis
770 856 817 917 sui
842 851 973 936 periculi
997 852 1109 939 depre-

88 946 100 963 “
131 952 226 1016 candi
254 976 359 1038 neque
389 958 486 1020 etiam
514 959 650 1020 extremi
680 959 756 1021 iuris
786 958 1013 1021 intercessione
1035 958 1109 1021 reti·

119 1056 243 1138 nendi,
273 1058 359 1141 quod
383 1059 421 1122 L.
447 1058 534 1124 Sulla
563 1059 753 1144 reliquerat,
782 1059 918 1125 facultas
945 1058 1108 1141 tribuitur,

131 1160 188 1223 sed
217 1161 257 1224 de
291 1184 349 1226 sua
379 1162 480 1226 salute
511 1165 645 1247 septimo
675 1162 727 1226 die
761 1165 903 1248 cogitare
937 1171 1108 1246 coguntur,

131 1263 218 1347 quod
240 1263 282 1327 illi
306 1264 569 1329 turbulentissimi
592 1265 810 1350 superioribus
833 1265 1031 1350 temporibus
1054 1268 1108 1329 tri-

102 1358 208 1433 'huni
231 1367 333 1452 plebis
355 1368 466 1433 ultimo
490 1369 628 1452 denique
657 1391 767 1432 mense
790 1391 921 1433 suarum
945 1370 1108 1433 actionum

109 1473 290 1555 crespicere
313 1494 352 1535 ac
374 1474 486 1535 timere
509 1481 710 1536 consuerant.
689 1473 910 1536 tDecurrit
897 1482 950 1536 tur
971 1470 1015 1536 ad
1029 1470 1109 1535 illud

131 1583 312 1638 extremum
328 1585 425 1659 atque
447 1574 502 1638 ult
481 1585 594 1638 t1mum
617 1583 708 1639 senat
696 1575 873 1639 ttusconsul
860 1585 939 1656 tum,
963 1597 1026 1660 quo
1047 1576 1110 1639 nisi

132 1700 233 1762 paene
262 1680 294 1741 in
322 1680 390 1762 ipso
419 1676 509 1742 urbis
532 1677 679 1742 incendio
707 1688 805 1763 atque
827 1679 861 1742 in
884 1677 1108 1764 desperatione

131 1782 273 1844 omnium
288 1779 396 1845 salutis
412 1783 523 1843 ceretro
535 1779 735 1859 perniciosae
759 1778 834 1861 lepis
850 1780 988 1845 latorum
1010 1781 1108 1846 auda·

131 1885 213 1947 ciam
246 1905 423 1967 numquam
450 1892 525 1947 ante
554 1882 744 1949 descensum
772 1893 835 1947 est:
870 1883 948 1948 dent
976 1906 1109 1970 operam

131 1986 291 2068 consules,
321 1994 501 2070 praetores,
536 1984 656 2049 tribuni
683 1985 785 2070 plebis
814 1988 933 2070 quique
950 2005 1013 2066 pro
1035 2008 1107 2050 con-

131 2088 250 2154 sulibus
283 2087 350 2150 siat
384 2087 426 2152 ad
457 2088 585 2171 urbem,
620 2111 660 2152 nc
690 2087 768 2173 quid
801 2088 984 2173 respublica
1012 2088 1109 2155 detri-

107 2195 228 2258 cmenti
262 2195 376 2277 capiat.
432 2192 525 2256 Haec
557 2191 831 2257 senatusconsulto
865 2191 1110 2276 perscribuntur

120 2320 158 2369 a.
183 2296 212 2360 d.
239 2315 296 2360 vn.
319 2295 368 2359 Id.
391 2296 461 2359 lan.
507 2295 622 2380 Itaque
646 2313 667 2359 v
690 2297 801 2380 primis
825 2293 955 2378 diebus,
989 2294 1108 2381 quibus

130 2400 243 2463 haberi
265 2410 394 2465 senatus
422 2402 539 2484 potuit,
574 2420 638 2483 qua
667 2422 715 2462 ex¹
737 2398 788 2463 die
816 2397 1018 2464 consulatum
1039 2401 1110 2466 iniit

113 2503 297 2583 'Lentulus
320 2503 418 2567 biduo
443 2512 580 2587 excepto
603 2501 752 2567 comitiali
775 2501 863 2565 etde
879 2502 1013 2587 imperio
1029 2499 1107 2567 an-

130 2607 210 2670 saris
233 2616 299 2669 eti
252 2606 328 2669 tde
351 2605 553 2690 amplissimis
576 2606 664 2686 viris,
682 2604 824 2669 tribunis
847 2604 960 2690 plebis,
983 2607 1108 2690 gravis-

108 2711 208 2776 ssime
231 2708 500 2792 acerbissimeque
517 2708 661 2773 decernit
648 2718 710 2771 tur.
734 2707 926 2792 Profugiuut
942 2711 1050 2773 statim
1065 2729 1108 2773 ex

76 2832 80 2839 ·
86 2810 210 2875 urbe
232 2810 352 2875 tribuni
376 2811 477 2896 plebis
506 2833 640 2896 seseque
667 2811 710 2875 ad
732 2809 905 2877 Caesarem
928 2811 1107 2877 conferunt

129 2914 161 2976 Is
191 2935 228 2976 eo
256 2923 399 2999 tempore
428 2925 497 2979 orat
484 2917 701 2980 tRavennae
736 2914 1011 3001 exspectabatque
1042 2919 1109 2982 suis

129 3016 296 3081 lenissimis
319 3018 484 3102 postulatis
506 3040 669 3103 responsa,
693 3022 719 3083 si
735 3040 800 3104 qua
821 3019 987 3084 hominum
1002 3022 1108 3106 aequi·

132 3128 195 3184 tate
218 3142 270 3183 res
293 3121 335 3184 ad
359 3123 458 3186 otium
481 3122 597 3188 deduci
620 3135 735 3208 posset.

216 3223 245 3286 (i.
270 3225 430 3288 Proximis
445 3225 559 3290 diebus
575 3227 712 3292 habetur
728 3237 822 3292 extra
837 3226 953 3292 urbem
967 3237 1108 3295 senatus.

130 3328 302 3411 Pompeius
336 3327 451 3392 eadem
484 3328 552 3410 illa,
588 3352 671 3414 quae
705 3354 763 3416 per
791 3332 973 3417 Scipionem
1006 3343 1109 3399 osten-

132 3429 241 3512 derat,
268 3433 359 3516 agit3
395 3441 525 3496 senatus
555 3434 709 3498 virtutem
739 3437 1016 3522 constantiamque
1049 3435 1122 3502 col·.

133 3531 258 3616 laudat3
293 3535 401 3619 copias
429 3557 504 3600 suas
534 3538 682 3620 exponit3
717 3536 857 3621 legiones
888 3535 1011 3603 habore
1037 3558 1048 3598 ι
