2376 3924
92 230 145 280 XII
394 229 604 282 ADNOTA'IIO
624 230 770 283 catulos

99 436 184 485 genus
208 420 317 471 dicendi
339 427 431 487 utpote
455 422 573 472 sermoni
594 422 702 488 vulgari
724 428 752 472 et
773 421 903 472 familiari
921 436 1072 474 accommo-

96 505 188 555 datum
211 521 305 570 parum
328 507 418 557 facere
436 505 580 557 videbatur
597 523 659 558 cum
676 508 780 559 urbano
799 507 848 557 illo
867 506 994 560 Caesaris
1016 526 1072 560 ser·

96 606 184 652 mone,
197 590 334 642 Plautinis
346 598 373 641 et
385 591 556 643 Terentianis
574 592 642 643 locis
659 590 740 642 fidem
758 607 814 641 non
832 607 891 642 esse
909 591 1073 656 habendam,

95 675 143 726 sed
162 691 224 726 cum
236 676 286 726 Th.
298 677 423 727 Bentleio
441 676 502 745 aqit
519 683 583 727 ante
601 681 666 729 orat
683 676 860 728 inserendum
879 692 940 728 esse
958 680 1074 730 censuit

96 760 167 811 hanc
188 763 244 812 iam
267 761 412 812 lectionem
435 776 497 814 eure
515 775 545 813 eo
563 760 598 814 eie
614 759 707 814 seuere
724 775 779 814 suu
798 760 872 829 aqit,
899 766 966 814 orat
990 766 1076 830 atque

100 846 226 900 obsecrat
249 864 342 898 omnes
368 847 496 912 deinceps
524 847 640 898 editores
667 854 837 913 receperunt.
868 848 917 898 sed
934 851 1030 899 monui
1048 851 1076 899 in

95 933 185 998 priore
204 933 322 984 editione
340 932 468 998 frigidam
485 931 572 982 videri
596 932 672 983 illam
689 933 836 982 verborum
854 933 1075 995 cumulationem,

98 1033 178 1083 quam
197 1035 250 1084 quo
269 1019 383 1069 coneilio
401 1019 519 1069 admissa
543 1020 578 1068 sit
601 1035 655 1068 non
683 1017 795 1083 dispici;
821 1019 955 1084 aptiorem
983 1026 1076 1071 autem

97 1103 259 1154 emendandi
276 1105 409 1154 rationem
422 1105 567 1154 monstrari
580 1105 674 1155 codice
692 1103 717 1165 f,
736 1104 765 1153 in
784 1119 836 1170 quo
855 1118 919 1156 surr
935 1120 1010 1158 eum
1027 1118 1077 1172 pro

99 1203 162 1240 suut
184 1203 220 1240 eo
247 1197 386 1240 exaratum
413 1191 455 1241 sit
486 1189 537 1240 hac
560 1191 632 1240 enim
656 1189 774 1240 lectione
800 1197 910 1255 recepta
928 1191 1077 1252 dummodo

99 1277 214 1326 ueterem
232 1289 338 1341 quoque
354 1292 403 1341 pro
420 1279 589 1342 ueteremque
607 1275 754 1336 scribatur,
778 1276 919 1341 aptissime
938 1279 1077 1328 sententia

98 1360 229 1411 decurrit:
255 1377 329 1414 euro
355 1377 429 1415 eum
455 1361 489 1415 de
515 1360 608 1415 salute
633 1376 687 1414 sua
712 1366 776 1413 orat
795 1366 879 1428 atque
896 1360 1026 1414 obsecrat
1043 1367 1078 1416 ut

99 1444 155 1499 sibi
169 1451 284 1515 parcat,
305 1452 419 1501 ueterem
437 1463 570 1515 quoque
587 1446 743 1500 amicitiam
760 1451 954 1500 commacerat
974 1447 1077 1502 Gaesa-

99 1531 194 1599 risque
211 1533 243 1586 iu
261 1548 290 1586 se
307 1532 439 1599 beueficiu
456 1533 579 1602 eupouit.

199 1636 222 1670 c.
235 1623 276 1684 23,
289 1623 319 1670 2:
338 1625 421 1672 eraut
439 1618 714 1688 quiuquuqiuta;
731 1618 876 1672 ordinis
894 1620 1078 1675 certatorii

98 1703 133 1756 L.
148 1704 303 1774 Domitius,
321 1706 353 1759 P.
366 1705 507 1759 Leutulus
526 1705 667 1773 Spattier,
685 1705 717 1759 L.
734 1703 873 1758 Caecilius
886 1704 994 1771 Rufus,
1013 1705 1078 1761 Sea.

102 1789 258 1858 Quintilius
271 1792 366 1846 Varus
385 1797 524 1859 quaestor,
542 1791 578 1845 L.
589 1790 745 1861 Rubrius]
764 1807 813 1857 pro
826 1793 926 1844 vitiosa
944 1793 1079 1844 librorum

99 1878 233 1942 scriptura
258 1883 341 1931 erarii
368 1879 576 1947 quinquaqinta
602 1877 747 1931 ordiues
773 1879 888 1929 Vossius
915 1885 943 1929 et
966 1878 1079 1932 Ouden-

101 1962 210 2027 dorpius
235 1965 415 2015 exhibuerunt
437 1969 519 2016 eruut
537 1963 675 2016 senatorii
693 1961 818 2028 ordinis,
845 1963 976 2015 Davisius
994 1969 1081 2017 aaut

102 2049 222 2116 quiaque
240 2051 378 2103 auratoriu'
394 2050 519 2118 arduus,
547 2058 574 2101 et
599 2051 667 2101 haec
692 2049 856 2101 emendandi
874 2051 943 2100 ratio
962 2050 1081 2117 Nipper-

100 2134 161 2186 deio
180 2151 286 2201 quoque
304 2138 343 2189 ita
360 2137 509 2202 probabilis
528 2139 588 2187 visa
606 2145 660 2198 est,
687 2138 711 2187 si
728 2134 868 2188 servatorii
884 2143 947 2200 post
964 2134 1081 2189 ordinis

101 2221 281 2275 collocaretur
302 2225 396 2290 ibique
420 2238 434 2277 s
458 2224 590 2275 excidisse
614 2225 821 2274 existimaretur.
851 2230 1030 2273 assenserunt
1055 2224 1082 2274 ei

104 2315 247 2374 sequentes
272 2309 398 2362 editores.
427 2327 522 2361 vocem
545 2308 684 2361 senatorii
707 2315 735 2358 et
753 2308 863 2373 quidem
879 2308 933 2358 hoc
949 2307 1011 2358 loco
1033 2325 1083 2360 ex·

103 2393 200 2445 cidisse
227 2396 295 2446 mihi
321 2413 427 2463 quoque
453 2397 573 2458 videtur,
600 2403 629 2446 at
653 2411 795 2445 numerum
819 2392 1030 2462 quinquaqinta
1051 2397 1082 2445 in

104 2482 228 2532 omnibus
247 2482 324 2533 libris
343 2484 471 2549 scriptum
490 2488 517 2533 ct
535 2483 601 2534 clim
619 2488 646 2532 et
667 2497 739 2532 nunc
760 2490 874 2546 tangere
897 2480 988 2543 nolui,
1016 2496 1083 2532 curn

105 2567 178 2616 omni
195 2567 342 2620 offensione
361 2574 465 2631 careat,
493 2568 635 2618 dummodo
654 2567 688 2617 de
705 2568 740 2618 iis
761 2566 951 2632 intellegatur,
979 2568 1028 2633 qni
1052 2569 1083 2619 in

103 2654 279 2706 antecedente
307 2657 442 2707 sententia
471 2659 662 2706 enumerantur
690 2656 834 2706 seuatores
863 2655 1084 2721 seautorumque

104 2738 198 2806 tueri,
228 2740 338 2795 tribeati
366 2740 489 2794 utilitum
518 2739 675 2806 equitesque
704 2738 836 2792 Romani.
866 2765 899 2777 -
930 2739 954 2806 ς.
982 2740 1013 2791 4:
1044 2739 1083 2794 ab

106 2824 269 2878 lffluirts
293 2827 442 2878 secundum
460 2825 565 2891 lapides
582 2825 754 2876 scribendum
776 2841 836 2876 esse
848 2840 896 2890 pro
915 2823 1084 2895 eo11uirie,

102 2911 206 2961 monuit
223 2912 272 2963 Th.
291 2914 449 2963 Mommsen.

203 3013 227 3046 c.
245 3000 287 3047 25.
306 2999 340 3049 de
358 2999 567 3063 transponendis
585 2998 626 3065 §5-
645 3000 660 3047 7
679 3004 706 3048 et
725 2999 740 3047 9
759 2998 803 3063 egi
821 2998 849 3046 in
862 2998 933 3048 Mus.
946 2997 998 3047 Rh.
1012 3000 1084 3052 1888

105 3089 124 3132 t.
142 3082 232 3132 XLIII
250 3100 276 3148 p.
296 3085 346 3135 les
363 3101 403 3149 sq.
420 3078 473 3135 ‘die
491 3085 674 3151 Hafensperrc
692 3101 746 3134 von
763 3080 956 3134 Brundisium-²

204 3185 228 3221 c.
246 3173 288 3233 30,
307 3173 336 3220 2:
364 3185 427 3222 cum
453 3169 607 3238 leqiourous
635 3167 794 3237 duabus]
822 3167 899 3219 codd.
923 3167 1017 3222 tridua
1035 3171 1086 3223 vel

105 3254 161 3308 HI
174 3255 287 3314 habent3
315 3272 377 3305 cum
398 3272 463 3306 vero
487 3259 511 3317 2,
529 3258 570 3319 28,
591 3259 604 3304 1
629 3264 656 3306 et
678 3254 919 3317 tuscanorum
943 3259 1086 3321 quatiam

104 3341 227 3408 legiones
250 3358 267 3392 a
286 3341 402 3392 Caesare
429 3343 567 3408 accepisse
594 3348 732 3409 narretur,
758 3341 889 3391 Davisius
916 3342 999 3392 etiam
1029 3342 1086 3396 hoc

106 3428 165 3480 loco
193 3432 328 3495 quattuor
355 3428 491 3494 legionum
518 3445 658 3479 nnmerum
686 3429 793 3479 exarari
819 3429 907 3478 iussit.
935 3433 964 3478 at
991 3444 1085 3495 neque

103 3531 164 3566 cum
183 3515 260 3568 libris
278 3531 341 3566 mss.
365 3530 453 3581 neque
473 3530 534 3565 cum
552 3515 663 3565 Davisio
681 3515 837 3565 faciendum
855 3530 924 3577 esse,
941 3515 971 3564 in
989 3516 1086 3580 priore
