2376 3924
504 217 580 269 car.
599 220 675 271 a-a.
1011 223 1074 288 297

98 413 200 470 tatem
222 413 254 469 et
276 427 340 470 non
373 409 479 471 minus
513 409 675 493 copiosam
708 409 915 492 aquationem
948 412 1077 495 inopem

99 507 327 594 difficilemque
341 508 442 574 habet
453 511 734 596 oppugnationem.
756 510 821 575 Hic
832 513 930 575 etiam
945 523 1097 600 proptera

98 611 313 676 barbarorum
341 612 474 678 crebras
505 616 713 678 excursiones
744 617 850 679 omnia
878 614 958 698 loca,
993 639 1077 702 quae

99 724 174 780 sunt
207 715 249 780 ab
283 717 408 803 oppidis
441 728 576 802 remota,
613 719 756 784 turribus
786 729 829 809 et
846 722 1077 787 munitionibus

52 808 54 812 ¹
98 822 288 903 retinentur,
323 824 407 887 sicut
427 824 460 887 in
483 822 605 906 Africa,
640 825 768 907 rudere,
803 846 867 889 non
895 824 1011 910 tegulis
1032 834 1077 889 te-

99 933 234 1009 guntur,
269 926 427 1012 simulque
450 929 483 991 in
506 928 555 992 his
577 928 700 993 babent
722 929 868 1015 speculas
891 937 923 994 et
945 937 1097 1014 proptera

99 1027 300 1093 altitudinem
333 1029 427 1117 longe
461 1031 588 1116 lateque
622 1035 829 1119 prospiciunt.
874 1032 957 1098 Item
991 1035 1098 1119 oppi·⁴

99 1131 215 1196 dorum
236 1153 356 1217 magna
384 1155 459 1220 pars
494 1136 562 1200 eius
595 1137 780 1220 provinciae
813 1136 976 1201 montibus
1009 1136 1077 1201 fere

99 1237 223 1300 munita
245 1245 278 1300 et
300 1245 417 1301 natura
439 1236 672 1303 excellentibus
702 1238 778 1304 locis
812 1248 861 1303 est
894 1242 1075 1323 constituta,

99 1348 136 1403 ut
158 1337 252 1403 simul
275 1339 381 1405 aditus
404 1362 623 1427 ascensusque
645 1341 766 1407 babeat
788 1341 943 1407 difficiles.
967 1342 1019 1406 Ita
1034 1342 1098 1407 aba

102 1442 397 1528 oppugnationibus
420 1453 538 1508 natura
560 1443 621 1509 loci
644 1444 848 1528 distinemur,
872 1454 908 1510 ut
930 1447 1077 1510 civitates

101 1545 277 1631 Hispaniae
307 1569 372 1612 non
401 1546 494 1612 facile
521 1547 564 1612 ab
586 1547 678 1612 hoste
701 1550 879 1634 capiantur.
923 1548 964 1613 Id
992 1548 1078 1634 quod

99 1651 133 1713 in
154 1651 216 1716 hoc
239 1652 373 1735 contigit
394 1650 487 1716 bello.
533 1652 618 1716 Nam
652 1673 726 1716 cum
753 1653 836 1715 inter
858 1649 1023 1735 Ateguam
1045 1660 1099 1716 eta

99 1753 251 1837 Ucubim,
275 1776 359 1839 quae
383 1754 501 1840 oppida
524 1777 622 1841 supra
645 1763 720 1819 sunt
742 1756 871 1840 scripta,
905 1755 1078 1840 Pompeius

101 1856 214 1921 habuit
237 1865 344 1922 castra
367 1859 541 1922 constituta
569 1860 603 1922 in
626 1867 800 1945 conspectu
827 1858 965 1923 duorum
993 1861 1079 1945 oppi-

101 1959 227 2041 dorum,
260 1959 303 2024 ab
326 1963 392 2025 suis
421 1963 534 2026 castris
568 1963 697 2027 circiter
729 1961 817 2028 milia
849 1985 1002 2049 passuum
1026 1981 1079 2026 1111

101 2086 234 2148 grumas
257 2075 306 2129 est
329 2064 490 2129 excellens
513 2076 641 2150 natura,
676 2069 731 2153 qui
764 2066 945 2154 appellatur
973 2076 1079 2132 castra

102 2168 327 2233 Postumiana:
360 2168 405 2233 ibi
439 2170 592 2254 praesidii
625 2192 724 2235 causa
757 2170 926 2235 castellum
959 2169 1079 2235 Caesar

101 2269 216 2335 habuit
238 2273 455 2337 constitutum.

187 2374 217 2438 9.
241 2371 361 2461 [Quod]
384 2374 566 2461 Pompeius,
583 2374 671 2461 quod
686 2374 801 2440 eodem
816 2378 891 2462 iugo
907 2375 1079 2461 tegebatur

101 2476 161 2543 loci
195 2488 322 2561 natura,
356 2487 389 2543 et
421 2487 581 2542 remotum
614 2486 685 2542 erat
718 2477 882 2540 castellum
916 2502 935 2543 a
965 2481 1079 2543 castris

102 2580 260 2665 Caesaris,
295 2581 577 2647 animadvertebat
609 2580 670 2646 loci
703 2580 893 2646 difficultate
928 2591 969 2665 et,
1004 2584 1079 2666 quia

102 2684 234 2750 flumine
272 2685 363 2753 Salso
400 2685 687 2769 intercludebatm·,
725 2707 789 2750 non
827 2707 896 2750 esse
935 2688 1079 2750 commis-

103 2810 214 2853 surum
247 2786 431 2871 Gaesarem,
465 2798 502 2853 ut
534 2791 568 2853 in
601 2797 692 2853 tanta
725 2788 786 2853 loci
818 2788 1008 2854 difficultate
1037 2789 1079 2853 ad

103 2892 283 2958 subsidium
319 2891 514 2956 mittendum
550 2912 585 2955 se
622 2894 844 2956 committeret.
890 2892 942 2957 Ita
978 2893 1100 2957 fretus²

104 2999 251 3082 opinione
274 2999 370 3061 tertia
385 2996 495 3081 vigilia
518 2995 680 3081 profectus
703 2995 870 3060 castellum
892 3017 1080 3081 oppugnare

103 3095 235 3185 coepit.¹
263 3099 346 3165 Cum
379 3102 701 3186 appropinquassent,
739 3098 878 3164 clamore
911 3101 1100 3185 repentinos

102 3201 303 3289 telorumque
325 3202 529 3268 multitudine
551 3205 654 3267 iactus
683 3203 791 3268 lacere
825 3210 1009 3287 coeperunt,
1032 3203 1080 3265 uti

103 3328 256 3392 magnam
279 3316 405 3392 partem
419 3307 586 3371 hominum
600 3306 788 3371 vulneribus
804 3306 981 3370 afficerent.
1006 3306 1102 3387 Quot

103 3420 235 3497 peracto
259 3434 333 3476 cum
356 3433 398 3474 ex
421 3411 550 3475 castello
583 3433 768 3496 repugnare
803 3412 991 3497 coepissent,
1015 3432 1079 3474 ma·

49 3596 52 3603 A
103 3513 289 3599 iuribusque
312 3516 425 3579 castris
443 3512 575 3578 Caesari
597 3516 728 3578 nuntius
751 3523 836 3578 esset
858 3512 982 3595 allatus,
1006 3535 1081 3577 cum
