<?xml version="1.0" encoding="UTF-8"?>
<!DOCTYPE html PUBLIC "-//W3C//DTD XHTML 1.0 Transitional//EN"
    "http://www.w3.org/TR/xhtml1/DTD/xhtml1-transitional.dtd">
<html xmlns="http://www.w3.org/1999/xhtml" xml:lang="en" lang="en">
 <head>
  <title>
</title>
<meta http-equiv="Content-Type" content="text/html;charset=utf-8" />
  <meta name='ocr-system' content='tesseract 3.04.00' />
  <meta name='ocr-capabilities' content='ocr_page ocr_carea ocr_par ocr_line ocrx_word'/>
</head>
<body>
  <div class='ocr_page' id='page_1' title='image "./ciuliicaesarisc00hoffgoog/ciuliicaesarisc00hoffgoog_0204.png"; bbox 0 0 2376 3924; ppageno 0'>
   <div class='ocr_carea' id='block_1_1' title="bbox 373 228 1057 298">
    <p class='ocr_par' dir='ltr' id='par_1_1' title="bbox 373 228 1057 298">
     <span class='ocr_line' id='line_1_1' title="bbox 373 228 1057 298; baseline 0.02 -21"><span class='ocrx_word' id='word_1_1' title='bbox 373 228 484 278; x_wconf 79' lang='lat' dir='ltr'><strong>urens</strong></span> <span class='ocrx_word' id='word_1_2' title='bbox 502 230 547 294; x_wconf 86' lang='lat' dir='ltr'><strong>vr,</strong></span> <span class='ocrx_word' id='word_1_3' title='bbox 569 230 646 280; x_wconf 68' lang='lat' dir='ltr'><strong>cir.</strong></span> <span class='ocrx_word' id='word_1_4' title='bbox 667 231 775 284; x_wconf 76' lang='lat'>12-13.</span> <span class='ocrx_word' id='word_1_5' title='bbox 997 234 1057 298; x_wconf 82' lang='lat'><strong>151</strong></span> 
     </span>
    </p>
   </div>
   <div class='ocr_carea' id='block_1_2' title="bbox 81 415 1184 3611">
    <p class='ocr_par' dir='ltr' id='par_1_2' title="bbox 81 415 1184 3611">
     <span class='ocr_line' id='line_1_2' title="bbox 186 415 1059 509; baseline 0.009 -29"><span class='ocrx_word' id='word_1_6' title='bbox 186 417 235 482; x_wconf 81' lang='lat'><strong>13.</strong></span> <span class='ocrx_word' id='word_1_7' title='bbox 250 417 291 483; x_wconf 92' lang='lat' dir='ltr'><strong>In</strong></span> <span class='ocrx_word' id='word_1_8' title='bbox 308 419 397 483; x_wconf 91' lang='lat' dir='ltr'><strong>omni</strong></span> <span class='ocrx_word' id='word_1_9' title='bbox 416 415 531 483; x_wconf 83' lang='lat' dir='ltr'><strong>Gallia</strong></span> <span class='ocrx_word' id='word_1_10' title='bbox 548 441 661 483; x_wconf 90' lang='lat' dir='ltr'><strong>eorum</strong></span> <span class='ocrx_word' id='word_1_11' title='bbox 677 417 857 505; x_wconf 87' lang='lat' dir='ltr'><strong>hominum,</strong></span> <span class='ocrx_word' id='word_1_12' title='bbox 874 424 930 508; x_wconf 90' lang='lat' dir='ltr'><strong>qui</strong></span> <span class='ocrx_word' id='word_1_13' title='bbox 945 422 1059 509; x_wconf 86' lang='lat' dir='ltr'><strong>aliquo</strong></span> 
     </span>
     <span class='ocr_line' id='line_1_3' title="bbox 83 520 1059 607; baseline 0.003 -20"><span class='ocrx_word' id='word_1_14' title='bbox 83 530 160 587; x_wconf 90' lang='lat' dir='ltr'><strong>sunt</strong></span> <span class='ocrx_word' id='word_1_15' title='bbox 181 542 320 587; x_wconf 86' lang='lat' dir='ltr'><strong>numero</strong></span> <span class='ocrx_word' id='word_1_16' title='bbox 344 530 446 607; x_wconf 90' lang='lat' dir='ltr'><strong>atque</strong></span> <span class='ocrx_word' id='word_1_17' title='bbox 468 520 604 603; x_wconf 86' lang='lat' dir='ltr'>honore,</span> <span class='ocrx_word' id='word_1_18' title='bbox 628 542 755 605; x_wconf 84' lang='lat' dir='ltr'><strong>genera</strong></span> <span class='ocrx_word' id='word_1_19' title='bbox 778 535 856 589; x_wconf 91' lang='lat' dir='ltr'><strong>sunt</strong></span> <span class='ocrx_word' id='word_1_20' title='bbox 874 524 949 590; x_wconf 90' lang='lat' dir='ltr'><strong>duo.</strong></span> <span class='ocrx_word' id='word_1_21' title='bbox 973 526 1059 590; x_wconf 90' lang='lat' dir='ltr'><strong>Nam</strong></span> 
     </span>
     <span class='ocr_line' id='line_1_4' title="bbox 81 624 1058 714; baseline 0.004 -24"><span class='ocrx_word' id='word_1_22' title='bbox 81 624 196 712; x_wconf 90' lang='lat' dir='ltr'><strong>plebes</strong></span> <span class='ocrx_word' id='word_1_23' title='bbox 219 647 327 711; x_wconf 90' lang='lat' dir='ltr'><strong>paene</strong></span> <span class='ocrx_word' id='word_1_24' title='bbox 351 647 524 691; x_wconf 86' lang='lat' dir='ltr'><strong>servorum</strong></span> <span class='ocrx_word' id='word_1_25' title='bbox 557 624 702 690; x_wconf 86' lang='lat' dir='ltr'><strong>habetur</strong></span> <span class='ocrx_word' id='word_1_26' title='bbox 735 624 819 708; x_wconf 91' lang='grc'><strong>1666,</strong></span> <span class='ocrx_word' id='word_1_27' title='bbox 854 649 940 714; x_wconf 86' lang='lat' dir='ltr'><strong>quae</strong></span> <span class='ocrx_word' id='word_1_28' title='bbox 973 628 1058 694; x_wconf 88' lang='lat' dir='ltr'>nihil</span> 
     </span>
     <span class='ocr_line' id='line_1_5' title="bbox 81 726 1081 817; baseline 0.001 -22"><span class='ocrx_word' id='word_1_29' title='bbox 81 729 185 795; x_wconf 87' lang='lat' dir='ltr'><strong>audet</strong></span> <span class='ocrx_word' id='word_1_30' title='bbox 206 751 267 815; x_wconf 90' lang='lat' dir='ltr'><strong>per</strong></span> <span class='ocrx_word' id='word_1_31' title='bbox 291 751 337 812; x_wconf 92' lang='grc'><strong>66,</strong></span> <span class='ocrx_word' id='word_1_32' title='bbox 369 726 462 792; x_wconf 88' lang='grc'><strong>66116</strong></span> <span class='ocrx_word' id='word_1_33' title='bbox 487 726 668 792; x_wconf 82' lang='lat' dir='ltr'><strong>adhibetur</strong></span> <span class='ocrx_word' id='word_1_34' title='bbox 696 730 849 794; x_wconf 87' lang='lat' dir='ltr'><strong>oonsilio.</strong></span> <span class='ocrx_word' id='word_1_35' title='bbox 893 731 1081 817; x_wconf 78' lang='lat' dir='ltr'><strong>Plerique,2</strong></span> 
     </span>
     <span class='ocr_line' id='line_1_6' title="bbox 81 831 1061 916; baseline 0.001 -17"><span class='ocrx_word' id='word_1_36' title='bbox 81 857 156 899; x_wconf 91' lang='lat' dir='ltr'><strong>cum</strong></span> <span class='ocrx_word' id='word_1_37' title='bbox 173 842 232 898; x_wconf 89' lang='lat' dir='ltr'><strong>aut</strong></span> <span class='ocrx_word' id='word_1_38' title='bbox 248 855 327 897; x_wconf 87' lang='lat' dir='ltr'><strong>aere</strong></span> <span class='ocrx_word' id='word_1_39' title='bbox 340 831 451 896; x_wconf 91' lang='lat' dir='ltr'><strong>alieno</strong></span> <span class='ocrx_word' id='word_1_40' title='bbox 464 840 522 896; x_wconf 86' lang='lat' dir='ltr'><strong>aut</strong></span> <span class='ocrx_word' id='word_1_41' title='bbox 537 833 772 916; x_wconf 78' lang='lat' dir='ltr'><strong>magnitudine</strong></span> <span class='ocrx_word' id='word_1_42' title='bbox 788 833 988 899; x_wconf 89' lang='lat' dir='ltr'><strong>tributorum</strong></span> <span class='ocrx_word' id='word_1_43' title='bbox 1002 846 1061 900; x_wconf 89' lang='lat' dir='ltr'><strong>aut</strong></span> 
     </span>
     <span class='ocr_line' id='line_1_7' title="bbox 82 937 1059 1023; baseline 0.002 -22"><span class='ocrx_word' id='word_1_44' title='bbox 82 939 204 1002; x_wconf 91' lang='lat' dir='ltr'><strong>iniuria</strong></span> <span class='ocrx_word' id='word_1_45' title='bbox 227 937 454 1023; x_wconf 89' lang='lat' dir='ltr'><strong>potentiorum</strong></span> <span class='ocrx_word' id='word_1_46' title='bbox 476 946 682 1021; x_wconf 85' lang='lat' dir='ltr'><strong>premuntur,</strong></span> <span class='ocrx_word' id='word_1_47' title='bbox 707 959 781 1002; x_wconf 87' lang='lat' dir='ltr'><strong>sese</strong></span> <span class='ocrx_word' id='word_1_48' title='bbox 804 940 838 1002; x_wconf 92' lang='lat' dir='ltr'><strong>in</strong></span> <span class='ocrx_word' id='word_1_49' title='bbox 863 940 1059 1003; x_wconf 84' lang='lat' dir='ltr'><strong>servitutem</strong></span> 
     </span>
     <span class='ocr_line' id='line_1_8' title="bbox 84 1038 1081 1125; baseline 0.002 -20"><span class='ocrx_word' id='word_1_50' title='bbox 84 1040 200 1106; x_wconf 88' lang='lat' dir='ltr'><strong>dicant</strong></span> <span class='ocrx_word' id='word_1_51' title='bbox 221 1038 404 1105; x_wconf 89' lang='lat' dir='ltr'><strong>nobilibus.</strong></span> <span class='ocrx_word' id='word_1_52' title='bbox 437 1038 477 1103; x_wconf 93' lang='lat' dir='ltr'><strong>In</strong></span> <span class='ocrx_word' id='word_1_53' title='bbox 501 1038 562 1103; x_wconf 84' lang='lat' dir='ltr'><strong>hos</strong></span> <span class='ocrx_word' id='word_1_54' title='bbox 586 1040 704 1104; x_wconf 87' lang='lat' dir='ltr'><strong>eadem</strong></span> <span class='ocrx_word' id='word_1_55' title='bbox 728 1042 839 1106; x_wconf 86' lang='lat' dir='ltr'><strong>omnia</strong></span> <span class='ocrx_word' id='word_1_56' title='bbox 869 1053 946 1106; x_wconf 91' lang='grc'><strong>6661</strong></span> <span class='ocrx_word' id='word_1_57' title='bbox 976 1044 1081 1125; x_wconf 79' lang='lat' dir='ltr'><strong>iura,³</strong></span> 
     </span>
     <span class='ocr_line' id='line_1_9' title="bbox 84 1129 1054 1233; baseline 0 -23"><span class='ocrx_word' id='word_1_58' title='bbox 84 1168 169 1233; x_wconf 90' lang='lat' dir='ltr'><strong>quae</strong></span> <span class='ocrx_word' id='word_1_59' title='bbox 193 1145 336 1211; x_wconf 88' lang='lat' dir='ltr'><strong>dominis</strong></span> <span class='ocrx_word' id='word_1_60' title='bbox 360 1145 395 1209; x_wconf 93' lang='lat' dir='ltr'><strong>in</strong></span> <span class='ocrx_word' id='word_1_61' title='bbox 418 1129 544 1210; x_wconf 80' lang='lat' dir='ltr'><strong>servos.</strong></span> <span class='ocrx_word' id='word_1_62' title='bbox 576 1143 643 1209; x_wconf 84' lang='lat' dir='ltr'><strong>Sed</strong></span> <span class='ocrx_word' id='word_1_63' title='bbox 667 1144 708 1209; x_wconf 89' lang='lat' dir='ltr'><strong>de</strong></span> <span class='ocrx_word' id='word_1_64' title='bbox 731 1146 783 1210; x_wconf 92' lang='lat' dir='ltr'><strong>his</strong></span> <span class='ocrx_word' id='word_1_65' title='bbox 808 1145 937 1210; x_wconf 86' lang='lat' dir='ltr'><strong>duobus</strong></span> <span class='ocrx_word' id='word_1_66' title='bbox 961 1167 1054 1229; x_wconf 84' lang='lat' dir='ltr'><strong>gene-</strong></span> 
     </span>
     <span class='ocr_line' id='line_1_10' title="bbox 84 1246 1082 1334; baseline -0.004 -21"><span class='ocrx_word' id='word_1_67' title='bbox 84 1249 175 1314; x_wconf 87' lang='lat' dir='ltr'><strong>ribus</strong></span> <span class='ocrx_word' id='word_1_68' title='bbox 199 1247 344 1314; x_wconf 88' lang='lat' dir='ltr'><strong>alterum</strong></span> <span class='ocrx_word' id='word_1_69' title='bbox 367 1256 419 1312; x_wconf 88' lang='lat' dir='ltr'><strong>est</strong></span> <span class='ocrx_word' id='word_1_70' title='bbox 444 1247 610 1330; x_wconf 85' lang='lat' dir='ltr'><strong>druidum,</strong></span> <span class='ocrx_word' id='word_1_71' title='bbox 634 1246 777 1312; x_wconf 88' lang='lat' dir='ltr'><strong>alterum</strong></span> <span class='ocrx_word' id='word_1_72' title='bbox 802 1251 959 1334; x_wconf 90' lang='lat' dir='ltr'><strong>equitum.</strong></span> <span class='ocrx_word' id='word_1_73' title='bbox 1004 1249 1082 1314; x_wconf 83' lang='grc'><strong>1111(</strong></span> 
     </span>
     <span class='ocr_line' id='line_1_11' title="bbox 84 1351 1062 1439; baseline -0.002 -21"><span class='ocrx_word' id='word_1_74' title='bbox 84 1352 184 1418; x_wconf 90' lang='lat' dir='ltr'><strong>rebus</strong></span> <span class='ocrx_word' id='word_1_75' title='bbox 197 1352 322 1418; x_wconf 85' lang='lat' dir='ltr'><strong>divinis</strong></span> <span class='ocrx_word' id='word_1_76' title='bbox 339 1354 518 1434; x_wconf 79' lang='lat' dir='ltr'><strong>intersunt,</strong></span> <span class='ocrx_word' id='word_1_77' title='bbox 537 1352 704 1417; x_wconf 88' lang='lat' dir='ltr'><strong>sacrificia</strong></span> <span class='ocrx_word' id='word_1_78' title='bbox 720 1351 856 1438; x_wconf 87' lang='lat' dir='ltr'><strong>publica</strong></span> <span class='ocrx_word' id='word_1_79' title='bbox 870 1375 911 1418; x_wconf 90' lang='lat' dir='ltr'><strong>ac</strong></span> <span class='ocrx_word' id='word_1_80' title='bbox 927 1355 1062 1439; x_wconf 89' lang='lat' dir='ltr'><strong>privata</strong></span> 
     </span>
     <span class='ocr_line' id='line_1_12' title="bbox 83 1454 1061 1542; baseline -0.001 -21"><span class='ocrx_word' id='word_1_81' title='bbox 83 1464 276 1542; x_wconf 88' lang='lat' dir='ltr'><strong>procurant,</strong></span> <span class='ocrx_word' id='word_1_82' title='bbox 291 1454 472 1540; x_wconf 80' lang='lat' dir='ltr'><strong>religiones</strong></span> <span class='ocrx_word' id='word_1_83' title='bbox 486 1457 769 1542; x_wconf 70' lang='lat' dir='ltr'><strong>interpretantur,</strong></span> <span class='ocrx_word' id='word_1_84' title='bbox 785 1457 831 1521; x_wconf 91' lang='lat' dir='ltr'><strong>ad</strong></span> <span class='ocrx_word' id='word_1_85' title='bbox 847 1478 902 1521; x_wconf 92' lang='lat' dir='ltr'><strong>eos</strong></span> <span class='ocrx_word' id='word_1_86' title='bbox 918 1478 1061 1540; x_wconf 83' lang='lat' dir='ltr'><strong>magnus</strong></span> 
     </span>
     <span class='ocr_line' id='line_1_13' title="bbox 84 1559 1062 1645; baseline 0.001 -21"><span class='ocrx_word' id='word_1_87' title='bbox 84 1559 353 1626; x_wconf 88' lang='lat' dir='ltr'><strong>adulescentium</strong></span> <span class='ocrx_word' id='word_1_88' title='bbox 368 1581 526 1624; x_wconf 86' lang='lat' dir='ltr'><strong>numerus</strong></span> <span class='ocrx_word' id='word_1_89' title='bbox 545 1559 747 1645; x_wconf 88' lang='lat' dir='ltr'><strong>disciplinae</strong></span> <span class='ocrx_word' id='word_1_90' title='bbox 763 1581 866 1625; x_wconf 84' lang='lat' dir='ltr'><strong>causa</strong></span> <span class='ocrx_word' id='word_1_91' title='bbox 880 1563 1062 1644; x_wconf 81' lang='lat' dir='ltr'><strong>concurrit,</strong></span> 
     </span>
     <span class='ocr_line' id='line_1_14' title="bbox 83 1663 1084 1749; baseline -0.006 -20"><span class='ocrx_word' id='word_1_92' title='bbox 83 1684 273 1749; x_wconf 87' lang='lat' dir='ltr'><strong>magnoque</strong></span> <span class='ocrx_word' id='word_1_93' title='bbox 295 1663 330 1728; x_wconf 93' lang='lat' dir='ltr'><strong>hi</strong></span> <span class='ocrx_word' id='word_1_94' title='bbox 353 1671 433 1729; x_wconf 88' lang='lat' dir='ltr'><strong>sunt</strong></span> <span class='ocrx_word' id='word_1_95' title='bbox 456 1664 547 1749; x_wconf 87' lang='lat' dir='ltr'><strong>apud</strong></span> <span class='ocrx_word' id='word_1_96' title='bbox 570 1685 627 1729; x_wconf 88' lang='lat' dir='ltr'><strong>eos</strong></span> <span class='ocrx_word' id='word_1_97' title='bbox 650 1663 786 1729; x_wconf 89' lang='lat' dir='ltr'><strong>honore.</strong></span> <span class='ocrx_word' id='word_1_98' title='bbox 817 1664 902 1729; x_wconf 89' lang='lat' dir='ltr'><strong>Nam</strong></span> <span class='ocrx_word' id='word_1_99' title='bbox 926 1664 996 1728; x_wconf 87' lang='lat' dir='ltr'><strong>fere</strong></span> <span class='ocrx_word' id='word_1_100' title='bbox 1019 1664 1084 1729; x_wconf 78' lang='lat' dir='ltr'><strong>deo</strong></span> 
     </span>
     <span class='ocr_line' id='line_1_15' title="bbox 85 1766 1062 1855; baseline -0.001 -23"><span class='ocrx_word' id='word_1_101' title='bbox 85 1767 239 1832; x_wconf 90' lang='lat' dir='ltr'><strong>omnibus</strong></span> <span class='ocrx_word' id='word_1_102' title='bbox 268 1769 510 1832; x_wconf 88' lang='lat' dir='ltr'><strong>controversiis</strong></span> <span class='ocrx_word' id='word_1_103' title='bbox 538 1766 683 1853; x_wconf 83' lang='lat' dir='ltr'><strong>publicis</strong></span> <span class='ocrx_word' id='word_1_104' title='bbox 706 1769 915 1855; x_wconf 88' lang='lat' dir='ltr'><strong>privatisque</strong></span> <span class='ocrx_word' id='word_1_105' title='bbox 938 1770 1062 1833; x_wconf 85' lang='lat' dir='ltr'><strong>consti-</strong></span> 
     </span>
     <span class='ocr_line' id='line_1_16' title="bbox 85 1869 1062 1956; baseline 0.002 -21"><span class='ocrx_word' id='word_1_106' title='bbox 85 1880 195 1952; x_wconf 89' lang='lat' dir='ltr'><strong>tuunt,</strong></span> <span class='ocrx_word' id='word_1_107' title='bbox 220 1878 264 1953; x_wconf 89' lang='grc'><strong>61,</strong></span> <span class='ocrx_word' id='word_1_108' title='bbox 287 1871 317 1934; x_wconf 89' lang='grc'><strong>61</strong></span> <span class='ocrx_word' id='word_1_109' title='bbox 340 1869 430 1956; x_wconf 90' lang='lat' dir='ltr'><strong>quod</strong></span> <span class='ocrx_word' id='word_1_110' title='bbox 453 1880 504 1935; x_wconf 87' lang='lat' dir='ltr'><strong>est</strong></span> <span class='ocrx_word' id='word_1_111' title='bbox 520 1870 706 1936; x_wconf 86' lang='lat' dir='ltr'><strong>admissum</strong></span> <span class='ocrx_word' id='word_1_112' title='bbox 727 1871 870 1952; x_wconf 85' lang='lat' dir='ltr'><strong>facinus,</strong></span> <span class='ocrx_word' id='word_1_113' title='bbox 896 1873 924 1935; x_wconf 88' lang='grc'><strong>61</strong></span> <span class='ocrx_word' id='word_1_114' title='bbox 940 1872 1062 1937; x_wconf 87' lang='lat' dir='ltr'><strong>caedes</strong></span> 
     </span>
     <span class='ocr_line' id='line_1_17' title="bbox 85 1973 1063 2059; baseline 0.001 -20"><span class='ocrx_word' id='word_1_115' title='bbox 85 1976 188 2058; x_wconf 87' lang='lat' dir='ltr'><strong>facta,</strong></span> <span class='ocrx_word' id='word_1_116' title='bbox 212 1975 241 2040; x_wconf 91' lang='lat' dir='ltr'><strong>si</strong></span> <span class='ocrx_word' id='word_1_117' title='bbox 258 1973 300 2040; x_wconf 93' lang='lat' dir='ltr'><strong>de</strong></span> <span class='ocrx_word' id='word_1_118' title='bbox 314 1973 516 2058; x_wconf 89' lang='lat' dir='ltr'><strong>hereditate,</strong></span> <span class='ocrx_word' id='word_1_119' title='bbox 540 1974 583 2039; x_wconf 92' lang='lat' dir='ltr'><strong>de</strong></span> <span class='ocrx_word' id='word_1_120' title='bbox 597 1974 723 2039; x_wconf 89' lang='lat' dir='ltr'><strong>finibus</strong></span> <span class='ocrx_word' id='word_1_121' title='bbox 746 1978 978 2040; x_wconf 89' lang='lat' dir='ltr'><strong>controversia</strong></span> <span class='ocrx_word' id='word_1_122' title='bbox 1002 1984 1063 2059; x_wconf 90' lang='lat' dir='ltr'><strong>est,</strong></span> 
     </span>
     <span class='ocr_line' id='line_1_18' title="bbox 85 2076 1064 2163; baseline 0 -20"><span class='ocrx_word' id='word_1_123' title='bbox 85 2077 187 2143; x_wconf 90' lang='lat' dir='ltr'><strong>iidem</strong></span> <span class='ocrx_word' id='word_1_124' title='bbox 211 2076 408 2159; x_wconf 89' lang='lat' dir='ltr'><strong>decernunt,</strong></span> <span class='ocrx_word' id='word_1_125' title='bbox 432 2080 584 2162; x_wconf 86' lang='lat' dir='ltr'><strong>praemia</strong></span> <span class='ocrx_word' id='word_1_126' title='bbox 612 2099 807 2163; x_wconf 88' lang='lat' dir='ltr'><strong>poenasque</strong></span> <span class='ocrx_word' id='word_1_127' title='bbox 836 2080 1064 2163; x_wconf 79' lang='grc'><strong>66661116661;</strong></span> 
     </span>
     <span class='ocr_line' id='line_1_19' title="bbox 86 2179 1086 2268; baseline -0.003 -23"><span class='ocrx_word' id='word_1_128' title='bbox 86 2183 115 2246; x_wconf 91' lang='grc'><strong>61</strong></span> <span class='ocrx_word' id='word_1_129' title='bbox 139 2182 194 2268; x_wconf 91' lang='grc'><strong>661</strong></span> <span class='ocrx_word' id='word_1_130' title='bbox 218 2189 277 2246; x_wconf 84' lang='lat' dir='ltr'><strong>aut</strong></span> <span class='ocrx_word' id='word_1_131' title='bbox 300 2182 453 2265; x_wconf 88' lang='lat' dir='ltr'><strong>privatus</strong></span> <span class='ocrx_word' id='word_1_132' title='bbox 478 2189 537 2245; x_wconf 86' lang='grc'><strong>661</strong></span> <span class='ocrx_word' id='word_1_133' title='bbox 553 2179 696 2266; x_wconf 90' lang='lat' dir='ltr'><strong>populus</strong></span> <span class='ocrx_word' id='word_1_134' title='bbox 714 2203 828 2245; x_wconf 91' lang='lat' dir='ltr'><strong>eorum</strong></span> <span class='ocrx_word' id='word_1_135' title='bbox 845 2180 981 2246; x_wconf 86' lang='lat' dir='ltr'><strong>decreto</strong></span> <span class='ocrx_word' id='word_1_136' title='bbox 997 2203 1086 2247; x_wconf 82' lang='lat' dir='ltr'><strong>none</strong></span> 
     </span>
     <span class='ocr_line' id='line_1_20' title="bbox 87 2283 1064 2371; baseline -0.001 -20"><span class='ocrx_word' id='word_1_137' title='bbox 87 2286 192 2368; x_wconf 88' lang='lat' dir='ltr'><strong>stetit,</strong></span> <span class='ocrx_word' id='word_1_138' title='bbox 216 2284 393 2350; x_wconf 87' lang='lat' dir='ltr'><strong>sacrificiis</strong></span> <span class='ocrx_word' id='word_1_139' title='bbox 418 2283 635 2349; x_wconf 89' lang='lat' dir='ltr'><strong>interdicunt.</strong></span> <span class='ocrx_word' id='word_1_140' title='bbox 658 2283 754 2349; x_wconf 87' lang='lat' dir='ltr'><strong>Haec</strong></span> <span class='ocrx_word' id='word_1_141' title='bbox 777 2306 884 2369; x_wconf 85' lang='lat' dir='ltr'><strong>poena</strong></span> <span class='ocrx_word' id='word_1_142' title='bbox 901 2285 992 2371; x_wconf 86' lang='lat' dir='ltr'><strong>apud</strong></span> <span class='ocrx_word' id='word_1_143' title='bbox 1008 2308 1064 2350; x_wconf 89' lang='lat' dir='ltr'><strong>eos</strong></span> 
     </span>
     <span class='ocr_line' id='line_1_21' title="bbox 86 2387 1086 2472; baseline -0.003 -20"><span class='ocrx_word' id='word_1_144' title='bbox 86 2397 139 2454; x_wconf 88' lang='grc'><strong>661</strong></span> <span class='ocrx_word' id='word_1_145' title='bbox 161 2388 375 2472; x_wconf 84' lang='lat' dir='ltr'><strong>gravissima.</strong></span> <span class='ocrx_word' id='word_1_146' title='bbox 399 2387 529 2469; x_wconf 83' lang='lat' dir='ltr'><strong>Quibus</strong></span> <span class='ocrx_word' id='word_1_147' title='bbox 553 2387 603 2452; x_wconf 94' lang='lat' dir='ltr'><strong>ita</strong></span> <span class='ocrx_word' id='word_1_148' title='bbox 628 2397 679 2453; x_wconf 86' lang='lat' dir='ltr'><strong>est</strong></span> <span class='ocrx_word' id='word_1_149' title='bbox 703 2389 931 2471; x_wconf 85' lang='lat' dir='ltr'><strong>interdictum,</strong></span> <span class='ocrx_word' id='word_1_150' title='bbox 954 2389 988 2453; x_wconf 92' lang='lat' dir='ltr'><strong>bi</strong></span> <span class='ocrx_word' id='word_1_151' title='bbox 1004 2411 1086 2453; x_wconf 77' lang='lat' dir='ltr'><strong>nur</strong></span> 
     </span>
     <span class='ocr_line' id='line_1_22' title="bbox 86 2490 1063 2579; baseline 0 -22"><span class='ocrx_word' id='word_1_152' title='bbox 86 2513 177 2557; x_wconf 89' lang='lat' dir='ltr'><strong>mero</strong></span> <span class='ocrx_word' id='word_1_153' title='bbox 190 2492 367 2579; x_wconf 90' lang='lat' dir='ltr'><strong>impiorum</strong></span> <span class='ocrx_word' id='word_1_154' title='bbox 379 2513 419 2556; x_wconf 89' lang='grc'><strong>66</strong></span> <span class='ocrx_word' id='word_1_155' title='bbox 433 2490 677 2556; x_wconf 85' lang='lat' dir='ltr'><strong>sceleratorum</strong></span> <span class='ocrx_word' id='word_1_156' title='bbox 690 2491 868 2574; x_wconf 87' lang='lat' dir='ltr'><strong>habentur,</strong></span> <span class='ocrx_word' id='word_1_157' title='bbox 884 2492 936 2557; x_wconf 87' lang='lat' dir='ltr'><strong>bis</strong></span> <span class='ocrx_word' id='word_1_158' title='bbox 950 2515 1063 2557; x_wconf 87' lang='lat' dir='ltr'><strong>omnes</strong></span> 
     </span>
     <span class='ocr_line' id='line_1_23' title="bbox 86 2594 1066 2681; baseline -0.001 -21"><span class='ocrx_word' id='word_1_159' title='bbox 86 2595 265 2679; x_wconf 85' lang='lat' dir='ltr'><strong>decedunt,</strong></span> <span class='ocrx_word' id='word_1_160' title='bbox 289 2594 417 2661; x_wconf 90' lang='lat' dir='ltr'><strong>aditum</strong></span> <span class='ocrx_word' id='word_1_161' title='bbox 441 2616 694 2680; x_wconf 84' lang='lat' dir='ltr'><strong>sermonemque</strong></span> <span class='ocrx_word' id='word_1_162' title='bbox 719 2594 903 2678; x_wconf 87' lang='lat' dir='ltr'><strong>defugiunt,</strong></span> <span class='ocrx_word' id='word_1_163' title='bbox 927 2596 1066 2681; x_wconf 91' lang='lat' dir='ltr'><strong>nequid</strong></span> 
     </span>
     <span class='ocr_line' id='line_1_24' title="bbox 85 2697 1065 2785; baseline 0 -21"><span class='ocrx_word' id='word_1_164' title='bbox 85 2722 129 2764; x_wconf 88' lang='lat' dir='ltr'><strong>ex</strong></span> <span class='ocrx_word' id='word_1_165' title='bbox 151 2699 356 2782; x_wconf 84' lang='lat' dir='ltr'><strong>contagione</strong></span> <span class='ocrx_word' id='word_1_166' title='bbox 378 2697 580 2763; x_wconf 92' lang='lat' dir='ltr'><strong>incommodi</strong></span> <span class='ocrx_word' id='word_1_167' title='bbox 598 2700 780 2785; x_wconf 88' lang='lat' dir='ltr'><strong>accipiant,</strong></span> <span class='ocrx_word' id='word_1_168' title='bbox 803 2720 911 2784; x_wconf 90' lang='lat' dir='ltr'><strong>neque</strong></span> <span class='ocrx_word' id='word_1_169' title='bbox 934 2698 987 2763; x_wconf 88' lang='lat' dir='ltr'><strong>bis</strong></span> <span class='ocrx_word' id='word_1_170' title='bbox 1010 2722 1065 2784; x_wconf 90' lang='lat' dir='ltr'><strong>pe·</strong></span> 
     </span>
     <span class='ocr_line' id='line_1_25' title="bbox 86 2794 1066 2888; baseline -0.002 -19"><span class='ocrx_word' id='word_1_171' title='bbox 86 2801 237 2870; x_wconf 87' lang='lat' dir='ltr'><strong>tentibus</strong></span> <span class='ocrx_word' id='word_1_172' title='bbox 261 2804 313 2868; x_wconf 87' lang='lat' dir='ltr'><strong>ius</strong></span> <span class='ocrx_word' id='word_1_173' title='bbox 335 2802 491 2868; x_wconf 90' lang='lat' dir='ltr'><strong>redditur</strong></span> <span class='ocrx_word' id='word_1_174' title='bbox 513 2794 629 2888; x_wconf 81' lang='grc'><strong>66666</strong></span> <span class='ocrx_word' id='word_1_175' title='bbox 644 2800 750 2868; x_wconf 85' lang='lat' dir='ltr'><strong>honos</strong></span> <span class='ocrx_word' id='word_1_176' title='bbox 774 2801 861 2867; x_wconf 89' lang='grc'><strong>61166</strong></span> <span class='ocrx_word' id='word_1_177' title='bbox 886 2805 1066 2868; x_wconf 89' lang='lat' dir='ltr'><strong>eommuni-</strong></span> 
     </span>
     <span class='ocr_line' id='line_1_26' title="bbox 86 2904 1089 2991; baseline -0.003 -19"><span class='ocrx_word' id='word_1_178' title='bbox 86 2915 195 2972; x_wconf 85' lang='lat' dir='ltr'><strong>catur.</strong></span> <span class='ocrx_word' id='word_1_179' title='bbox 217 2905 281 2972; x_wconf 89' lang='lat' dir='ltr'><strong>His</strong></span> <span class='ocrx_word' id='word_1_180' title='bbox 304 2914 418 2972; x_wconf 90' lang='lat' dir='ltr'><strong>autom</strong></span> <span class='ocrx_word' id='word_1_181' title='bbox 441 2904 594 2972; x_wconf 88' lang='lat' dir='ltr'><strong>omnibus</strong></span> <span class='ocrx_word' id='word_1_182' title='bbox 620 2905 796 2971; x_wconf 87' lang='lat' dir='ltr'><strong>druidibus</strong></span> <span class='ocrx_word' id='word_1_183' title='bbox 820 2919 955 2991; x_wconf 91' lang='lat' dir='ltr'><strong>praeest</strong></span> <span class='ocrx_word' id='word_1_184' title='bbox 970 2930 1089 2991; x_wconf 82' lang='lat' dir='ltr'><strong>unus,s</strong></span> 
     </span>
     <span class='ocr_line' id='line_1_27' title="bbox 86 3008 1088 3097; baseline -0.004 -21"><span class='ocrx_word' id='word_1_185' title='bbox 86 3012 144 3097; x_wconf 90' lang='lat' dir='ltr'><strong>qui</strong></span> <span class='ocrx_word' id='word_1_186' title='bbox 173 3032 337 3077; x_wconf 85' lang='lat' dir='ltr'><strong>summam</strong></span> <span class='ocrx_word' id='word_1_187' title='bbox 365 3010 454 3075; x_wconf 91' lang='lat' dir='ltr'><strong>inter</strong></span> <span class='ocrx_word' id='word_1_188' title='bbox 482 3030 539 3074; x_wconf 91' lang='lat' dir='ltr'><strong>eos</strong></span> <span class='ocrx_word' id='word_1_189' title='bbox 569 3008 671 3074; x_wconf 87' lang='lat' dir='ltr'><strong>habet</strong></span> <span class='ocrx_word' id='word_1_190' title='bbox 701 3011 947 3075; x_wconf 69' lang='lat' dir='ltr'><strong>auctoritatem·</strong></span> <span class='ocrx_word' id='word_1_191' title='bbox 992 3012 1088 3075; x_wconf 85' lang='lat' dir='ltr'><strong>Hoco</strong></span> 
     </span>
     <span class='ocr_line' id='line_1_28' title="bbox 85 3111 1065 3199; baseline -0.002 -19"><span class='ocrx_word' id='word_1_192' title='bbox 85 3123 217 3180; x_wconf 90' lang='lat' dir='ltr'><strong>mortuo</strong></span> <span class='ocrx_word' id='word_1_193' title='bbox 246 3122 316 3196; x_wconf 85' lang='lat' dir='ltr'><strong>aut,</strong></span> <span class='ocrx_word' id='word_1_194' title='bbox 349 3115 377 3178; x_wconf 88' lang='grc'><strong>61</strong></span> <span class='ocrx_word' id='word_1_195' title='bbox 401 3115 456 3199; x_wconf 92' lang='grc'><strong>661</strong></span> <span class='ocrx_word' id='word_1_196' title='bbox 480 3135 524 3178; x_wconf 89' lang='lat' dir='ltr'><strong>ex</strong></span> <span class='ocrx_word' id='word_1_197' title='bbox 546 3111 687 3199; x_wconf 84' lang='lat' dir='ltr'><strong>reliquis</strong></span> <span class='ocrx_word' id='word_1_198' title='bbox 719 3113 856 3179; x_wconf 85' lang='lat' dir='ltr'><strong>excellit</strong></span> <span class='ocrx_word' id='word_1_199' title='bbox 886 3115 1065 3198; x_wconf 84' lang='lat' dir='ltr'><strong>dignitate,</strong></span> 
     </span>
     <span class='ocr_line' id='line_1_29' title="bbox 87 3216 1065 3303; baseline -0.003 -19"><span class='ocrx_word' id='word_1_200' title='bbox 87 3218 251 3303; x_wconf 89' lang='lat' dir='ltr'><strong>succedit,</strong></span> <span class='ocrx_word' id='word_1_201' title='bbox 265 3226 335 3302; x_wconf 88' lang='lat' dir='ltr'><strong>aut,</strong></span> <span class='ocrx_word' id='word_1_202' title='bbox 344 3219 372 3282; x_wconf 89' lang='grc'><strong>61</strong></span> <span class='ocrx_word' id='word_1_203' title='bbox 386 3225 463 3282; x_wconf 89' lang='grc'><strong>6661</strong></span> <span class='ocrx_word' id='word_1_204' title='bbox 476 3216 591 3302; x_wconf 87' lang='lat' dir='ltr'><strong>plures</strong></span> <span class='ocrx_word' id='word_1_205' title='bbox 605 3238 714 3302; x_wconf 88' lang='lat' dir='ltr'><strong>pares,</strong></span> <span class='ocrx_word' id='word_1_206' title='bbox 729 3216 888 3300; x_wconf 87' lang='lat' dir='ltr'><strong>suffragio</strong></span> <span class='ocrx_word' id='word_1_207' title='bbox 899 3216 1065 3300; x_wconf 91' lang='lat' dir='ltr'><strong>druidum,</strong></span> 
     </span>
     <span class='ocr_line' id='line_1_30' title="bbox 85 3320 1065 3407; baseline -0.002 -21"><span class='ocrx_word' id='word_1_208' title='bbox 85 3342 336 3406; x_wconf 90' lang='lat' dir='ltr'><strong>nonnumquam</strong></span> <span class='ocrx_word' id='word_1_209' title='bbox 348 3322 450 3386; x_wconf 88' lang='lat' dir='ltr'><strong>etiam</strong></span> <span class='ocrx_word' id='word_1_210' title='bbox 465 3321 567 3386; x_wconf 84' lang='lat' dir='ltr'><strong>armis</strong></span> <span class='ocrx_word' id='word_1_211' title='bbox 584 3320 626 3386; x_wconf 91' lang='lat' dir='ltr'><strong>de</strong></span> <span class='ocrx_word' id='word_1_212' title='bbox 640 3322 833 3407; x_wconf 85' lang='lat' dir='ltr'><strong>principatu</strong></span> <span class='ocrx_word' id='word_1_213' title='bbox 848 3321 1065 3386; x_wconf 87' lang='lat' dir='ltr'><strong>contendunt.</strong></span> 
     </span>
     <span class='ocr_line' id='line_1_31' title="bbox 85 3422 1184 3509; baseline -0.001 -19"><span class='ocrx_word' id='word_1_214' title='bbox 85 3425 133 3490; x_wconf 88' lang='lat' dir='ltr'><strong>Hi</strong></span> <span class='ocrx_word' id='word_1_215' title='bbox 157 3433 248 3490; x_wconf 86' lang='lat' dir='ltr'><strong>corto</strong></span> <span class='ocrx_word' id='word_1_216' title='bbox 272 3424 353 3490; x_wconf 87' lang='lat' dir='ltr'><strong>anni</strong></span> <span class='ocrx_word' id='word_1_217' title='bbox 376 3432 525 3509; x_wconf 89' lang='lat' dir='ltr'><strong>tempore</strong></span> <span class='ocrx_word' id='word_1_218' title='bbox 548 3422 729 3489; x_wconf 86' lang='lat' dir='ltr'><strong>infinibus</strong></span> <span class='ocrx_word' id='word_1_219' title='bbox 754 3423 950 3506; x_wconf 77' lang='lat' dir='ltr'><strong>Carnutum,</strong></span> <span class='ocrx_word' id='word_1_220' title='bbox 981 3441 1101 3508; x_wconf 87' lang='lat' dir='ltr'><strong>quae1⁰</strong></span> <span class='ocrx_word' id='word_1_221' title='bbox 1177 3422 1184 3441; x_wconf 66' lang='lat'>¹</span> 
     </span>
     <span class='ocr_line' id='line_1_32' title="bbox 85 3524 1067 3611; baseline -0.001 -18"><span class='ocrx_word' id='word_1_222' title='bbox 85 3527 183 3611; x_wconf 80' lang='lat' dir='ltr'><strong>regio</strong></span> <span class='ocrx_word' id='word_1_223' title='bbox 206 3527 310 3593; x_wconf 88' lang='lat' dir='ltr'><strong>totius</strong></span> <span class='ocrx_word' id='word_1_224' title='bbox 333 3524 470 3593; x_wconf 76' lang='lat' dir='ltr'><strong>Galliae</strong></span> <span class='ocrx_word' id='word_1_225' title='bbox 492 3527 605 3593; x_wconf 90' lang='lat' dir='ltr'><strong>media</strong></span> <span class='ocrx_word' id='word_1_226' title='bbox 634 3526 787 3611; x_wconf 83' lang='lat' dir='ltr'><strong>habetur,</strong></span> <span class='ocrx_word' id='word_1_227' title='bbox 823 3526 1003 3592; x_wconf 88' lang='lat' dir='ltr'><strong>considunt</strong></span> <span class='ocrx_word' id='word_1_228' title='bbox 1031 3529 1067 3592; x_wconf 89' lang='lat' dir='ltr'><strong>in</strong></span> 
     </span>
    </p>
   </div>
   <div class='ocr_carea' id='block_1_3' title="bbox 0 0 1195 3924">
    <p class='ocr_par' dir='ltr' id='par_1_3' title="bbox 0 0 1195 3924">
     <span class='ocr_line' id='line_1_33' title="bbox 0 0 1195 3924; baseline 0 0"><span class='ocrx_word' id='word_1_229' title='bbox 0 0 1195 3924; x_wconf 95' lang='lat' dir='ltr'><strong> </strong></span> 
     </span>
    </p>
   </div>
  </div>
 </body>
</html>
