2376 3924
93 232 205 280 LXXVI
397 229 607 281 ADNOTATIO
627 229 771 280 CRITICA

196 435 219 468 c.
233 421 257 477 i,
273 423 299 467 l:
318 416 415 470 attritis
434 422 516 470 arete
534 416 604 469 iter
622 416 799 482 cortfeetis
817 433 880 470 cara
898 415 980 469 celeri
992 414 1074 480 festi·

92 503 209 556 reatinae
227 504 266 556 ad
285 503 383 557 bellam
402 502 604 568 eortfioieadara
622 501 653 555 iri
667 502 843 570 Hispaniam
856 502 939 571 [eam]
952 502 1074 556 emisset

94 589 232 659 topatiqae
251 588 443 642 Cordubenses
461 617 496 626 -
518 588 636 642 Caesari
659 589 767 642 obuiam
791 587 949 659 vertissent]
977 588 1074 642 maltis

94 680 160 728 arete
182 675 236 728 iter
259 672 394 740 confectis
416 690 476 724 cum
495 675 654 725 Fleischero
673 676 747 741 (ann.
766 675 833 741 phil.
851 682 869 726 t.
891 677 948 739 119,
966 693 992 741 p.
1011 678 1075 740 861)

94 763 189 828 scripsi
214 778 263 827 pro
288 759 385 814 rraltr's
409 759 532 812 iterante
551 759 649 813 dietas
668 760 814 823 eouieetis,
843 777 912 827 quae
931 761 1008 812 codd.
1026 761 1076 812 lra-

94 851 167 898 hent.
186 849 254 898 haec
272 847 428 912 Nipperdey
446 848 558 896 retinuit
577 847 747 913 corruptelae
767 848 845 914 signo
864 845 964 898 addito.
992 848 1075 912 vulgo

94 933 191 986 rraitis
209 930 359 984 itineribus
378 935 445 983 arete
463 930 606 996 confectis.
625 932 775 983 Schneider
793 932 889 985 maltis
908 931 990 985 itere
1009 937 1076 985 arete

93 1019 229 1085 rorefectis
252 1018 350 1083 posuit.
374 1046 407 1056 -
431 1033 494 1070 carr
513 1016 595 1070 celeri
613 1016 798 1082 festinatione
816 1018 855 1070 ad
873 1017 973 1072 oetion
991 1017 1075 1083 corifi-

94 1105 224 1158 ciendam
246 1133 281 1142 -
303 1103 441 1174 uertisset]
472 1106 512 1154 sic
539 1106 593 1154 iam
621 1110 727 1155 veteres
755 1105 872 1155 editores
900 1113 1077 1155 correxerunt

95 1192 217 1242 codicum
230 1191 315 1241 verba
334 1206 396 1243 cari
413 1190 512 1242 ceteris
528 1188 741 1254 festinationem
753 1189 852 1242 heliam
864 1188 1074 1254 conficiendam.

94 1306 127 1316 -
147 1276 229 1345 [cara]
248 1274 386 1344 uertisset]
405 1291 468 1328 carri
485 1276 586 1326 inclusi
605 1282 698 1341 utpote
716 1277 846 1326 insertum
865 1277 900 1325 ab
919 1276 1075 1340 interprete,

95 1364 142 1429 qui
159 1364 233 1429 prius
252 1362 321 1412 illud
339 1376 402 1413 eam
419 1362 650 1427 praepositionem
662 1377 721 1412 esse
736 1368 866 1412 censeret.
885 1389 919 1400 -
938 1360 1076 1430 lepatiqae

94 1477 128 1486 -
146 1447 255 1501 oboram
282 1445 481 1517 vertissent]
511 1448 582 1498 hanc
613 1448 735 1498 codicum
767 1449 927 1513 scripturam
958 1449 1077 1498 restituit

95 1535 259 1600 Nipperdey,
277 1542 359 1584 antea
377 1533 526 1586 tertiaret
543 1533 716 1600 vulgabatur.

200 1663 222 1699 c.
233 1648 258 1709 3,
270 1649 297 1695 l:
312 1645 410 1714 [Erat]
425 1645 498 1698 idere
509 1645 642 1712 temporis
653 1644 716 1699 Sea.
726 1645 876 1712 Pompeias
888 1645 981 1711 frater·
992 1647 1020 1714 [q
1026 1646 1076 1714 err]

96 1748 157 1785 earu
172 1732 321 1799 praesidio
336 1731 494 1785 Coroneam
513 1729 641 1801 terrebatfl
659 1731 751 1784 Erat
770 1738 797 1782 et
815 1731 874 1798 qai
896 1733 1005 1783 inclusi.
1022 1735 1076 1783 for-

96 1825 167 1868 tasse
186 1819 255 1868 illud
274 1822 352 1871 erat
371 1819 517 1868 novissimo
536 1818 721 1869 antecedentis
740 1819 837 1883 capitis
848 1819 932 1870 verbo
950 1818 1078 1871 tobati

97 1905 306 1970 superscriptum
325 1905 421 1965 fuerat,
434 1911 465 1954 ut
476 1905 769 1972 plusquamperfectum
783 1904 988 1972 significaretur,
1001 1905 1078 1955 inde-

97 2006 149 2054 que
168 1988 329 2052 factumest,
351 1996 381 2040 ut
400 1995 476 2042 erat
501 1991 536 2040 ad
557 1992 699 2055 sequentia
720 1990 879 2041 traheretur.
902 1990 1076 2057 (...appro-

92 2075 245 2143 pirrqaarit
267 2091 366 2143 uerae,
394 2081 427 2129 at
454 2076 515 2143 ipse
541 2076 640 2143 oolait,
668 2077 825 2143 eqrritatarr
850 2075 905 2128 sibi
928 2075 1077 2143 praesidio

96 2161 328 2266 lrabaiirlliderrr
347 2218 420 2280 cett.)
439 2243 471 2252 —
491 2215 514 2281 ξ.
532 2217 561 2264 3:
582 2213 686 2266 Caesar
706 2214 745 2264 ad
762 2228 823 2266 eant
841 2212 983 2267 oioitaterrr
1002 2212 1078 2265 ortui

98 2306 218 2367 ternpore
236 2300 338 2367 optime
360 2300 393 2353 de
407 2300 514 2369 populo
534 2301 663 2355 Romarm
687 2299 816 2353 reeritara
844 2297 923 2368 [esse]
952 2298 1077 2352 celeriter

97 2401 146 2439 serr
164 2387 288 2457 cohortes
307 2402 328 2439 s.
342 2404 364 2440 o.
384 2386 459 2440 iabet
474 2385 636 2457 proticisci]
655 2393 717 2453 post
730 2385 835 2439 Caesar
848 2386 1076 2453 praepositionem

97 2472 137 2525 ad
161 2474 292 2523 excidisse
311 2479 375 2540 puto
394 2479 475 2539 atque
494 2474 533 2523 ita
550 2473 660 2535 factum,
685 2480 715 2523 ut
732 2487 790 2525 esse
809 2472 988 2539 suppleretur,
1010 2477 1077 2522 tam·

98 2576 176 2626 quarn
196 2560 280 2609 verba
298 2559 342 2609 vel
362 2559 486 2609 Caesaris
504 2559 549 2609 vel
569 2558 784 2610 Cordubensium
812 2565 911 2609 essent.
941 2559 989 2624 qui
1013 2557 1076 2608 Cor-

97 2645 265 2696 dubensibus
283 2647 367 2695 verba
389 2646 553 2705 tribuerunt,
585 2644 734 2696 Schneider
756 2647 854 2711 (progr.
873 2645 948 2695 univ.
965 2643 1078 2694 Vratisl.

101 2734 164 2782 lsai
179 2737 206 2781 et
221 2733 297 2791 1837)
317 2735 343 2781 et
364 2733 483 2794 Ditbner,
501 2737 564 2780 ante
583 2745 643 2782 eara
661 2729 804 2783 ciuitatem
821 2734 884 2783 cett.
905 2732 1079 2796 interpunxe·

98 2825 160 2868 runt
179 2823 206 2867 et
224 2815 330 2869 Caesar·
353 2817 524 2867 antecedenti
550 2815 672 2868 mitteret
699 2817 894 2880 adiunxerant3
923 2816 1079 2882 Nipperdey

98 2919 163 2953 vero
184 2917 245 2954 eam
263 2902 404 2955 ciuitatem
421 2931 456 2942 —
473 2903 603 2956 meritant
621 2917 680 2955 esse
698 2911 727 2954 nt
746 2921 794 2970 per
811 2904 987 2970 parenthesin
1005 2902 1079 2953 dicta

99 2989 190 3039 curvis
209 2990 287 3038 uncis
305 2989 449 3038 includens
468 2988 577 3040 Caesari
598 2990 728 3042 attribuit.
748 2990 852 3040 Kraner
870 2996 931 3057 post
948 2988 1079 3042 rrrerr'tara

98 3090 157 3129 esse
174 3075 300 3125 lacunam
321 3077 438 3136 notavit,
457 3076 555 3126 Dinter
573 3074 705 3128 raemoria
723 3080 818 3129 terreas
837 3077 982 3144 supplevit.
1001 3083 1078 3128 vetu-

98 3165 196 3214 stiores
216 3163 333 3213 editores
351 3161 414 3212 inde
432 3163 466 3212 ab
485 3163 555 3212 Aldo
574 3169 672 3230 nepote
691 3163 781 3216 scieris
799 3165 977 3215 inseruerant.

203 3291 225 3324 c.
249 3277 278 3337 6,
304 3276 331 3325 l:
359 3273 447 3341 copiis
473 3274 588 3342 {larario
615 3275 758 3328 traductis
785 3279 871 3328 uecta
897 3275 974 3328 iabet
999 3275 1080 3345 iprres

98 3360 161 3427 root
173 3376 289 3429 rrayrtos
304 3398 396 3412 ......
412 3360 454 3413 ita
470 3360 663 3426 firrrissirrara
676 3361 736 3416 eias
746 3361 926 3430 praesidium
938 3363 1081 3432 Ateyaam

97 3446 318 3516 proficiscitur]
345 3447 504 3498 lacunosum
529 3463 588 3498 esse
612 3447 702 3498 locum
725 3451 779 3499 iam
803 3451 831 3498 in
851 3450 941 3514 priore
959 3450 1080 3501 editione

101 3536 202 3584 notavi.
228 3564 260 3571 -
285 3537 307 3596 ξ.
327 3537 357 3583 2:
388 3532 419 3584 id
449 3549 511 3586 carr
542 3533 695 3600 Pompeias
725 3549 759 3586 ea
787 3533 918 3604 perfayis
948 3534 1080 3588 rescisset
