2376 3924
377 231 485 281 monn
502 232 535 293 v,
564 231 641 281 car.
660 234 770 281 aa-es.
1001 234 1061 297 119

83 423 234 488 noctium
252 421 399 506 suberat,
411 426 604 490 necessario
621 427 798 508 angustius
820 425 943 491 milites
959 425 1061 491 collo·

82 528 176 592 cavit
200 548 241 590 ac
265 548 393 592 summa
415 526 663 613 tranquillitate
684 540 884 607 consecuta,
913 531 1061 597 secunda

83 633 169 695 inita
187 653 263 695 cum
279 630 435 696 solvisset
450 631 579 715 vigilia,
592 635 698 718 prima
715 632 788 699 luce
804 644 926 699 terram
944 637 1062 719 attigit

82 755 265 819 omnesque
287 734 470 800 incolumes
494 758 598 801 naves
622 736 791 822 perduxit.

169 837 221 902 24.
251 837 432 904 Subductis
466 838 611 905 navibus
644 841 854 928 concilioque
888 838 1062 906 Gallorum

83 940 344 1007 Samarobrivae
365 951 516 1027 peracto,
532 942 622 1028 quod
644 965 683 1008 eo
700 966 788 1010 anno
804 944 1004 1009 frumentum
1029 947 1062 1009 in

82 1043 198 1111 Gallia
214 1054 350 1131 propter
362 1046 536 1111 siccitates
548 1049 728 1130 angustius
740 1059 952 1133 provenerat,
965 1069 1062 1113 coac·

81 1158 137 1213 tus
161 1159 213 1214 est
236 1147 336 1213 aliter
363 1171 405 1214 ac
434 1147 660 1235 superioribus
691 1152 790 1216 annis
814 1153 999 1216 exercitum
1028 1154 1061 1216 in

81 1252 233 1317 hibernis
263 1251 430 1317 collocare
458 1250 676 1340 legionesque
707 1255 739 1317 in
769 1253 881 1340 plures
904 1257 1062 1320 civitates

84 1355 299 1421 distribuere.
321 1356 376 1421 Ex
391 1356 511 1443 quibus
526 1380 628 1423 unam
652 1360 685 1421 in
702 1358 850 1423 Morinos
875 1358 1085 1424 ducendams

84 1457 173 1524 Gaio
189 1458 299 1524 Fabio
321 1458 434 1543 legato
453 1459 557 1533 dedit,
572 1460 716 1526 alteram
734 1464 766 1525 in
783 1461 925 1527 Nervios
939 1462 1064 1543 Quinto

83 1562 250 1647 Ciceroni,
265 1566 400 1630 tertiam
416 1566 449 1629 in
465 1565 611 1631 Esuvios
626 1565 734 1631 Lucio
749 1567 887 1649 Roscio3
910 1578 1063 1652 quartam

82 1669 118 1732 in
141 1667 255 1733 Remis
270 1688 345 1733 cnm
360 1668 438 1734 Tito
453 1668 608 1735 Labieno
632 1671 665 1734 in
684 1670 828 1734 confinio
845 1670 1064 1734 Treverorum

82 1771 233 1835 hiemare
244 1772 361 1856 iussit;
375 1782 444 1839 tres
460 1774 494 1837 in
507 1771 623 1857 Belgis
635 1772 833 1838 collocavit:
850 1773 902 1837 his
914 1773 1087 1838 llarcuma

85 1874 245 1940 Crassum
262 1886 472 1961 quaestorem
497 1885 531 1941 et
546 1876 688 1941 Lucium
704 1876 890 1941 Munatium
903 1876 1064 1943 Plancum

83 1988 119 2043 et
136 1976 259 2043 Gaium
274 1976 478 2044 Trebonium
494 1978 627 2063 legatos
643 1979 817 2066 praefecit.
833 1980 943 2045 Unam
960 1979 1088 2064 legio-4

82 2105 171 2165 nem,
195 2103 293 2167 qnam
316 2084 468 2168 proxime
491 2092 586 2148 trans
600 2082 729 2148 Padum
753 2085 1012 2169 conscripserat,
1032 2094 1064 2147 et

83 2186 241 2251 cobortes
264 2204 287 2249 v
310 2188 345 2251 in
366 2185 554 2271 Eburones,
577 2208 716 2273 quorum
740 2210 818 2274 pars
841 2189 991 2252 maxima
1014 2198 1066 2252 cst

85 2292 175 2355 inter
190 2288 321 2355 Mosam
343 2311 385 2355 ac
400 2288 563 2374 Rhenum,
579 2291 635 2375 qui
660 2289 722 2354 sub
745 2291 884 2375 imperio
900 2290 1066 2356 Ambiori-

84 2395 139 2477 gis
157 2402 190 2456 et
205 2389 385 2458 Catuvolci
401 2402 508 2475 erant,
522 2394 626 2458 misit.
649 2392 713 2457 His
729 2392 892 2458 militibus
906 2392 1089 2474 Quintumr.

83 2496 252 2561 Titurium
267 2493 429 2561 Sabinum
446 2506 480 2562 et
494 2496 638 2561 Lucium
654 2495 915 2561 Aurunculeium
932 2494 1066 2562 Cottam

85 2597 220 2683 legatos
237 2621 395 2685 pracesse
417 2602 526 2666 iussit.
549 2598 604 2664 Ad
622 2599 711 2665 hunc
726 2599 861 2664 modum
877 2599 1090 2664 distributise

86 2704 279 2788 legionibus
290 2703 451 2769 facillime
462 2705 597 2789 inopiae
604 2703 846 2769 frumentariae
860 2725 934 2767 sese
942 2702 1068 2767 mederi

86 2809 413 2895 posseexistimavit.
430 2808 541 2895 Atque
553 2808 672 2873 harum
681 2818 792 2873 tamen
807 2810 952 2873 omnium
966 2807 1090 2891 legio-r

89 2934 171 2978 num
193 2910 335 2978 hiberna
363 2921 500 3000 praeter
528 2935 613 2995 eam,
627 2933 736 2998 'quam
759 2911 865 2976 Lucio
888 2912 1011 2976 Roscio
1036 2914 1069 2975 in

85 3015 340 3102 pacatissimam
357 3026 391 3083 et
404 3017 648 3104 quietissimam
662 3024 793 3100 partem
810 3015 996 3082 ducendam
1016 3015 1069 3079 de-

88 3117 197 3201 derat,
220 3118 356 3185 milibns
371 3141 531 3206 passuum
547 3130 681 3184 centum
697 3118 968 3184 continebantur.
993 3120 1091 3203 lpses

88 3224 230 3305 interea,
242 3221 355 3306 quoad
367 3221 518 3306 legiones
525 3219 712 3286 collocatas
720 3223 916 3307 munitaque
928 3220 1069 3284 hiberna

87 3325 317 3409 cognovisset,
340 3326 374 3389 in
398 3322 514 3389 Gallia
537 3326 662 3390 morari
685 3325 873 3390 constituit.

173 3426 227 3493 25.
250 3426 334 3494 Erat
351 3429 384 3493 in
400 3425 607 3493 Carnutibus
625 3450 751 3492 summo
773 3427 846 3491 loco
870 3433 971 3489 natus
987 3423 1070 3489 Tas-

88 3534 212 3617 getius,
235 3533 331 3598 cuius
353 3532 496 3597 maiores
523 3533 557 3595 in
581 3553 642 3596 sua
659 3533 800 3596 civitate
824 3550 964 3612 regnum
987 3527 1072 3592 obti-
