2376 3924
142 249 204 313 170
446 247 553 296 BELLI
574 245 821 296 ALEXANDRINI

175 437 267 489 Nilum
292 414 382 503 posita
408 439 557 501 expugnat;
584 450 632 485 rex
655 435 713 500 ipsc
731 434 839 500 fugiens
858 433 967 484 flumine
988 434 1123 500 mergitur

176 539 198 573 c.
212 523 321 573 28-81.
342 522 442 573 Caesar
460 522 548 571 victor
565 520 758 571 Alexandriam
776 519 928 584 ingreditur
945 535 968 569 c.
980 519 1022 582 82,
1043 519 1123 571 Cleo-

178 613 272 674 patrae
292 625 325 659 ex
337 608 489 658 Ptolemaei
506 611 666 656 testamento
686 621 797 670 regnum
817 604 900 655 tradit
918 621 940 655 c.
953 605 995 656 33.
1013 604 1126 658 interea

175 695 312 745 Domitius
332 693 463 744 Calvinus
486 708 580 759 parum
603 691 720 742 feliciter
743 690 844 742 bellum
865 690 1075 743 administrabat
1094 693 1124 743 in

177 782 263 832 Ponto
282 786 376 831 contra
394 780 572 846 Pharnacem,
590 777 801 843 quiArmeniam
819 778 948 828 minorem
969 782 997 828 et
1016 777 1125 845 Cappa·

176 868 296 930 dociam,
316 866 437 916 Deiotari
461 870 487 915 et
505 865 695 915 Ariobarzanis
714 878 811 929 regna,
839 869 1021 930 occupaverat
1045 880 1069 917 c.
1089 866 1126 915 34

177 955 258 1017 -413
277 954 305 1003 in
323 952 434 1018 Illyrico
454 956 543 1002 autem
561 950 729 1015 aliquamdiu
747 951 823 1001 varia
840 949 947 1001 fortuna
966 967 1027 1001 cum
1041 952 1126 1004 Pom-

177 1040 269 1105 peiani
287 1039 422 1089 exercitus
440 1038 562 1102 reliquiis
581 1037 762 1102 pugnabatur,
782 1036 844 1087 dum
858 1035 962 1103 proelio
975 1037 1070 1088 navali
1088 1039 1126 1089 ad

178 1125 323 1175 Tauridem
350 1123 467 1174 insulam
495 1123 637 1173 commisso
664 1121 790 1172 Vatinius
816 1122 984 1188 provinciam
1010 1123 1126 1176 Caesari

178 1211 297 1261 restituit
324 1226 347 1263 c.
366 1209 476 1259 ta-tr.
514 1209 573 1271 Quo
594 1214 714 1273 tempore
739 1207 841 1259 Caesar
862 1224 922 1259 cum
940 1209 1072 1276 Pompeio
1096 1212 1126 1262 in

180 1296 295 1348 Graecia
317 1296 419 1347 bellum
443 1297 567 1363 gerebat,
592 1298 624 1358 Q.
645 1295 754 1347 Cassius
772 1295 913 1361 Longinus
931 1311 979 1361 pro
997 1301 1126 1363 praetore

179 1383 341 1448 Hispaniam
360 1384 508 1433 obtinebat.
544 1382 598 1444 Qui
617 1398 677 1432 cum
697 1396 824 1448 magnum
844 1383 896 1432 sibi
914 1383 997 1433 totius
1014 1385 1128 1449 provin·

180 1470 238 1520 ciac
263 1470 351 1519 odium
381 1470 536 1529 conflasset,
564 1467 755 1534 largitionibus
781 1468 914 1519 exercitus
934 1484 1054 1520 amorem
1072 1470 1128 1522 sibi

180 1556 387 1620 conciliaturus,
415 1571 584 1623 quocumque
608 1555 687 1605 modo
713 1560 802 1620 potest
824 1556 954 1621 pecunias
983 1560 1128 1623 extorquet

181 1660 204 1693 c.
222 1644 263 1696 te.
282 1644 324 1694 49.
361 1643 459 1693 Ineunt
476 1640 659 1708 provinciales
679 1640 794 1692 consilia
812 1641 844 1692 de
864 1642 922 1692 eius
940 1647 1026 1692 morte
1047 1657 1069 1693 c.
1084 1642 1127 1694 ⁶0.

181 1731 234 1780 Per
251 1730 356 1780 litteras
377 1729 502 1780 Caesaris
520 1731 548 1777 in
568 1728 686 1779 Africam
711 1730 894 1780 transmittere
917 1729 1021 1790 iussus,
1050 1744 1128 1781 exer·

182 1817 264 1866 citum
283 1816 318 1866 ad
331 1815 486 1865 Cordubam
506 1814 609 1880 colligit
628 1831 650 1865 c.
664 1815 704 1864 50.
719 1815 765 1879 ⁶¹3
784 1816 818 1866 ab
838 1816 985 1866 coniuratis
1005 1817 1129 1881 graviter

181 1901 339 1953 vulneratus
351 1903 487 1952 Beronum
505 1906 532 1951 et
549 1907 722 1953 evocatorum
734 1901 833 1952 auxilio
848 1906 970 1953 servatur
988 1919 1010 1953 c.
1023 1905 1066 1953 62.
1085 1905 1128 1960 68.

182 1987 394 2039 Proficiscentur
406 1987 528 2054 legiones
547 1988 581 2039 ad
600 1988 730 2039 auxilium
749 1991 906 2054 imperatori
923 1989 1063 2042 ferendum
1084 2010 1129 2044 ex·

184 2080 263 2140 cepta
280 2074 428 2125 vernacula
447 2091 470 2125 c.
483 2075 523 2124 54.
550 2073 752 2141 Conquiruntur
770 2075 861 2127 caedis
880 2076 982 2128 conscii
999 2082 1027 2128 et
1044 2079 1130 2130 inter-

182 2161 311 2213 ficiuntur
330 2163 450 2228 exeeptis
469 2163 511 2225 iis,
530 2162 577 2228 qui
596 2178 625 2213 se
643 2163 760 2228 pecunia
777 2162 950 2214 redemerunt
968 2178 990 2213 c.
1009 2162 1051 2214 db.
1080 2163 1128 2215 Sa-

183 2249 254 2300 natis
267 2248 426 2299 vulneribus
445 2248 533 2299 denuo
552 2248 674 2313 pecuniis
691 2247 778 2298 inhiat
796 2265 819 2298 c.
832 2250 873 2299 56.
891 2248 951 2299 Iam
963 2249 1129 2302 vernaculae

183 2333 302 2401 legionis
321 2335 422 2387 milites
445 2336 578 2386 seditione
601 2335 674 2386 facta
692 2335 727 2386 ad
745 2335 930 2402 secundanos,
954 2335 1053 2402 quibus
1072 2351 1129 2386 non

185 2423 284 2473 minori
303 2427 383 2488 atque
401 2421 457 2473 illis
476 2420 537 2472 odio
556 2425 614 2471 erat
632 2420 751 2485 Cassius,
770 2421 979 2484 contenderunt,
997 2420 1130 2472 Thorium

184 2507 359 2559 Italicensem
378 2507 472 2558 ducem
492 2506 617 2572 deligunt
635 2523 657 2556 c.
676 2506 723 2570 573
743 2506 896 2558 Cordubam
914 2511 1019 2574 petunt,
1039 2506 1130 2558 Cassii

185 2595 247 2646 odio
265 2594 379 2660 Pompei
398 2608 494 2643 nornen
514 2592 541 2641 in
561 2593 646 2642 scutis
664 2592 817 2643 inscribunt
843 2611 866 2644 c.
885 2592 927 2658 58,
952 2608 1016 2643 moa
1039 2591 1130 2643 detra·

185 2681 261 2746 hunt,
280 2681 328 2730 ubi
341 2685 368 2731 et
381 2678 570 2729 Cordubenses
583 2682 610 2728 et
621 2678 792 2743 Marcellum,
811 2679 857 2744 qni
876 2678 975 2745 oppido
992 2685 1130 2745 praeerat,

186 2765 280 2816 eodem
299 2769 380 2830 atque
400 2765 518 2830 seipsos
537 2763 626 2813 Cassii
643 2763 704 2814 odio
722 2765 811 2814 teneri
829 2769 1022 2830 cognoverunt.
1056 2764 1131 2818 Mar·

187 2850 272 2902 collus
295 2850 349 2900 dux
367 2852 539 2901 constituitur
557 2867 581 2905 c.
600 2850 646 2914 69,
670 2850 748 2915 isque
764 2851 841 2900 varia
857 2849 965 2901 fortuna
983 2867 1041 2902 rem
1059 2852 1132 2918 gerit

188 2942 282 2986 contra
295 2937 417 2988 Cassium
437 2955 460 2989 c.
474 2941 514 2990 60.
528 2940 569 2992 61.
592 2938 747 2988 auxiliatur
760 2937 854 2988 Cassio
871 2936 975 3004 Bogud,
994 2952 1042 2989 rex
1053 2938 1131 2990 Mau-

188 3023 304 3073 ritaniae
323 3041 346 3073 c.
365 3026 406 3074 62.
441 3025 498 3075 lam
526 3026 560 3076 ad
588 3024 689 3076 bellum
714 3024 929 3090 componendum
951 3023 1074 3095 Lepidus
1098 3041 1131 3077 ex

189 3108 313 3159 citeriore
331 3112 473 3175 provincia
497 3113 619 3176 advenit,
643 3113 687 3163 cui
712 3112 802 3162 statim
822 3110 968 3162 Marcellus
986 3110 1133 3183 seecredit.

189 3192 306 3246 indutiis
325 3195 404 3246 iactis
417 3197 537 3261 Bogudis
556 3197 655 3248 milites
674 3199 702 3247 in
722 3196 864 3248 castellnm
883 3194 995 3262 aliquod
1005 3196 1134 3249 Marcelli

187 3283 316 3348 impetum
335 3283 438 3334 faciunt
456 3299 478 3333 c.
492 3285 533 3333 63.
551 3285 675 3336 Marcelli
694 3292 720 3335 et
737 3284 835 3351 Lepidi
853 3288 942 3335 casim
959 3282 1134 3353 coniungun-

188 3373 241 3431 tur,
256 3368 351 3420 Cassio
364 3369 434 3419 liber
446 3369 533 3420 exitus
547 3369 711 3422 conceditur.
729 3370 816 3422 Paulo
829 3376 890 3436 post
900 3368 1010 3422 Cassius
1020 3368 1134 3423 Iberum

188 3455 390 3522 transgrediens
402 3455 511 3522 navigio
524 3461 683 3522 tempestate
694 3456 816 3508 demerso
825 3456 929 3507 interiit
941 3471 963 3506 c.
972 3455 1015 3508 et.
1028 3454 1136 3510 Caesar

189 3557 222 3590 ex
244 3541 368 3608 Aegypto
395 3543 422 3591 in
450 3540 554 3607 Syriam
582 3541 717 3606 profectus
744 3542 808 3592 huic
834 3541 990 3608 provinciae
1019 3540 1135 3595 Sextum
