2376 3924
233 237 281 287 AD
301 235 400 287 CAES.
417 235 522 289 BELL.
541 235 645 286 GALL.
663 236 714 299 111,
732 235 879 298 24-ΙΙΙΙ,
897 237 940 286 22.
1035 235 1073 286 XI

95 442 149 492 que
168 426 228 492 ipse
254 427 318 476 olim
347 425 491 476 scribendo
518 424 604 478 etiarn
630 424 730 478 ceteris
754 425 803 490 (sc.
821 424 915 494 rebus)
944 427 1080 491 corrigere

94 512 164 562 mihi
183 527 263 577 posse
282 512 405 574 videbar,
433 513 488 561 iam
512 527 544 562 eo
573 517 700 576 corrupta
724 527 784 562 esse
807 516 881 576 puto,
906 511 977 576 quod
996 510 1082 564 ceteri

95 615 130 648 ex
148 598 374 662 interpretatione
399 598 490 646 verbis
514 612 598 663 qaam
622 595 746 649 eiusdem
768 595 878 665 generis
897 598 1080 662 superscripta

97 685 128 736 in
147 688 252 734 textum
270 684 386 748 irrepsit.
417 685 553 734 sententia
564 685 618 734 iarn
637 685 689 734 hoc
707 683 786 734 modo
806 683 932 745 decurrit,
945 688 975 732 ut
989 682 1080 733 verbis

95 774 129 822 et
150 767 294 837 panto-
314 769 495 821 humaniores
523 771 670 820 novissima
696 769 746 819 illa
772 773 804 821 et
831 768 940 836 ipsi-
962 767 1082 821 Gallicis

93 858 165 908 sunt
182 853 306 906 moribus
325 852 484 918 assuefacti
501 854 691 920 respondeant.

202 974 224 1008 c.
244 959 267 1020 ’1,
286 959 316 1008 3:
338 956 425 1026 [haee]
446 958 523 1008 deest
540 959 569 1007 in
588 959 648 1009 cod.
666 959 766 1024 Bong.;
785 958 887 1009 delevit
904 958 1019 1008 Krancr.

202 1077 225 1112 c.
244 1063 268 1123 8,
288 1063 317 1111 1:
336 1076 399 1114 enne
417 1059 472 1130 iis]
497 1062 591 1127 optimi
604 1061 713 1128 quidem
729 1062 793 1111 libri
812 1077 872 1111 cum
884 1059 928 1112 hts
941 1061 1083 1126 praebent,

98 1147 197 1199 sedin
221 1147 421 1214 distinguendis
449 1146 495 1214 its,
523 1145 558 1212 is,
585 1146 630 1200 hts
656 1147 748 1198 formis
775 1147 906 1197 librorum
936 1148 1085 1197 auctoritas

95 1234 156 1284 fere
175 1233 251 1283 nulla
275 1237 324 1294 est,
352 1248 413 1281 cum
441 1234 572 1283 sescentis
600 1233 669 1284 locis
695 1249 796 1299 pravae
824 1234 997 1284 librariorum
1020 1249 1082 1299 pro-

98 1319 268 1370 nuntiationi
286 1320 422 1382 aspiratae
441 1334 509 1384 quas
527 1318 643 1370 dicimus
662 1319 764 1370 formae
783 1319 941 1370 debeantur.

203 1420 440 1485 e.10,1:Mosa
459 1421 580 1489 profluit
603 1436 637 1474 en
663 1426 755 1475 marite
776 1421 887 1491 Voseoo,
914 1420 963 1488 qni
986 1425 1028 1474 est
1051 1420 1083 1474 in

97 1506 204 1573 finitas
223 1506 394 1576 Linyonnrn,
413 1511 439 1559 et
454 1512 540 1575 parte
563 1507 687 1574 enatam
706 1522 740 1560 ea
757 1506 854 1561 Rheae
872 1511 993 1574 recepta,
1012 1523 1085 1574 qnae

98 1592 264 1661 appellator
286 1591 418 1660 Vacalns,
436 1593 560 1646 insntanr
573 1592 661 1658 efficit
672 1592 857 1659 Batavornnr,
872 1608 958 1659 rreqne
971 1593 1085 1662 tonyins

98 1678 135 1732 ab
156 1677 264 1732 Oceano
294 1677 408 1731 militas
434 1693 575 1745 passannt
598 1677 718 1730 LXXX
744 1677 776 1731 tn
798 1677 927 1732 Rhennrn
954 1677 1084 1748 tristata]

98 1770 164 1816 ante
182 1779 269 1830 rteqae
291 1765 319 1814 in
344 1764 485 1814 codicibus
509 1764 638 1830 leguntur
660 1765 746 1815 verba
772 1762 808 1815 in
833 1762 1005 1817 Oceano-tn
1032 1763 1084 1817 r'n-

98 1849 204 1916 finit;
228 1850 296 1900 haec
323 1850 440 1916 margini
464 1849 604 1914 adscripta
627 1850 711 1900 fuisse
735 1855 765 1899 ut
783 1850 856 1915 quod
875 1849 976 1900 Caesar
993 1850 1083 1900 minus

99 1942 174 1988 recte
193 1936 226 1986 de
245 1936 396 1986 confluente
414 1937 492 1986 Mosa
511 1951 572 1986 cum
590 1935 686 1986 Rheno
705 1935 843 1986 rettulisse
861 1935 1012 1998 videbatur,
1026 1951 1083 1986 cor·

99 2023 243 2088 rigeretur,
261 2022 316 2072 iam
334 2023 362 2071 in
381 2022 471 2087 priore
489 2024 582 2071 monui
601 2021 729 2071 editione.

206 2157 230 2193 c.
249 2144 291 2204 22,
310 2143 335 2192 3.
353 2143 394 2193 De
413 2142 465 2192 hoc
487 2141 548 2193 loco
566 2143 595 2191 in
613 2142 702 2207 priore
722 2141 840 2191 editione
853 2141 922 2192 haec
940 2141 1084 2191 adnotavi:

99 2221 177 2280 ‘satis
204 2227 326 2278 difficilia
353 2229 413 2278 visa
440 2232 504 2278 sunt
520 2225 694 2292 Nipperdeio‚
721 2241 790 2291 quae
818 2226 847 2276 in
876 2225 1017 2276 codicibus
1044 2225 1082 2275 le·

99 2320 213 2381 guntur:
232 2312 352 2366 rtaorlms
370 2311 483 2370 circiter
495 2310 615 2364 LXXX
633 2309 775 2363 nitrariis
793 2309 898 2364 coactis
916 2310 1083 2364 contractis-

101 2413 161 2466 qne,
180 2402 246 2465 qnot
264 2397 336 2450 satis
355 2412 413 2450 esse
430 2396 470 2450 ad
489 2397 563 2449 dnos
581 2395 827 2463 transportandas
845 2394 964 2464 legiones
983 2395 1083 2448 existi·

100 2484 206 2550 mahat,
231 2483 305 2551 qnod
320 2488 470 2551 praeterea
487 2482 604 2536 tranant
622 2480 771 2551 totaparnnr
788 2481 915 2548 hahebat,
940 2482 1087 2548 qnaestori

101 2569 255 2638 hepatisqtre
273 2568 415 2622 attrtltnr't.
442 2585 496 2619 non
516 2569 594 2619 modo
619 2569 691 2619 enim
710 2568 762 2618 hoc
781 2569 878 2618 mirum
897 2569 993 2632 videri,
1012 2570 1084 2634 quod

101 2657 239 2709 adunam
266 2672 323 2706 rem
351 2655 546 2721 designandam
572 2655 626 2705 duo
649 2655 734 2704 verba
758 2668 852 2722 capere
876 2659 903 2704 et
921 2654 1088 2707 contrahere

101 2745 159 2794 sint
176 2741 310 2804 adhibita,
328 2759 422 2793 verum
442 2744 523 2792 etiarn
543 2741 625 2791 aliam
645 2739 776 2792 accedere
797 2739 994 2804 difficultatem,
1013 2740 1085 2805 quod

102 2844 165 2879 cum
183 2828 235 2877 hoc
253 2827 313 2878 loco
332 2844 386 2878 non
405 2828 458 2877 nisi
478 2828 588 2877 navium
601 2827 787 2877 onerariarum
799 2827 900 2876 mentio
913 2825 968 2887 fiat,
982 2826 1087 2888 crat
1169 2833 1177 2843 ⁸

102 2913 203 2983 longae
220 2928 305 2968 naves
324 2918 575 2974 commemorentur,
595 2913 694 2978 quibus
714 2912 815 2962 Caesar
833 2913 981 2962 exercitum
998 2918 1085 2963 trans·

102 3000 264 3067 portandum
284 3001 428 3051 curaverit.
448 3000 581 3051 rationem
595 3005 694 3062 autem,
708 3014 763 3064 qua
774 2999 828 3048 sibi
839 2997 889 3048 bas
908 2998 1085 3048 difficultates

103 3087 232 3153 expedire
250 3103 331 3152 posse
350 3086 494 3135 videbatur
513 3087 546 3150 (p.
563 3085 613 3152 76),
632 3091 663 3135 ut
680 3089 832 3135 contractas
851 3100 936 3134 naves
954 3101 1008 3134 non
1028 3099 1086 3134 eas·

103 3175 166 3224 dem
183 3173 239 3224 dici
257 3178 395 3234 statueret,
423 3187 493 3237 quae
515 3179 625 3223 coactae
650 3177 735 3235 erant,
754 3171 854 3221 LXXX
871 3171 1019 3232 onerarias,
1038 3170 1086 3221 sed

103 3275 190 3311 naves
209 3260 380 3325 generaliter,
398 3261 482 3310 verba
501 3263 590 3309 autem
610 3262 677 3326 quot
689 3257 763 3310 satis
777 3272 836 3310 esse
849 3257 888 3309 ad
901 3256 975 3309 dnos
989 3259 1085 3308 trans·
1169 3264 1171 3269 '

100 3344 265 3414 portandas
284 3344 402 3414 legiones
421 3343 604 3397 existimabat
627 3344 663 3395 ad
681 3344 796 3394 alterum
815 3344 893 3394 modo
912 3342 1083 3408 participium

104 3432 260 3488 contractis
276 3433 394 3493 referret,
420 3432 550 3482 eiusmodi
574 3431 735 3481 medicinam
759 3430 819 3495 ipso
847 3429 920 3480 malo
938 3429 1085 3478 tristiorem

105 3520 236 3570 existimo.
267 3524 359 3569 contra
382 3519 473 3568 omnia
501 3516 627 3582 expedita
645 3516 779 3577 videntur,
807 3516 854 3565 ubi
877 3512 1086 3579 corttraatt'sqne
