2376 3924
141 230 161 293 8
446 230 496 281 DE
513 230 634 281 BELLO
654 229 813 282 GALLICO

140 416 192 482 his
208 418 346 503 proeliis
362 417 468 504 pulsis
485 418 529 484 ab
549 418 663 503 Ocelo,
688 418 776 505 quod
791 427 844 485 est
858 419 1025 484 citerioris
1040 440 1116 504 pro·

138 523 271 587 vinciae
295 531 488 608 extremum,
517 525 552 589 in
574 524 658 589 fines
680 523 921 590 Vocontiorum
943 520 1116 588 ulterioris

138 627 332 708 provinciae
346 627 400 691 die
411 629 552 712 septimo
568 628 738 713 pervenit,
754 626 833 692 inde
849 628 883 691 in
892 625 1116 709 Allobrogum

137 728 231 812 fines,
244 728 536 814 abAllobrogibus
549 732 583 795 in
593 729 797 815 Segusiavos
812 731 996 796 exercitum
1011 729 1114 795 ducit.

137 832 182 896 Hi
208 843 286 899 sunt
309 828 407 899 extra
429 836 640 920 provinciam
663 846 758 900 trans
781 834 980 900 Rhodanum
1003 835 1113 919 primi.

225 937 274 1001 11.
298 937 448 1002 Helvetii
472 940 614 1024 iamper
637 940 816 1023 angustias
838 947 871 1003 et
887 938 971 1002 fines
986 935 1113 1022 Sequa-

136 1064 255 1107 norum
273 1065 352 1107 suas
366 1045 482 1128 copias
496 1042 719 1109 traduxerant
733 1051 765 1106 et
779 1044 814 1106 in
825 1040 1017 1106 Aeduorum
1028 1041 1113 1105 fines

114 1154 361 1230 apervcnerant
386 1167 564 1232 eorumque
588 1167 687 1231 agros
703 1144 965 1232 populabantur.
990 1143 1113 1229 Aedui,

135 1269 211 1314 cum
224 1271 260 1313 se
276 1271 403 1334 suaque
419 1249 463 1315 ab
479 1251 521 1314 iis
533 1249 713 1315 defendere
728 1270 795 1314 non
811 1258 960 1334 possent,
977 1246 1111 1331 legatos

112 1352 179 1420 sad
192 1351 371 1418 Caesarem
383 1355 522 1418 mittunt
533 1363 689 1437 rogatum
706 1352 887 1418 auxilium:
903 1353 952 1417 ita
968 1373 1005 1416 se
1021 1353 1112 1417 omni

133 1464 282 1541 tempore
306 1458 348 1523 de
370 1456 493 1543 populo
508 1458 659 1523 Romano
675 1459 814 1522 meritos
832 1479 917 1540 esse,
940 1465 977 1520 ut
1000 1477 1111 1541 paene

132 1561 167 1622 in
190 1571 373 1646 conspectu
403 1563 572 1627 exercitus
596 1563 703 1627 nostri
733 1561 807 1646 agri
831 1562 979 1644 vastari,
1009 1558 1112 1625 liberi

131 1685 244 1728 eorum
263 1666 297 1729 in
323 1667 519 1731 servitutem
542 1664 677 1749 abduci,
698 1664 821 1751 oppida
837 1665 1026 1752 expugnari
1043 1685 1111 1728 non

108 1766 318 1833 idebuerint.
347 1769 475 1835 Eodem
491 1779 640 1855 tempore
655 1768 788 1853 [Aedui]
807 1766 977 1851 Ambarri,
992 1789 1110 1833 neces-

130 1872 210 1935 sarii
224 1880 256 1935 et
271 1871 724 1956 consanguineiAeduorum,
738 1871 917 1937 Caesarem
930 1872 1110 1937 certiorem

130 1973 262 2039 iaciunt
277 1997 353 2040 sese
369 1974 582 2063 depopulatis
599 1977 692 2060 agris
709 1998 776 2057 nou
799 1974 901 2040 facile
917 1973 961 2039 ab
975 1971 1109 2061 oppidis

106 2080 197 2143 svim
221 2080 367 2144 hostium
388 2078 576 2166 prohibere.
600 2081 684 2145 Item
700 2078 913 2163 Allobroges,
938 2079 996 2164 qui
1010 2085 1110 2142 trans

129 2181 330 2248 Rhodanum
345 2185 441 2248 vicos
456 2184 756 2269 possessionesque
771 2181 955 2265 habebant,
972 2181 1053 2265 fuga
1071 2203 1109 2246 se

128 2286 172 2351 ad
189 2284 372 2352 Caesarem
395 2288 563 2374 recipiunt
585 2297 620 2353 et
636 2287 869 2354 demonstrant
892 2284 957 2351 sibi
972 2293 1109 2371 praeter

104 2393 203 2473 eagri
220 2389 327 2455 solum
339 2390 425 2456 nihil
438 2414 511 2456 esse
523 2390 655 2476 reliqui.
680 2391 811 2473 Quibus
824 2389 924 2455 rebus
938 2387 1107 2454 adductus

128 2491 256 2558 Caesar
269 2516 335 2559 non
350 2494 615 2580 exspectandum
630 2493 694 2559 sibi
711 2496 842 2578 statuit,
860 2494 938 2558 dum
951 2490 1108 2557 omnibus

124 2598 268 2662 fortunis
298 2599 464 2663 sociorum
487 2600 694 2684 consumptis
719 2600 753 2662 in
770 2595 939 2662 Santonos
955 2593 1109 2660 Helvetii

124 2704 351 2787 pervenirent.

212 2806 261 2868 12.
286 2805 431 2870 Flumen
448 2814 499 2871 est
512 2804 610 2887 Arar,
635 2803 723 2889 quod
738 2826 798 2890 per
812 2805 897 2870 fines
909 2802 1104 2870 Aeduorum

125 2919 157 2974 et
175 2909 405 2994 Sequanorum
427 2909 462 2972 in
478 2906 679 2973 Rhodanum
702 2907 821 2990 influit,
845 2905 1038 2972 incredibili
1056 2905 1104 2971 le·

123 3015 242 3094 nitate,
267 3013 315 3075 ita
332 3021 368 3075 ut
385 3010 502 3095 oeulis,
519 3014 554 3075 in
570 3020 682 3076 utram
699 3020 831 3097 partem
846 3012 939 3094 fluat,
956 3011 1103 3077 iudicari

123 3139 189 3180 non
206 3118 323 3201 possit.
354 3115 394 3179 Id
410 3115 562 3181 Helvetii
578 3115 709 3181 ratibus
733 3138 773 3180 ao
798 3115 956 3181 lintribus
973 3116 1102 3201 iunctis

100 3217 843 3304 2transibantUbiperexploratoresCaesar
855 3221 980 3285 certior
992 3218 1104 3284 factus

123 3334 172 3388 est
196 3332 265 3387 tres
289 3324 356 3386 iarn
380 3331 495 3406 partes
519 3325 690 3409 copiarum
712 3322 889 3389 Helvetios
920 3323 956 3388 id
977 3324 1101 3390 flumen

120 3426 325 3508 traduxisse,
343 3435 498 3512 quartam
514 3426 585 3492 fere
596 3435 726 3514 partein
739 3429 826 3493 citra
838 3427 960 3492 flumen
968 3427 1103 3495 Ararim

121 3531 286 3616 reliquam
301 3552 385 3615 esse,
403 3529 445 3596 de
457 3532 559 3597 tertia
571 3529 691 3615 vigilia
703 3552 779 3599 oum
792 3529 981 3616 legionibus
993 3531 1103 3599 tribus
