2376 3924
310 248 359 298 AD
380 249 482 298 BELL.
501 249 581 299 AF'R.
599 251 711 300 82-94.
729 251 760 300 B.
780 251 873 301 HISP.
895 253 918 300 1.
1008 254 1106 302 Lxxv

229 453 251 486 e.
270 438 311 497 91,
331 439 362 487 3:
390 441 449 489 tum
468 435 577 490 demum
599 452 633 490 se
656 437 732 504 ipse
750 437 901 505 iosecper
920 439 1105 512 interficeret]

123 524 163 572 sie
189 523 254 572 libri
280 527 388 587 praeter
416 523 473 584 ab,
502 540 535 573 ex
559 525 657 590 quibus
676 524 832 591 Nipperdey
856 525 917 592 ipse
941 541 969 577 se
987 527 1105 593 insuper

123 607 216 657 edidit
235 635 270 645 -
288 610 311 670 ξ.
331 609 360 656 b:
389 608 423 660 ob
443 609 533 660 Zama
552 607 673 661 discedit
692 613 776 675 atquc
794 609 832 662 od
850 610 946 663 citiam
967 626 1048 664 secam
1072 627 1105 665 se

123 708 186 745 com
198 692 241 745 M.
254 692 365 745 Petreio
383 693 539 760 paucisque
556 694 698 761 equitibus
716 694 852 765 confert]
872 697 1028 763 Nipperdey
1046 699 1104 748 vul-

123 785 212 844 gatam
233 781 393 845 scripturam
412 794 446 833 se
464 780 573 846 confert
592 783 716 845 retinuit3
736 788 816 834 etse
835 784 886 833 hoc
905 784 964 833 loco
982 801 1036 834 non
1050 787 1104 834 nisi

122 866 151 914 in
177 865 275 915 Dresd.
296 868 308 913 l
335 871 363 915 et
389 867 586 916 recentioribus
611 867 717 933 aliquot
740 867 818 918 libris
843 876 962 930 exstare,
989 877 1105 920 testatur

121 948 243 1000 Dtibner.
273 952 301 1000 in
321 966 341 1005 a
360 958 387 1002 et
404 953 498 1005 Peter.
517 967 552 1005 sc
570 953 654 1015 deest,
676 953 696 1007 b
715 952 769 1005 iter
788 953 909 1019 confecit
926 973 974 1021 pro
994 971 1023 1008 se
1040 972 1104 1009 coo-

122 1033 180 1101 fert
203 1036 294 1087 habet.
325 1054 394 1103 quae
420 1054 479 1088 cum
506 1039 666 1089 documento
691 1041 759 1102 sint,
788 1054 816 1092 se
835 1057 887 1090 non
908 1048 971 1091 ante
994 1040 1104 1106 confert

121 1122 157 1171 ab
170 1128 280 1173 auctore
298 1123 382 1173 fuisse
402 1124 529 1189 positum,
547 1130 578 1174 ut
596 1131 677 1174 antea
695 1139 731 1177 sc
749 1141 780 1175 eo
800 1126 859 1176 loco
878 1127 989 1188 inserui,
1009 1129 1056 1177 ubi
1076 1130 1102 1176 in

122 1208 182 1258 cod.
205 1208 221 1262 f
244 1209 406 1259 collocatum
433 1215 483 1262 est.
512 1216 573 1275 post
596 1225 679 1262 suam·
703 1211 827 1261 voculam
852 1226 885 1263 sc
909 1212 991 1262 facile
1016 1215 1104 1262 omitti

122 1294 253 1359 potuisse,
272 1310 326 1343 non
346 1295 477 1360 estquod
497 1312 630 1345 moneam.

225 1421 248 1456 c.
267 1408 309 1472 92,
328 1409 356 1456 1:
375 1421 405 1460 se
424 1411 517 1459 comeo
532 1412 654 1475 paratos
673 1422 739 1475 esse,
758 1407 828 1460 sibi
846 1408 940 1475 quood
958 1409 1018 1462 cito
1036 1425 1104 1477 sirp-

118 1494 241 1558 peteret,
269 1491 406 1558 oppidum
424 1507 507 1559 seque
525 1492 550 1545 ei
567 1491 736 1563 reservare]
769 1510 829 1543 eum
848 1496 931 1560 vulgo
950 1503 1011 1561 post
1034 1496 1104 1548 sibi

120 1578 277 1642 interpungi
296 1579 389 1641 soleat,
409 1584 471 1630 ante
491 1580 541 1629 hoc
560 1579 725 1629 vocabulum
746 1595 851 1630 comma
870 1582 956 1645 posui,
983 1598 1044 1631 cum
1064 1585 1103 1631 sie

121 1662 201 1713 modo
220 1662 327 1714 dativus
346 1665 454 1726 habeat,
477 1681 531 1731 quo
550 1665 691 1714 referatur.

224 1791 247 1824 c.
265 1776 307 1839 94,
326 1777 354 1824 2:
383 1774 464 1828 deire
487 1791 559 1828 com
583 1775 644 1842 ipse
668 1775 723 1826 sibi
745 1780 897 1828 coooretur
915 1776 1011 1845 plodio
1031 1777 1102 1829 troi·

119 1874 180 1912 cece
193 1858 312 1930 pectes]
332 1860 414 1913 deici
432 1877 505 1913 ccci
522 1861 565 1915 bt
584 1860 622 1924 (in
641 1860 661 1914 b
679 1867 770 1910 tamen
790 1876 852 1914 cum
870 1868 931 1927 post
950 1862 1004 1914 sibi
1022 1865 1103 1913 itera·

119 1951 186 2010 tur);
203 1946 286 2012 vulgo
305 1945 406 2000 deinde
424 1947 484 2014 ipse
496 1947 552 2000 sibi
570 1963 632 2000 com
651 1951 810 1999 conaretur.

225 2173 328 2222 BELL.
348 2172 441 2222 HISP.
467 2189 491 2222 c.
511 2175 534 2236 l,
554 2176 577 2222 1.
611 2172 677 2221 Cum
707 2172 836 2234 lacunae,
868 2174 967 2238 quibus
994 2175 1102 2221 initium

119 2257 200 2307 huius
228 2259 415 2308 commentarii
443 2257 619 2308 deformatum
648 2264 704 2324 est,
730 2260 776 2307 rix
801 2264 873 2308 certo
899 2258 978 2306 modo
998 2258 1101 2322 expleri

119 2344 232 2409 possint,
251 2344 336 2395 rerba
354 2343 477 2394 codicum
497 2345 618 2409 expressi
636 2344 762 2394 indicatis
776 2344 855 2394 modo
869 2342 946 2402 locis,
966 2344 1013 2408 qui
1026 2343 1101 2393 hiare

119 2430 254 2479 ridentur.
272 2457 307 2468 -
326 2432 348 2492 5.
367 2433 397 2479 4:
425 2445 488 2482 com
507 2428 611 2496 aliquis
631 2444 665 2482 ec
683 2444 717 2481 ea
734 2428 850 2481 cic-itate
868 2427 971 2495 optime
990 2427 1034 2496 [de
1052 2427 1101 2482 Co.

118 2511 262 2584 Pompeio]
286 2515 404 2568 meritus
428 2515 498 2569 civis
522 2513 611 2585 cttctfl
639 2516 746 2566 incluse
764 2517 849 2566 verba
867 2516 926 2564 iure
945 2516 1103 2579 proscripsit

117 2602 367 2670 Nipperdey.-§.
382 2603 412 2652 b:
431 2601 591 2669 itopacis
609 2599 780 2654 commodo
799 2600 895 2649 modo
913 2598 1030 2651 bostis
1048 2598 1101 2664 tc-

117 2691 201 2739 roto
224 2686 345 2740 maiores
368 2687 546 2757 acpeboiitor
569 2685 692 2757 copiae]
724 2686 789 2736 libri
806 2686 862 2736 fere
881 2687 1054 2735 consentiunt
1072 2687 1100 2734 in

117 2773 210 2823 verbis
228 2772 272 2824 ito
286 2773 370 2841 pacis
388 2773 532 2826 commodo
550 2773 627 2826 boste
649 2773 762 2826 bortato
781 2771 903 2824 maiores
922 2770 1100 2839 ducebantur

117 2859 230 2927 copioe;
257 2876 306 2926 pro
329 2860 449 2928 pacis,
478 2860 549 2926 quod
572 2859 665 2915 bthl
689 2860 821 2926 praebent
839 2869 870 2915 (e
884 2859 990 2927 poecis
1009 2860 1101 2923 hebet,

118 2953 253 3012 expuncta
279 2952 369 2996 temen
397 2947 518 2997 litterula
541 2944 572 3014 cc)
600 2946 755 3011 Nipperdey
780 2951 807 2996 et
830 2946 936 2996 Kraner
959 2945 1098 3012 vulgatum

113 3030 218 3100 paucis
243 3038 404 3098 posuerunt,
432 3033 540 3097 reliqua
558 3034 622 3082 item
641 3037 672 3081 ut
688 3031 815 3094 Dttbner,
844 3034 891 3098 qui
910 3039 1000 3081 tamen
1015 3030 1099 3097 pacis

116 3119 218 3180 tenuit,
246 3118 417 3184 corruptelae
437 3120 515 3185 signo
534 3120 659 3183 apposito
678 3119 782 3167 intacta
800 3117 977 3183 reliquerunt.
1007 3119 1100 3182 inepta

116 3208 158 3255 est
181 3203 293 3270 vulgata
321 3203 507 3270 Oudendorpii
534 3204 616 3255 lectio
644 3203 687 3255 ita
710 3202 815 3270 paucis
844 3202 996 3256 commodis
1023 3202 1100 3254 hoste

116 3288 230 3342 hortato
254 3305 276 3343 e.
300 3305 325 3357 q.
349 3304 372 3342 8.
408 3291 507 3341 Dinter
532 3290 659 3341 licentius
687 3307 767 3357 quam
796 3292 885 3356 aptius
913 3292 1029 3340 coniecit
1056 3289 1099 3340 ita

116 3375 211 3428 houd
230 3375 364 3443 paucis
387 3375 592 3444 compendio
616 3376 734 3444 captis
758 3375 891 3430 cotidie
908 3375 1029 3427 maiores
1048 3391 1100 3426 oic-

117 3460 257 3530 9cbattttor
274 3462 380 3530 copiae.
411 3463 522 3527 propius
546 3469 619 3513 certe
642 3463 677 3512 ad
699 3463 829 3513 librorum
849 3463 966 3527 vestigia
984 3462 1100 3512 lectica

118 3562 162 3597 me
179 3551 320 3617 preposite
337 3549 451 3601 accedit.
