2376 3924
376 227 486 278 menn
502 229 547 292 vr,
567 227 644 279 cnr.
662 228 772 277 ιιι-44.
1015 227 1074 290 169

95 421 259 504 equitatu,
272 428 308 483 ut
325 419 424 485 modo
440 423 549 484 visum
573 419 616 484 ab
640 442 675 484 se
691 417 922 501 Ambiorigem
945 419 980 482 in
992 418 1074 502 fuga

93 524 395 608 circumspicerent
418 525 547 610 captivi
569 545 631 588 nec
654 522 754 608 plane
776 524 878 588 etiam
894 521 1007 588 abisse
1031 544 1074 586 ex

95 636 280 711 conspectu
304 627 559 709 contenderent,
582 637 619 692 ut
644 649 702 711 spe
726 625 953 712 consequendi
976 625 1097 694 illatas

95 738 197 816 atque
221 731 353 796 infinito
376 730 493 796 labore
517 740 683 816 suscepte,
707 731 822 816 quise
846 751 1008 794 summam
1031 728 1074 793 ab

96 832 246 900 Caesare
262 835 409 916 gratiam
430 836 573 900 inituros
596 843 765 921 putarent,
788 857 895 920 paene
919 842 1075 899 naturam

96 938 208 1003 studio
237 940 429 1013 vincerent,
460 960 654 1024 semperque
681 937 818 1023 paulum
845 939 890 1003 ad
913 959 1075 1003 summam

96 1042 296 1108 felicitatem
310 1043 458 1108 defuisse
470 1042 651 1122 videretur,
668 1051 769 1129 atque
786 1042 843 1107 ille
859 1041 999 1108 latebris
1016 1051 1096 1109 auto

97 1145 240 1212 saltibus
271 1169 306 1211 se
336 1147 479 1233 eriperet
510 1156 541 1211 et
571 1155 673 1237 noctu
702 1145 890 1211 occultatus
915 1146 1001 1212 alias
1024 1167 1074 1210 re·

97 1253 214 1334 giones
230 1260 412 1337 partesque
426 1261 557 1337 peteret
571 1273 639 1316 non
655 1252 782 1316 maiore
806 1253 955 1338 equitum
977 1273 1074 1336 prae·

99 1354 184 1419 sidio
201 1377 302 1441 quam
319 1363 490 1441 quattuor,
516 1355 637 1442 quibus
654 1354 734 1420 solis
751 1355 857 1420 vitam
875 1378 970 1421 suam
986 1377 1073 1421 com·

97 1460 231 1524 mittere
254 1458 413 1525 audebat.

183 1561 236 1627 44.
270 1561 348 1626 Tali
370 1563 468 1628 modo
492 1566 636 1630 vastatis
667 1564 862 1650 regionibus
887 1565 1074 1629 exercitum

96 1664 225 1732 Caesar
241 1666 380 1732 duarum
391 1666 578 1733 cohortium
592 1669 713 1734 damno
726 1668 991 1733 Durocortorum
1010 1667 1074 1731 Re-

98 1791 226 1836 morum
249 1771 391 1855 reducit,
414 1770 623 1858 concilioque
651 1773 686 1837 in
710 1795 784 1837 eum
806 1770 917 1838 locum
941 1768 1076 1835 Galliae

98 1873 228 1939 indicto
242 1874 282 1940 de
295 1877 528 1941 coniuratione
541 1874 710 1941 Senonum
728 1885 760 1941 et
773 1872 959 1940 Carnutum
975 1896 1074 1960 quae·

98 1979 241 2045 stionem
255 1977 381 2044 habere
398 1980 552 2045 instituit
568 1988 600 2045 et
619 1979 660 2045 de
675 1979 822 2061 Accone,
847 1980 902 2064 qui
917 1979 1095 2064 princepse

98 2083 169 2147 eius
187 2081 320 2149 consilii
335 2082 455 2168 fuerat,
479 2085 636 2168 graviore
664 2085 833 2149 sententia
856 2083 1074 2168 pronuntiata

96 2207 188 2251 more
206 2188 370 2253 maiorum
394 2187 594 2274 supplicium
616 2189 768 2274 sumpsit.
805 2186 965 2252 Nonnulli
990 2185 1096 2250 iudi-e

97 2291 187 2356 cium
209 2292 310 2357 veriti
336 2291 562 2378 profugerunt.
602 2290 732 2371 Quibus
764 2313 839 2358 cum
862 2313 951 2376 aqua
975 2297 1075 2374 atque

96 2395 168 2479 igni
185 2395 432 2479 interdixisset,
457 2395 541 2461 duas
564 2396 715 2480 legiones
740 2394 890 2460 adfines
913 2393 1075 2458 Trevero-

96 2521 180 2582 rum,
206 2498 290 2566 duas
314 2501 349 2565 in
364 2499 588 2585 Lingonibus,
613 2522 674 2565 sex
689 2499 835 2585 reliquas
852 2500 887 2564 in
907 2496 1076 2563 Senonum

95 2603 220 2669 finibus
231 2602 400 2688 Agedinci
416 2605 451 2669 in
472 2603 622 2670 hibernis
646 2602 827 2669 collocavit
842 2602 1076 2688 frumentoque

96 2709 265 2774 exercitui
280 2709 425 2795 proviso,
449 2717 486 2773 ut
503 2709 709 2792 instituerat,
734 2708 768 2770 in
784 2705 921 2772 Italiam
938 2707 982 2771 ad
997 2728 1075 2771 con·

95 2822 217 2877 ventus
241 2811 392 2896 agendos
416 2811 586 2898 profectus
612 2821 673 2877 cst.

509 3105 713 3118 ύ-..α-ω-ιι
