2376 3924
92 227 202 278 XXXVI
393 224 603 276 ADNOTATIO
624 222 770 274 CRITICA

92 415 177 465 serint
195 413 301 480 dispici
313 417 438 478 nequeat,
466 428 520 462 non
542 416 598 461 tam
626 411 720 476 spuria
745 427 826 477 qnam
856 410 984 463 lacunosa
1011 429 1071 464 esse

92 501 251 566 putaverim.
284 514 345 549 cum
363 514 443 564 supra
468 498 500 547 de
525 495 689 550 constitutis
707 500 821 563 repente
839 496 949 566 eripuis
967 497 1006 550 od
1024 514 1071 551 ire-

92 585 251 639 cessitatem
269 583 420 651 aedificiis,
449 599 519 649 quae
539 583 672 633 Carnutes
691 582 856 645 incolebant,
878 585 1009 634 monitum
1027 586 1070 648 sit,

92 673 162 722 haec
187 673 248 736 ipsa
274 668 377 738 exipuc
401 667 532 734 aedificio
557 667 652 718 cadem
683 683 743 718 esse
762 672 826 732 puto
845 672 926 734 atque
947 668 1071 720 teritorio

92 758 154 818 illa,
181 773 293 821 quorum
321 754 535 824 iulepeudorum
561 752 661 822 prolia
688 753 804 804 collecta
821 759 899 804 erant
917 759 1071 805 stramenta.

93 844 237 908 scripserat
254 843 367 893 fortasse
385 842 504 891 Hirtius:
524 856 594 907 quoe
613 838 746 892 coniectis
764 839 889 893 celeriter
907 841 1071 894 stramentis

94 927 278 981 tectoriorum
296 926 510 996 intepeiidoruiu
526 925 624 995 pratia
649 924 814 978 collectis
841 931 924 979 eram
941 926 1072 994 inaedifi-

93 1018 167 1068 cutu.
187 1043 220 1052 -
238 1028 353 1080 compe
359 1011 419 1081 ptr,
439 1012 510 1078 quod
529 1015 557 1061 in
575 1013 665 1077 priore
684 1011 803 1062 editione
822 1028 870 1078 pro
884 1013 977 1078 inepta
990 1013 1071 1063 libro-

93 1117 151 1153 rum
169 1100 287 1151 lectione
305 1098 426 1168 couteqit
445 1099 618 1149 scribendum
637 1113 697 1148 esse
717 1096 829 1162 conieci,
848 1104 955 1161 praeter
967 1099 1072 1165 Frigel-

92 1186 159 1237 lium
179 1202 271 1236 omnes
290 1187 419 1250 deinceps
438 1188 599 1250 receperunt
617 1183 742 1237 editores.

198 1273 313 1335 c.8,1:
343 1286 396 1337 cuo
424 1269 541 1324 celerius
568 1267 737 1322 hostis...
750 1267 946 1339 prodiret]
973 1272 1072 1322 retinui

94 1359 165 1409 hanc
191 1359 352 1424 optimorum
378 1356 508 1407 librorum
535 1357 697 1422 scripturam
719 1355 762 1423 (cf.
783 1371 805 1405 c.
826 1357 871 1420 16,
891 1357 929 1423 1),
958 1357 1073 1424 Frigell,

93 1443 405 1508 Kran.·Dittenberger‚
436 1441 552 1506 Holder,
583 1442 774 1492 Dob.-Dinter
801 1441 931 1493 suadente
960 1443 1073 1495 Hellero

93 1530 204 1599 (Philol.
222 1531 294 1596 XIX,
313 1547 338 1595 p.
358 1528 420 1587 467)
437 1529 530 1582 hostes
546 1527 751 1596 ...prodirent
770 1530 944 1595 scripserunt.
974 1531 1072 1597 proba-

94 1634 150 1666 rem
177 1616 311 1682 pluralem
340 1632 496 1679 numerum,
523 1616 547 1666 si
567 1614 691 1666 Caesaris
711 1621 803 1666 essent
819 1616 911 1669 verba.
936 1645 971 1654 -
998 1620 1022 1680 ᾖ.
1041 1619 1071 1667 3;

94 1701 248 1756 consilio
268 1699 428 1770 aduocato]
458 1702 497 1750 sic
526 1717 620 1751 omnes
643 1701 698 1751 iere
726 1701 803 1762 libri;
830 1703 987 1770 Nipperdey
1011 1722 1073 1756 cum

94 1791 249 1838 Vascosano
269 1786 386 1841 concilio
405 1787 502 1848 edidit3
521 1792 549 1838 at
567 1789 590 1838 si
610 1788 642 1839 de
661 1789 792 1839 concione
805 1789 980 1856 cogitandum
993 1794 1072 1854 esset,

93 1875 145 1924 hoc
162 1876 251 1940 potius
270 1873 433 1925 vocabulum
452 1888 533 1940 quam
552 1873 701 1928 concilium
719 1876 903 1926 adhibendum
923 1881 989 1928 erat.

96 1998 97 2002 η
197 1961 314 2023 c.9,1:
340 1975 403 2013 cum
420 1959 666 2031 ...oideruiitll
694 1963 807 2028 perfecti
833 1963 1012 2014 indicativum
1040 1981 1073 2015 ex

94 2048 256 2114 optimorum
275 2047 406 2097 librorum
425 2063 559 2097 consensu
576 2048 690 2110 restitui,
714 2065 774 2098 cum
794 2065 827 2099 ex
846 2065 874 2099 re
894 2051 1073 2114 grammatica

93 2134 175 2200 plane
194 2150 246 2183 non
266 2134 308 2196 sit,
337 2149 385 2184 cur
402 2134 628 2199 interpolatorum
647 2134 769 2185 codicum
788 2134 934 2185 lectionem
952 2151 1068 2189 cum...

93 2218 257 2273 uiderent
266 2219 458 2285 praeferamus.
469 2220 515 2285 (cf.
524 2212 687 2272 ‘Construct
695 2221 720 2270 d.
731 2220 988 2288 lat.Zeitpertikeln'
999 2220 1040 2274 ed.
1047 2226 1073 2273 2.

93 2325 118 2372 p.
138 2308 189 2373 72.)
207 2333 242 2344 -
259 2307 284 2368 t.
303 2307 333 2357 3:
351 2304 418 2358 hoec
436 2305 556 2374 (costra)
574 2306 696 2374 imperat
713 2306 786 2360 uallo
802 2307 907 2376 pedum
926 2307 1073 2363 duodecim

94 2391 216 2459 muniri,
242 2391 390 2446 loriculam
404 2406 468 2459 pro
487 2391 709 2446 lucratione
728 2392 788 2446 eius
807 2392 975 2455 altitudinis
994 2394 1072 2448 iude-

94 2478 226 2548 diyicuri]
245 2479 400 2546 Nipperdey
419 2494 536 2545 negans,
554 2479 666 2531 loricam
688 2479 773 2531 ullam
791 2482 925 2532 rationem
943 2481 1072 2535 habuisse

93 2566 128 2616 ad
146 2565 318 2616 altitudinem
337 2565 405 2615 valli
426 2564 597 2630 corruptelae
620 2567 728 2632 signum
747 2566 860 2616 vocibus
884 2565 937 2619 leuc
959 2566 1073 2621 ratione

93 2651 228 2717 praefixit,
256 2654 409 2719 suspicatus
434 2652 608 2703 scribendum
632 2668 690 2703 esse
713 2668 777 2720 per
805 2652 1073 2722 accurationem

93 2737 153 2790 eius
182 2737 379 2791 altitudini
405 2737 594 2805 incediftccri.
625 2739 686 2804 sed,
713 2745 744 2790 ut
766 2742 794 2790 in
820 2740 960 2806 superiore
978 2743 1073 2792 monui

94 2823 225 2885 editione,
254 2825 277 2874 si
303 2824 357 2875 tale
381 2824 447 2892 quid
470 2825 575 2875 Hirtius
603 2826 767 2892 scripsisset,
793 2825 857 2875 libri
874 2826 990 2878 fortasse
1004 2841 1072 2896 pro

93 2909 235 2978 cyperis
253 2909 365 2964 rctioue
383 2910 429 2962 vel
442 2910 531 2962 simile
544 2910 609 2976 quid
622 2911 789 2974 exhiberent,
808 2912 892 2962 verba
909 2918 1001 2964 eutem
1016 2927 1072 2981 pro

92 2996 145 3048 huc
163 2995 275 3049 rutioue
293 2998 338 3046 vix
356 2998 420 3047 inde
440 2997 614 3048 exstitissent.
644 2998 733 3047 minus
757 2999 838 3048 etiem
865 2998 971 3064 placet,
998 2999 1073 3065 quod

94 3083 193 3133 Goeler
202 3084 349 3149 proposuit,
362 3088 393 3133 ut
405 3081 521 3137 loricam
530 3096 585 3149 pro
597 3081 649 3136 lucc
661 3083 774 3136 ratione
786 3084 847 3138 eius
859 3083 1072 3139 munitionis

93 3169 274 3236 inaedificari
292 3171 468 3235 scriberetur,
493 3187 562 3236 quae
581 3172 664 3222 verba
683 3174 779 3224 mirum
797 3177 825 3224 in
844 3173 954 3224 modum
972 3173 1013 3224 sic
1028 3173 1072 3223 in·

93 3257 186 3323 tellegi
198 3259 294 3320 voluit,
312 3264 342 3307 ut
359 3257 436 3312 ratic
455 3259 515 3313 eius
528 3259 695 3315 munitionis
715 3261 881 3328 significaret
898 3256 956 3313 ‘das
969 3263 1072 3314 Wesen

93 3350 149 3400 und
178 3351 229 3401 den
253 3350 351 3400 Zweck
378 3350 426 3401 der
443 3352 702 3418 Verschanzungen,
733 3351 852 3401 niimlich
879 3350 922 3400 die
948 3348 1071 3403 Verviel·

93 3437 228 3504 filtigung
250 3437 321 3488 ihrer
338 3437 716 3505 Befestigungsgegenstiinde
739 3437 824 3488 durch
849 3437 901 3486 den
924 3437 1072 3506 doppelten

94 3523 217 3588 Graben,
244 3525 327 3576 durch
347 3525 465 3576 'Phflrme
483 3525 539 3575 und
559 3524 697 3576 Gellerien
721 3524 776 3575 und
800 3524 851 3575 den
870 3523 981 3591 Zweck,
1008 3522 1072 3578 dem
