2376 3924
93 247 204 299 XXXIV
390 248 602 302 ADNO'l'A'l'lO
621 249 765 302 ORITIOA

93 439 139 503 qui
156 435 320 502 Nipperdeic
344 439 454 487 auctore
477 437 531 486 iarn
554 439 578 500 ς.
597 440 612 488 3
631 454 679 502 pro
699 436 832 491 Lexoviis
857 441 997 506 superiora
1019 441 1069 492 illa

92 524 178 574 verba
195 519 310 574 totidem
328 519 520 575 Lemooiea‘bas
542 524 675 588 inserunt,
698 525 738 576 ita
756 526 876 593 quidem,
900 532 930 577 ut
953 525 1069 580 totidem

94 609 128 659 ad
142 609 306 660 antecedens
322 607 500 661 Vella'ocossis
512 611 642 661 trahatur.
655 612 701 662 vix
714 613 787 663 enim
801 613 949 664 verisimile
961 613 1070 664 videtur

94 697 122 746 in
141 696 382 746 commemorandis
401 696 593 748 Lemovicibus
611 703 653 749 ter
671 714 731 750 esse
749 706 898 765 peccatum,
922 700 1004 750 immo
1028 705 1071 750 sat

95 787 305 833 consentaneum
324 788 373 845 est,
392 782 573 832 Lexoviorum
591 799 690 834 nornen
708 785 780 836 inter
796 785 951 835 Armoricae
975 790 1070 851 gentes

95 868 222 918 omissum
235 871 329 932 postea
347 882 363 917 a
379 872 530 918 correctore
549 869 666 933 quodam
679 870 795 935 margini
808 869 891 920 fuisse
904 869 1070 936 adscriptum

96 961 123 1006 ct
143 956 212 1006 falso
237 954 335 1005 deinde
358 954 418 1004 loco
443 955 472 1003 in
496 959 598 1005 textum
623 971 682 1006 esse
706 961 854 1022 receptum.
884 974 936 1008 nec
962 955 1071 1022 placere

9 1101 17 1116 ,
95 1047 191 1108 potest,
211 1041 284 1106 quod
301 1041 402 1090 inserto
421 1040 470 1091 illo
490 1039 605 1093 lotidem
624 1043 792 1107 superiorum
811 1059 919 1109 quoque
932 1044 1072 1110 copiarum

95 1129 200 1179 numeri
222 1127 384 1177 immutandi
408 1132 480 1191 sunt,
505 1133 614 1178 etcum
632 1127 777 1182 Rauracis
796 1134 823 1179 et
840 1128 922 1181 Boiis
947 1130 1001 1181 iarn
1024 1146 1073 1180 nu-

97 1230 186 1265 merus
196 1213 275 1276 desit,
286 1229 318 1262 ex
330 1212 501 1278 interpolatis
514 1212 619 1278 aliquot
632 1214 770 1265 codicibus
783 1214 851 1267 birra
863 1215 1073 1267 adscribendum

32 1291 35 1298 ’
99 1307 149 1352 est.
175 1301 269 1365 itaque
287 1299 353 1349 satis
371 1298 454 1348 habui
474 1299 621 1350 correxisse
640 1315 709 1365 quae
727 1305 819 1366 aperte
838 1302 935 1353 vitiata
953 1305 1025 1365 sunt,
1043 1307 1075 1352 ut

97 1402 165 1439 seaa
192 1383 324 1438 Aadtbas
347 1400 395 1450 pro
422 1386 536 1450 repetito
563 1385 611 1435 illo
634 1383 790 1438 Senoaebas
818 1388 965 1438 scriberem
992 1387 1074 1453 (hanc

98 1473 316 1524 emendationem
342 1473 454 1522 Dilbner
481 1488 587 1537 quoque
615 1477 643 1523 et
668 1472 772 1523 Holder
799 1471 971 1542 receperunt)
998 1477 1025 1523 et
1042 1474 1076 1524 ut

97 1559 285 1612 Lexoviorum
303 1574 401 1610 nomen
423 1562 484 1624 post
500 1556 668 1610 Veliocassis
686 1559 823 1609 sublatum
835 1560 906 1610 inter
918 1561 1074 1611 Armoricae

98 1653 192 1715 gentes
210 1646 271 1697 loco
289 1646 465 1696 Lemovicum
483 1659 650 1711 reponerem.
669 1645 752 1711 probe
766 1645 873 1710 quidem
887 1647 944 1696 scio
955 1646 1075 1697 numeris

99 1734 260 1800 computatis
289 1732 430 1797 aliquanto
458 1731 588 1782 maiorem
616 1746 748 1781 summam
777 1729 847 1780 ellici
871 1746 916 1793 ea,
944 1747 1026 1797 quam
1046 1733 1077 1782 in

99 1838 165 1888 agro
183 1820 338 1871 Aeduorum
359 1819 499 1869 lustratam
526 1833 586 1869 esse
609 1818 681 1869 inira
699 1835 722 1869 c.
742 1819 775 1867 76
799 1818 927 1883 refertum
950 1818 999 1895 sed
1022 1816 1076 1867 dis·

36 1907 40 1914 ”
100 1912 194 1973 crepat
220 1911 336 1972 utraque
364 1920 470 1954 summa
497 1906 579 1954 etiam
604 1921 666 1954 cum
690 1919 817 1954 numeros
845 1905 972 1970 catalogi,
996 1920 1077 1970 quem

99 1992 253 2059 Nipperdey
276 1992 429 2057 proposuit,
460 1996 608 2055 computas.
639 1994 668 2040 at
690 1990 811 2054 proiecto
834 1988 895 2039 fieri
917 1991 1020 2056 potuit,
1045 1994 1077 2040 ut

99 2080 187 2129 maior
204 2077 321 2143 singulis
344 2076 501 2126 civitatibus
528 2091 655 2126 numerus
683 2076 869 2141 imperaretur,
898 2077 986 2126 minor
1012 2091 1079 2126 vero

101 2166 145 2216 die
163 2165 310 2215 constituta
334 2162 500 2225 conveniret,
520 2176 608 2226 neque
626 2161 655 2210 in
674 2175 714 2224 eo,
740 2161 811 2227 quod
835 2177 890 2212 non
914 2161 969 2211 nisi
987 2159 1079 2212 Bello-

101 2254 163 2303 vaci
180 2266 259 2301 suum
278 2264 420 2299 numerum
433 2263 486 2297 non
506 2246 686 2312 complevisse
704 2250 860 2310 narrantur,
888 2251 1079 2313 argumentum

101 2341 191 2388 inesse
210 2338 325 2399 videtur,
345 2351 393 2386 cur
410 2350 504 2386 omnes
523 2333 642 2398 reliquas
661 2334 787 2384 civitates
805 2335 941 2399 integrum
960 2332 1080 2384 militum

103 2441 243 2475 numerum
261 2424 368 2474 misisse
388 2427 547 2472 statuamus.
568 2419 711 2470 Bellovaci
730 2421 803 2469 enim
821 2419 893 2470 hanc
915 2419 948 2470 ob
968 2434 1081 2470 caueam

102 2527 167 2576 prae
186 2511 283 2560 ceteris
302 2507 535 2559 commemorandi
554 2512 639 2568 erant,
659 2507 731 2571 quod
744 2521 793 2555 suc
808 2506 914 2556 nomine
928 2511 955 2557 et
967 2505 1081 2556 arbitrio

100 2598 205 2667 ¹bellum
225 2613 285 2646 cum
303 2596 433 2646 Romanis
451 2610 481 2645 se
500 2597 626 2660 gesturos
645 2607 704 2642 esse
727 2591 925 2645 dictitaverant.

207 2742 229 2777 c.
251 2725 292 2790 tr,
315 2725 343 2772 3:
371 2737 458 2788 raeque
486 2721 535 2773 hos
562 2719 705 2773 habendos
729 2719 831 2773 cloiam
855 2718 912 2773 loco
935 2735 1024 2788 aeqae
1041 2718 1083 2774 od

104 2809 295 2864 eoasa'le'ora
313 2806 486 2859 adhibendos
505 2805 608 2874 censeo]
622 2807 764 2857 meliorum
777 2808 907 2857 librorum
920 2809 1084 2872 scripturam

105 2895 265 2958 consiliam,
294 2910 374 2961 quam
396 2894 559 2960 Nipperdey,
577 2894 692 2959 Frigell,
709 2893 813 2944 Holder
831 2898 999 2958 receperunt,
1018 2893 1085 2945 ferri

106 3001 159 3033 non
178 2999 265 3048 posse,
284 2983 338 3033 iam
358 2983 386 3030 in
412 2982 550 3046 superiore
573 2981 667 3030 monui
691 2980 820 3031 editione.
844 2981 934 3046 agitur
957 2979 1032 3030 enim
1049 2978 1086 3032 de

106 3071 149 3134 iis,
164 3071 211 3135 qui
223 3071 251 3118 in
264 3069 316 3118 hoc
329 3069 388 3134 ipso
407 3065 561 3119 eoaea'la'o
580 3066 743 3116 deditionem
762 3066 878 3117 fortasse
896 3067 1003 3116 suasuri
1016 3066 1085 3132 sint3

107 3156 155 3206 hos
173 3172 226 3206 non
246 3154 405 3219 audiendos,
424 3154 459 3204 ad
479 3151 626 3205 consiliam
644 3169 697 3203 non
722 3153 892 3204 adhibendos
913 3167 972 3204 esse
991 3157 1087 3204 censet

108 3242 291 3308 Critognatus.

211 3389 234 3422 c.
253 3374 294 3436 83,
314 3373 343 3421 2:
363 3368 524 3435 fecerant
543 3385 575 3418 ex
595 3369 773 3418 deterioribus
796 3367 873 3418 libris
898 3369 997 3434 recepi,
1023 3384 1085 3421 cum

109 3459 193 3524 plane
212 3474 296 3509 causa
314 3473 369 3508 non
387 3457 431 3519 sit,
451 3472 499 3506 cur
512 3455 612 3506 Caesar
629 3455 674 3505 hic
686 3470 703 3504 a
715 3454 837 3521 legitimo
855 3460 1005 3520 temporum
1024 3470 1087 3520 usta

109 3548 185 3598 cuius
205 3548 305 3613 ubique
325 3545 582 3597 observantissimus
600 3549 650 3605 est,
667 3543 818 3593 recesserit.
