2376 3924
411 242 523 292 urana
534 243 555 306 1,
570 242 646 294 oar.
658 243 769 294 so-ea
862 265 864 269 >
928 233 929 237 ’
1039 244 1080 310 27

103 432 288 500 Sueborum
312 433 357 500 ad
371 436 479 521 ripam
494 435 603 501 Rheni
626 435 833 519 consedisse,
857 438 913 524 qui
928 436 1081 503 Rhenum

101 539 248 603 transire
271 548 489 622 conarentur3
513 539 566 604 his
588 540 912 625 praeesseNasuam
936 550 970 607 et
993 540 1079 606 Cim·

102 640 231 707 berium
254 643 386 707 fratres.
426 642 556 723 Quibus
585 643 686 709 rebus
715 641 844 708 Caesar
866 643 1103 716 vehementem

102 754 287 809 commotus
302 745 541 811 maturandum
553 746 619 811 sibi
632 747 850 827 existimavit,
866 770 918 829 ne,
936 749 975 829 si,
991 769 1080 812 nova

101 872 220 915 manus
233 849 418 916 Sueborum
434 849 509 915 euni
524 850 696 916 veteribus
710 850 816 935 copiis
828 848 993 915 Ariovisti
1006 873 1080 915 sese
1094 865 1097 871 “

101 955 344 1037 coniunxisset,
367 957 477 1021 minus
501 953 602 1019 facile
618 954 732 1019 resisti
753 960 878 1039 posset.
902 953 1021 1038 ltaque
1043 977 1101 1022 ree

100 1057 1078 1143 frumentariaquamcelerrimepotuitcomparatemagnis

101 1159 278 1225 itineribus
301 1161 347 1225 ad
370 1159 578 1226 Ariovistum
597 1159 782 1224 contendit.

204 1261 254 1326 38.
279 1262 363 1328 Cum
386 1263 490 1330 tridui
512 1266 603 1329 viam
625 1264 863 1350 processisset,
887 1264 1079 1330 nuntiatum

100 1374 152 1430 est
169 1367 198 1430 ei
215 1365 423 1433 Ariovistum
446 1389 520 1432 cum
540 1368 609 1432 suis
627 1366 781 1432 omnibus
798 1369 904 1451 copiis
921 1368 966 1432 ad
983 1390 1079 1434 occu·

99 1468 247 1553 pandum
259 1469 510 1554 Vesontionem,
533 1470 623 1556 quod
646 1480 698 1537 est
714 1470 872 1556 oppidum
896 1474 1078 1538 maximum

100 1571 347 1657 Sequanorum,
384 1572 588 1637 contendere
624 1572 796 1658 triduique
828 1575 920 1640 viam
953 1597 973 1638 a
1008 1576 1078 1640 suis

99 1674 223 1739 finibus
245 1675 438 1761 profecisse.
462 1676 503 1741 Id
525 1699 567 1741 ne
587 1674 771 1759 accideret,
794 1697 998 1763 magnopere
1013 1679 1100 1744 sibia

99 1778 369 1863 praecavendum
382 1777 510 1845 Caesar
523 1778 753 1845 existimabat.
769 1780 921 1865 Namque
934 1783 1100 1847 omniumr

99 1904 219 1964 rerum,
243 1903 329 1968 quae
353 1882 397 1947 ad
420 1883 546 1948 bellum
570 1885 644 1948 usui
668 1892 776 1966 erant,
799 1906 928 1949 summa
952 1894 1024 1949 erat
1043 1888 1077 1951 in

100 2007 138 2049 eo
162 1984 283 2070 oppido
306 1986 469 2066 facultas,
503 1986 605 2073 idque
632 1996 757 2053 natura
785 1986 850 2052 loci
874 1990 923 2053 sic
951 1993 1100 2055 munio-4

98 2086 209 2169 batur,
234 2096 271 2151 ut
293 2108 454 2171 magnam
477 2089 522 2154 ad
546 2089 736 2155 ducendum
759 2089 886 2156 bellum
909 2091 1005 2158 daret
1029 2094 1076 2159 fa·

98 2189 271 2274 cultatem,
299 2201 477 2277 propterea
501 2194 590 2278 quod
611 2193 733 2259 flumen
757 2193 866 2260 Dubis
890 2205 927 2260 ut
950 2198 1076 2262 circino

99 2293 365 2360 circumductum
389 2318 497 2382 paene
520 2304 628 2361 totum
657 2297 815 2382 oppidum
839 2299 963 2382 cingit3
1000 2300 1099 2365 reli-s
1137 2348 1146 2363 .

98 2419 200 2481 quum
218 2400 372 2483 spatium,
397 2399 485 2484 quod
509 2390 642 2464 estnon
659 2400 801 2486 amplius
816 2401 939 2486 pedum
955 2421 984 2469 M
1001 2427 1076 2469 sex·

99 2510 288 2585 centorum,
323 2525 389 2588 qua
418 2504 539 2568 flumen
563 2505 767 2588 intermittit,
801 2527 896 2571 mons
925 2509 1076 2573 continet

97 2624 222 2687 magna
239 2604 429 2690 altitudine,
449 2609 508 2691 ita,
531 2616 568 2671 ut
586 2607 719 2673 radices
735 2610 859 2673 montis
876 2632 919 2674 ex
934 2620 1077 2696 utraque

97 2718 194 2792 parte
212 2711 305 2794 ripae
321 2711 467 2776 fluminis
480 2714 691 2796 contingant.
703 2713 803 2778 Hunc
815 2735 926 2777 murus
936 2715 1098 2780 circum-e

98 2811 198 2877 datus
223 2836 336 2879 arcem
360 2807 462 2881 efficit
485 2824 519 2880 et
542 2837 617 2881 cum
640 2815 762 2902 oppido
785 2818 970 2900 coniungit.
998 2818 1094 2882 Hucr

97 2912 226 2981 Caesar
247 2920 380 3001 magnis
396 2921 570 2983 nocturnis
592 2919 786 3004 diurnisque
802 2919 981 2985 itineribus
997 2943 1075 2986 con-

97 3018 207 3083 tendit
231 3029 461 3109 occupatoque
484 3021 606 3107 oppido
629 3020 676 3087 ibi
692 3022 899 3107 praesidium
917 3023 1073 3090 collocat.

200 3121 251 3188 39.
274 3123 365 3190 Dum
386 3146 512 3210 paucos
537 3124 609 3190 dies
625 3126 671 3190 ad
686 3125 927 3191 Vesontionem
943 3129 992 3191 rei
1007 3128 1073 3194 fru-

97 3229 284 3292 mentariae
307 3237 581 3314 commeatusque
608 3250 712 3294 causa
735 3239 901 3312 moratur,
937 3253 979 3294 ex
1001 3253 1073 3317 per-

92 3331 291 3395 contatione
314 3339 506 3396 nostrorum
520 3331 727 3419 vocibusque
739 3331 915 3398 Gallorum
930 3354 971 3399 ae
990 3357 1072 3401 mer·

94 3441 247 3499 catorum
254 3482 274 3518 ,-
299 3436 355 3520 qui
377 3437 509 3520 ingenti
531 3437 765 3522 magnitudine
792 3458 968 3523 corporum
992 3436 1073 3504 Ger·

96 3557 230 3617 manos,
265 3537 459 3604 incredibili
489 3540 616 3606 virtute
645 3551 746 3626 atque
770 3542 1015 3607 exercitatione
1038 3544 1072 3607 in
