<?xml version="1.0" encoding="UTF-8"?>
<!DOCTYPE html PUBLIC "-//W3C//DTD XHTML 1.0 Transitional//EN"
    "http://www.w3.org/TR/xhtml1/DTD/xhtml1-transitional.dtd">
<html xmlns="http://www.w3.org/1999/xhtml" xml:lang="en" lang="en">
 <head>
  <title>
</title>
<meta http-equiv="Content-Type" content="text/html;charset=utf-8" />
  <meta name='ocr-system' content='tesseract 3.04.00' />
  <meta name='ocr-capabilities' content='ocr_page ocr_carea ocr_par ocr_line ocrx_word'/>
</head>
<body>
  <div class='ocr_page' id='page_1' title='image "./ciuliicaesarisc00hoffgoog/ciuliicaesarisc00hoffgoog_0501.png"; bbox 0 0 2376 3924; ppageno 0'>
   <div class='ocr_carea' id='block_1_1' title="bbox 114 234 765 299">
    <p class='ocr_par' dir='ltr' id='par_1_1' title="bbox 114 234 765 299">
     <span class='ocr_line' id='line_1_1' title="bbox 114 234 765 299; baseline 0.003 -17"><span class='ocrx_word' id='word_1_1' title='bbox 114 236 155 299; x_wconf 72' lang='lat'><strong>95</strong></span> <span class='ocrx_word' id='word_1_2' title='bbox 440 234 490 297; x_wconf 85' lang='lat' dir='ltr'><strong>nn</strong></span> <span class='ocrx_word' id='word_1_3' title='bbox 510 234 630 285; x_wconf 80' lang='lat' dir='ltr'><strong>sunno</strong></span> <span class='ocrx_word' id='word_1_4' title='bbox 651 234 765 285; x_wconf 76' lang='lat' dir='ltr'><strong>01v1n1</strong></span> 
     </span>
    </p>
   </div>
   <div class='ocr_carea' id='block_1_2' title="bbox 92 419 1166 3613">
    <p class='ocr_par' dir='ltr' id='par_1_2' title="bbox 92 419 1096 1234">
     <span class='ocr_line' id='line_1_2' title="bbox 113 419 1096 509; baseline 0.002 -21"><span class='ocrx_word' id='word_1_5' title='bbox 113 424 194 489; x_wconf 89' lang='lat' dir='ltr'><strong>alter</strong></span> <span class='ocrx_word' id='word_1_6' title='bbox 216 447 281 489; x_wconf 91' lang='lat' dir='ltr'><strong>una</strong></span> <span class='ocrx_word' id='word_1_7' title='bbox 300 419 447 507; x_wconf 67' lang='lat' dir='ltr'><strong>’venerat</strong></span> <span class='ocrx_word' id='word_1_8' title='bbox 471 423 551 489; x_wconf 88' lang='lat' dir='ltr'><strong>alter</strong></span> <span class='ocrx_word' id='word_1_9' title='bbox 573 423 675 497; x_wconf 89' lang='lat' dir='ltr'><strong>filium</strong></span> <span class='ocrx_word' id='word_1_10' title='bbox 696 420 858 508; x_wconf 73' lang='lat' dir='ltr'><strong>mseras),</strong></span> <span class='ocrx_word' id='word_1_11' title='bbox 883 440 924 489; x_wconf 84' lang='lat' dir='ltr'><strong>cc</strong></span> <span class='ocrx_word' id='word_1_12' title='bbox 940 446 983 489; x_wconf 82' lang='lat' dir='ltr'><strong>ex</strong></span> <span class='ocrx_word' id='word_1_13' title='bbox 998 426 1096 509; x_wconf 82' lang='lat' dir='ltr'><strong>Syria</strong></span> 
     </span>
     <span class='ocr_line' id='line_1_3' title="bbox 114 526 1096 614; baseline 0.002 -22"><span class='ocrx_word' id='word_1_14' title='bbox 114 526 363 614; x_wconf 78' lang='lat' dir='ltr'><strong>aCommageno</strong></span> <span class='ocrx_word' id='word_1_15' title='bbox 375 526 546 610; x_wconf 83' lang='lat' dir='ltr'><strong>Antiocho,</strong></span> <span class='ocrx_word' id='word_1_16' title='bbox 563 529 614 592; x_wconf 93' lang='lat' dir='ltr'><strong>cui</strong></span> <span class='ocrx_word' id='word_1_17' title='bbox 629 550 749 612; x_wconf 83' lang='lat' dir='ltr'><strong>magna</strong></span> <span class='ocrx_word' id='word_1_18' title='bbox 760 527 933 613; x_wconf 89' lang='lat' dir='ltr'><strong>Pompeius</strong></span> <span class='ocrx_word' id='word_1_19' title='bbox 948 531 1096 614; x_wconf 87' lang='lat' dir='ltr'><strong>praemia</strong></span> 
     </span>
     <span class='ocr_line' id='line_1_4' title="bbox 114 630 1094 718; baseline 0.002 -22"><span class='ocrx_word' id='word_1_20' title='bbox 114 630 241 714; x_wconf 81' lang='lat' dir='ltr'><strong>tribuit,</strong></span> <span class='ocrx_word' id='word_1_21' title='bbox 274 633 362 696; x_wconf 90' lang='lat' dir='ltr'><strong>missi</strong></span> <span class='ocrx_word' id='word_1_22' title='bbox 397 641 504 714; x_wconf 90' lang='lat' dir='ltr'><strong>erant,</strong></span> <span class='ocrx_word' id='word_1_23' title='bbox 539 633 572 696; x_wconf 92' lang='lat' dir='ltr'><strong>in</strong></span> <span class='ocrx_word' id='word_1_24' title='bbox 600 631 649 695; x_wconf 94' lang='lat' dir='ltr'><strong>his</strong></span> <span class='ocrx_word' id='word_1_25' title='bbox 678 630 823 717; x_wconf 82' lang='lat' dir='ltr'><strong>plerique</strong></span> <span class='ocrx_word' id='word_1_26' title='bbox 852 632 1094 718; x_wconf 89' lang='lat' dir='ltr'><strong>hippotoxotae.</strong></span> 
     </span>
     <span class='ocr_line' id='line_1_5' title="bbox 92 734 1095 822; baseline 0.001 -22"><span class='ocrx_word' id='word_1_27' title='bbox 92 736 189 800; x_wconf 78' lang='lat' dir='ltr'><strong>6Huc</strong></span> <span class='ocrx_word' id='word_1_28' title='bbox 211 734 400 817; x_wconf 90' lang='lat' dir='ltr'><strong>Dardanos,</strong></span> <span class='ocrx_word' id='word_1_29' title='bbox 424 737 541 820; x_wconf 87' lang='lat' dir='ltr'><strong>Bessos</strong></span> <span class='ocrx_word' id='word_1_30' title='bbox 569 737 687 820; x_wconf 90' lang='lat' dir='ltr'><strong>partim</strong></span> <span class='ocrx_word' id='word_1_31' title='bbox 713 737 945 818; x_wconf 89' lang='lat' dir='ltr'><strong>mercenarios,</strong></span> <span class='ocrx_word' id='word_1_32' title='bbox 974 738 1095 822; x_wconf 90' lang='lat' dir='ltr'><strong>partim</strong></span> 
     </span>
     <span class='ocr_line' id='line_1_6' title="bbox 113 831 1095 925; baseline 0.002 -22"><span class='ocrx_word' id='word_1_33' title='bbox 113 841 246 925; x_wconf 87' lang='lat' dir='ltr'><strong>imperio</strong></span> <span class='ocrx_word' id='word_1_34' title='bbox 281 849 337 904; x_wconf 89' lang='lat' dir='ltr'><strong>aut</strong></span> <span class='ocrx_word' id='word_1_35' title='bbox 373 842 478 924; x_wconf 83' lang='lat' dir='ltr'><strong>gratia</strong></span> <span class='ocrx_word' id='word_1_36' title='bbox 513 848 730 925; x_wconf 90' lang='lat' dir='ltr'><strong>comparatos,</strong></span> <span class='ocrx_word' id='word_1_37' title='bbox 768 840 846 903; x_wconf 92' lang='lat' dir='ltr'><strong>item</strong></span> <span class='ocrx_word' id='word_1_38' title='bbox 876 831 1095 922; x_wconf 78' lang='lat' dir='ltr'><strong>Macedones,</strong></span> 
     </span>
     <span class='ocr_line' id='line_1_7' title="bbox 114 943 1095 1028; baseline 0.002 -20"><span class='ocrx_word' id='word_1_39' title='bbox 114 943 285 1008; x_wconf 86' lang='lat' dir='ltr'><strong>Thessalos</strong></span> <span class='ocrx_word' id='word_1_40' title='bbox 308 968 347 1009; x_wconf 91' lang='lat' dir='ltr'><strong>ac</strong></span> <span class='ocrx_word' id='word_1_41' title='bbox 369 943 569 1028; x_wconf 86' lang='lat' dir='ltr'><strong>reliquarum</strong></span> <span class='ocrx_word' id='word_1_42' title='bbox 592 945 738 1027; x_wconf 86' lang='lat' dir='ltr'><strong>gentium</strong></span> <span class='ocrx_word' id='word_1_43' title='bbox 760 953 793 1009; x_wconf 90' lang='lat' dir='ltr'><strong>ct</strong></span> <span class='ocrx_word' id='word_1_44' title='bbox 816 945 985 1008; x_wconf 88' lang='lat' dir='ltr'><strong>civitatum</strong></span> <span class='ocrx_word' id='word_1_45' title='bbox 1008 944 1095 1010; x_wconf 86' lang='lat' dir='ltr'><strong>adie-</strong></span> 
     </span>
     <span class='ocr_line' id='line_1_8' title="bbox 114 1046 1094 1132; baseline 0.003 -22"><span class='ocrx_word' id='word_1_46' title='bbox 114 1057 203 1111; x_wconf 90' lang='lat' dir='ltr'><strong>cerat</strong></span> <span class='ocrx_word' id='word_1_47' title='bbox 220 1056 317 1132; x_wconf 89' lang='lat' dir='ltr'><strong>atque</strong></span> <span class='ocrx_word' id='word_1_48' title='bbox 330 1070 413 1130; x_wconf 89' lang='lat' dir='ltr'><strong>eum,</strong></span> <span class='ocrx_word' id='word_1_49' title='bbox 437 1068 535 1131; x_wconf 91' lang='lat' dir='ltr'><strong>quem</strong></span> <span class='ocrx_word' id='word_1_50' title='bbox 552 1069 651 1132; x_wconf 92' lang='lat' dir='ltr'><strong>supra</strong></span> <span class='ocrx_word' id='word_1_51' title='bbox 663 1046 966 1129; x_wconf 86' lang='lat' dir='ltr'><strong>demonstravimus,</strong></span> <span class='ocrx_word' id='word_1_52' title='bbox 983 1070 1094 1113; x_wconf 91' lang='lat' dir='ltr'><strong>nume·</strong></span> 
     </span>
     <span class='ocr_line' id='line_1_9' title="bbox 112 1149 405 1234; baseline 0.007 -21"><span class='ocrx_word' id='word_1_53' title='bbox 112 1172 185 1213; x_wconf 92' lang='lat' dir='ltr'><strong>rum</strong></span> <span class='ocrx_word' id='word_1_54' title='bbox 208 1149 405 1234; x_wconf 88' lang='lat' dir='ltr'><strong>expleverat.</strong></span> 
     </span>
    </p>

    <p class='ocr_par' dir='ltr' id='par_1_3' title="bbox 114 1251 1094 1442">
     <span class='ocr_line' id='line_1_10' title="bbox 200 1251 1091 1337; baseline 0.002 -21"><span class='ocrx_word' id='word_1_55' title='bbox 200 1251 229 1316; x_wconf 81' lang='lat'><strong>5.</strong></span> <span class='ocrx_word' id='word_1_56' title='bbox 260 1254 428 1318; x_wconf 83' lang='lat' dir='ltr'><strong>Frumenti</strong></span> <span class='ocrx_word' id='word_1_57' title='bbox 444 1256 511 1319; x_wconf 87' lang='lat' dir='ltr'><strong>vim</strong></span> <span class='ocrx_word' id='word_1_58' title='bbox 533 1255 710 1318; x_wconf 82' lang='lat' dir='ltr'><strong>maximam</strong></span> <span class='ocrx_word' id='word_1_59' title='bbox 732 1276 775 1318; x_wconf 85' lang='lat' dir='ltr'><strong>ex</strong></span> <span class='ocrx_word' id='word_1_60' title='bbox 797 1251 974 1337; x_wconf 86' lang='lat' dir='ltr'><strong>Thessalia,</strong></span> <span class='ocrx_word' id='word_1_61' title='bbox 998 1251 1091 1337; x_wconf 90' lang='lat' dir='ltr'><strong>Asia,</strong></span> 
     </span>
     <span class='ocr_line' id='line_1_11' title="bbox 114 1355 1094 1442; baseline 0.002 -23"><span class='ocrx_word' id='word_1_62' title='bbox 114 1355 276 1442; x_wconf 85' lang='lat' dir='ltr'><strong>Aegypto,</strong></span> <span class='ocrx_word' id='word_1_63' title='bbox 300 1355 407 1437; x_wconf 82' lang='lat' dir='ltr'><strong>Creta,</strong></span> <span class='ocrx_word' id='word_1_64' title='bbox 431 1356 568 1442; x_wconf 80' lang='lat' dir='ltr'><strong>Cyrenis</strong></span> <span class='ocrx_word' id='word_1_65' title='bbox 590 1356 786 1442; x_wconf 83' lang='lat' dir='ltr'><strong>reliquisque</strong></span> <span class='ocrx_word' id='word_1_66' title='bbox 802 1355 987 1440; x_wconf 85' lang='lat' dir='ltr'><strong>regionibus</strong></span> <span class='ocrx_word' id='word_1_67' title='bbox 1011 1378 1094 1421; x_wconf 93' lang='lat' dir='ltr'><strong>com·</strong></span> 
     </span>
    </p>

    <p class='ocr_par' dir='ltr' id='par_1_4' title="bbox 93 1459 1095 2477">
     <span class='ocr_line' id='line_1_12' title="bbox 93 1459 1092 1546; baseline 0.001 -22"><span class='ocrx_word' id='word_1_68' title='bbox 93 1470 297 1545; x_wconf 86' lang='lat' dir='ltr'><strong>2paraverat.</strong></span> <span class='ocrx_word' id='word_1_69' title='bbox 322 1460 476 1525; x_wconf 90' lang='lat' dir='ltr'><strong>Hiemare</strong></span> <span class='ocrx_word' id='word_1_70' title='bbox 492 1460 702 1546; x_wconf 82' lang='lat' dir='ltr'><strong>Dyrrhachii,</strong></span> <span class='ocrx_word' id='word_1_71' title='bbox 718 1459 908 1546; x_wconf 85' lang='lat' dir='ltr'><strong>Apolloniae</strong></span> <span class='ocrx_word' id='word_1_72' title='bbox 931 1459 1092 1525; x_wconf 89' lang='lat' dir='ltr'><strong>omnibus-</strong></span> 
     </span>
     <span class='ocr_line' id='line_1_13' title="bbox 101 1564 1094 1650; baseline 0 -22"><span class='ocrx_word' id='word_1_73' title='bbox 101 1585 177 1648; x_wconf 86' lang='lat' dir='ltr'><strong>que</strong></span> <span class='ocrx_word' id='word_1_74' title='bbox 201 1564 326 1650; x_wconf 88' lang='lat' dir='ltr'><strong>oppidis</strong></span> <span class='ocrx_word' id='word_1_75' title='bbox 349 1566 517 1630; x_wconf 81' lang='lat' dir='ltr'><strong>maritimis</strong></span> <span class='ocrx_word' id='word_1_76' title='bbox 540 1565 760 1644; x_wconf 90' lang='lat' dir='ltr'><strong>constituerat,</strong></span> <span class='ocrx_word' id='word_1_77' title='bbox 784 1572 819 1627; x_wconf 91' lang='lat' dir='ltr'><strong>ut</strong></span> <span class='ocrx_word' id='word_1_78' title='bbox 841 1585 931 1627; x_wconf 92' lang='lat' dir='ltr'><strong>mare</strong></span> <span class='ocrx_word' id='word_1_79' title='bbox 954 1567 1094 1628; x_wconf 87' lang='lat' dir='ltr'><strong>transire</strong></span> 
     </span>
     <span class='ocr_line' id='line_1_14' title="bbox 115 1666 1095 1751; baseline 0 -20"><span class='ocrx_word' id='word_1_80' title='bbox 115 1666 289 1731; x_wconf 81' lang='lat' dir='ltr'><strong>Caesarem</strong></span> <span class='ocrx_word' id='word_1_81' title='bbox 317 1666 517 1751; x_wconf 91' lang='lat' dir='ltr'><strong>prohiberet,</strong></span> <span class='ocrx_word' id='word_1_82' title='bbox 552 1669 685 1751; x_wconf 90' lang='lat' dir='ltr'><strong>eiusque</strong></span> <span class='ocrx_word' id='word_1_83' title='bbox 718 1667 765 1729; x_wconf 90' lang='lat' dir='ltr'><strong>rei</strong></span> <span class='ocrx_word' id='word_1_84' title='bbox 793 1687 892 1730; x_wconf 89' lang='lat' dir='ltr'><strong>causa</strong></span> <span class='ocrx_word' id='word_1_85' title='bbox 920 1668 1006 1731; x_wconf 91' lang='lat' dir='ltr'><strong>omni</strong></span> <span class='ocrx_word' id='word_1_86' title='bbox 1036 1688 1095 1731; x_wconf 87' lang='lat' dir='ltr'><strong>ora</strong></span> 
     </span>
     <span class='ocr_line' id='line_1_15' title="bbox 93 1768 1095 1855; baseline 0 -20"><span class='ocrx_word' id='word_1_87' title='bbox 93 1773 275 1835; x_wconf 83' lang='lat' dir='ltr'><strong>³maritima</strong></span> <span class='ocrx_word' id='word_1_88' title='bbox 288 1770 422 1834; x_wconf 86' lang='lat' dir='ltr'><strong>classem</strong></span> <span class='ocrx_word' id='word_1_89' title='bbox 434 1769 645 1855; x_wconf 84' lang='lat' dir='ltr'><strong>disposuerat.</strong></span> <span class='ocrx_word' id='word_1_90' title='bbox 659 1770 815 1833; x_wconf 91' lang='lat' dir='ltr'><strong>Praeerat</strong></span> <span class='ocrx_word' id='word_1_91' title='bbox 822 1768 995 1855; x_wconf 83' lang='lat' dir='ltr'><strong>Aegyptiis</strong></span> <span class='ocrx_word' id='word_1_92' title='bbox 1006 1773 1095 1836; x_wconf 87' lang='lat' dir='ltr'><strong>navi·</strong></span> 
     </span>
     <span class='ocr_line' id='line_1_16' title="bbox 114 1870 1086 1959; baseline 0 -22"><span class='ocrx_word' id='word_1_93' title='bbox 114 1873 175 1938; x_wconf 94' lang='lat' dir='ltr'><strong>bus</strong></span> <span class='ocrx_word' id='word_1_94' title='bbox 197 1875 369 1957; x_wconf 87' lang='lat' dir='ltr'><strong>Pompeius</strong></span> <span class='ocrx_word' id='word_1_95' title='bbox 392 1872 485 1954; x_wconf 90' lang='lat' dir='ltr'><strong>filius,</strong></span> <span class='ocrx_word' id='word_1_96' title='bbox 507 1870 659 1936; x_wconf 84' lang='lat' dir='ltr'><strong>Asiaticis</strong></span> <span class='ocrx_word' id='word_1_97' title='bbox 682 1873 723 1936; x_wconf 91' lang='lat' dir='ltr'><strong>D.</strong></span> <span class='ocrx_word' id='word_1_98' title='bbox 741 1871 872 1936; x_wconf 87' lang='lat' dir='ltr'><strong>Laelius</strong></span> <span class='ocrx_word' id='word_1_99' title='bbox 895 1881 928 1936; x_wconf 91' lang='lat' dir='ltr'><strong>et</strong></span> <span class='ocrx_word' id='word_1_100' title='bbox 943 1870 1086 1959; x_wconf 37' lang='lat' dir='ltr'><strong>O.,Tria-</strong></span> 
     </span>
     <span class='ocr_line' id='line_1_17' title="bbox 114 1973 1089 2060; baseline -0.001 -19"><span class='ocrx_word' id='word_1_101' title='bbox 114 1980 189 2058; x_wconf 90' lang='lat' dir='ltr'><strong>rius,</strong></span> <span class='ocrx_word' id='word_1_102' title='bbox 214 1977 355 2060; x_wconf 84' lang='lat' dir='ltr'><strong>Syriacis</strong></span> <span class='ocrx_word' id='word_1_103' title='bbox 378 1974 413 2040; x_wconf 83' lang='lat' dir='ltr'><strong>O.</strong></span> <span class='ocrx_word' id='word_1_104' title='bbox 438 1973 578 2058; x_wconf 77' lang='lat' dir='ltr'><strong>Cassius,</strong></span> <span class='ocrx_word' id='word_1_105' title='bbox 601 1974 735 2039; x_wconf 85' lang='lat' dir='ltr'><strong>Rhodiis</strong></span> <span class='ocrx_word' id='word_1_106' title='bbox 759 1973 793 2039; x_wconf 81' lang='lat' dir='ltr'><strong>O.</strong></span> <span class='ocrx_word' id='word_1_107' title='bbox 816 1973 990 2040; x_wconf 86' lang='lat' dir='ltr'><strong>Marcellus</strong></span> <span class='ocrx_word' id='word_1_108' title='bbox 1013 1998 1089 2060; x_wconf 90' lang='lat' dir='ltr'><strong>eum</strong></span> 
     </span>
     <span class='ocr_line' id='line_1_18' title="bbox 116 2076 1094 2166; baseline -0.002 -21"><span class='ocrx_word' id='word_1_109' title='bbox 116 2080 150 2145; x_wconf 80' lang='lat' dir='ltr'><strong>O.</strong></span> <span class='ocrx_word' id='word_1_110' title='bbox 176 2080 335 2166; x_wconf 85' lang='lat' dir='ltr'><strong>Coponi0,</strong></span> <span class='ocrx_word' id='word_1_111' title='bbox 364 2077 563 2142; x_wconf 89' lang='lat' dir='ltr'><strong>Liburnicae</strong></span> <span class='ocrx_word' id='word_1_112' title='bbox 586 2086 684 2163; x_wconf 89' lang='lat' dir='ltr'><strong>atque</strong></span> <span class='ocrx_word' id='word_1_113' title='bbox 706 2076 872 2142; x_wconf 85' lang='lat' dir='ltr'><strong>Achaicae</strong></span> <span class='ocrx_word' id='word_1_114' title='bbox 895 2077 988 2144; x_wconf 86' lang='lat' dir='ltr'><strong>classi</strong></span> <span class='ocrx_word' id='word_1_115' title='bbox 1011 2080 1094 2146; x_wconf 83' lang='lat' dir='ltr'><strong>Scri·</strong></span> 
     </span>
     <span class='ocr_line' id='line_1_19' title="bbox 93 2181 1094 2256; baseline -0.001 -8"><span class='ocrx_word' id='word_1_116' title='bbox 93 2184 241 2256; x_wconf 65' lang='lat' dir='ltr'><strong>thonius</strong></span> <span class='ocrx_word' id='word_1_117' title='bbox 263 2181 347 2246; x_wconf 89' lang='lat' dir='ltr'><strong>Libo</strong></span> <span class='ocrx_word' id='word_1_118' title='bbox 381 2191 413 2245; x_wconf 91' lang='lat' dir='ltr'><strong>et</strong></span> <span class='ocrx_word' id='word_1_119' title='bbox 446 2182 491 2246; x_wconf 86' lang='lat' dir='ltr'><strong>M.</strong></span> <span class='ocrx_word' id='word_1_120' title='bbox 527 2183 691 2248; x_wconf 87' lang='lat' dir='ltr'><strong>Octavius.</strong></span> <span class='ocrx_word' id='word_1_121' title='bbox 738 2183 811 2247; x_wconf 90' lang='lat' dir='ltr'><strong>Toti</strong></span> <span class='ocrx_word' id='word_1_122' title='bbox 844 2191 954 2247; x_wconf 89' lang='lat' dir='ltr'><strong>tamen</strong></span> <span class='ocrx_word' id='word_1_123' title='bbox 988 2182 1094 2247; x_wconf 80' lang='lat' dir='ltr'><strong>officio</strong></span> 
     </span>
     <span class='ocr_line' id='line_1_20' title="bbox 115 2285 1095 2372; baseline 0 -21"><span class='ocrx_word' id='word_1_124' title='bbox 115 2290 274 2352; x_wconf 88' lang='lat' dir='ltr'><strong>maritimo</strong></span> <span class='ocrx_word' id='word_1_125' title='bbox 287 2288 331 2351; x_wconf 90' lang='lat' dir='ltr'><strong>M.</strong></span> <span class='ocrx_word' id='word_1_126' title='bbox 340 2285 474 2351; x_wconf 91' lang='lat' dir='ltr'><strong>Bibulus</strong></span> <span class='ocrx_word' id='word_1_127' title='bbox 486 2288 687 2372; x_wconf 88' lang='lat' dir='ltr'><strong>praepositus</strong></span> <span class='ocrx_word' id='word_1_128' title='bbox 703 2295 820 2351; x_wconf 85' lang='lat' dir='ltr'><strong>cuncta</strong></span> <span class='ocrx_word' id='word_1_129' title='bbox 831 2285 1095 2369; x_wconf 70' lang='lat' dir='ltr'><strong>administrabat,</strong></span> 
     </span>
     <span class='ocr_line' id='line_1_21' title="bbox 116 2390 784 2477; baseline -0.004 -21"><span class='ocrx_word' id='word_1_130' title='bbox 116 2392 157 2456; x_wconf 89' lang='lat' dir='ltr'><strong>ad</strong></span> <span class='ocrx_word' id='word_1_131' title='bbox 181 2392 267 2456; x_wconf 89' lang='lat' dir='ltr'><strong>hunc</strong></span> <span class='ocrx_word' id='word_1_132' title='bbox 290 2413 415 2457; x_wconf 91' lang='lat' dir='ltr'><strong>summa</strong></span> <span class='ocrx_word' id='word_1_133' title='bbox 437 2392 561 2477; x_wconf 90' lang='lat' dir='ltr'><strong>imperii</strong></span> <span class='ocrx_word' id='word_1_134' title='bbox 583 2390 784 2476; x_wconf 86' lang='lat' dir='ltr'><strong>respiciebat.</strong></span> 
     </span>
    </p>

    <p class='ocr_par' dir='ltr' id='par_1_5' title="bbox 96 2493 1166 3613">
     <span class='ocr_line' id='line_1_22' title="bbox 202 2493 1096 2577; baseline 0.001 -19"><span class='ocrx_word' id='word_1_135' title='bbox 202 2496 231 2559; x_wconf 91' lang='grc'><strong>6.</strong></span> <span class='ocrx_word' id='word_1_136' title='bbox 269 2493 404 2577; x_wconf 83' lang='lat' dir='ltr'><strong>Caesar,</strong></span> <span class='ocrx_word' id='word_1_137' title='bbox 442 2503 479 2559; x_wconf 90' lang='lat' dir='ltr'><strong>ut</strong></span> <span class='ocrx_word' id='word_1_138' title='bbox 511 2493 721 2558; x_wconf 88' lang='lat' dir='ltr'><strong>Brundisium</strong></span> <span class='ocrx_word' id='word_1_139' title='bbox 753 2495 858 2576; x_wconf 90' lang='lat' dir='ltr'><strong>venit,</strong></span> <span class='ocrx_word' id='word_1_140' title='bbox 893 2494 1096 2559; x_wconf 83' lang='lat' dir='ltr'><strong>contionatus</strong></span> 
     </span>
     <span class='ocr_line' id='line_1_23' title="bbox 117 2594 1096 2684; baseline -0.001 -21"><span class='ocrx_word' id='word_1_141' title='bbox 117 2598 204 2684; x_wconf 91' lang='lat' dir='ltr'><strong>apud</strong></span> <span class='ocrx_word' id='word_1_142' title='bbox 232 2597 362 2681; x_wconf 90' lang='lat' dir='ltr'><strong>milites,</strong></span> <span class='ocrx_word' id='word_1_143' title='bbox 392 2599 544 2683; x_wconf 91' lang='lat' dir='ltr'><strong>quoniam</strong></span> <span class='ocrx_word' id='word_1_144' title='bbox 572 2620 672 2684; x_wconf 89' lang='lat' dir='ltr'><strong>prope</strong></span> <span class='ocrx_word' id='word_1_145' title='bbox 699 2596 742 2661; x_wconf 91' lang='lat' dir='ltr'><strong>ad</strong></span> <span class='ocrx_word' id='word_1_146' title='bbox 765 2597 863 2661; x_wconf 90' lang='lat' dir='ltr'><strong>finem</strong></span> <span class='ocrx_word' id='word_1_147' title='bbox 885 2594 1034 2661; x_wconf 88' lang='lat' dir='ltr'><strong>laborum</strong></span> <span class='ocrx_word' id='word_1_148' title='bbox 1056 2618 1096 2662; x_wconf 84' lang='lat' dir='ltr'><strong>ac</strong></span> 
     </span>
     <span class='ocr_line' id='line_1_24' title="bbox 117 2700 1166 2788; baseline -0.001 -22"><span class='ocrx_word' id='word_1_149' title='bbox 117 2701 332 2788; x_wconf 88' lang='lat' dir='ltr'><strong>periculorum</strong></span> <span class='ocrx_word' id='word_1_150' title='bbox 347 2712 431 2767; x_wconf 91' lang='lat' dir='ltr'><strong>esset</strong></span> <span class='ocrx_word' id='word_1_151' title='bbox 452 2712 654 2788; x_wconf 89' lang='lat' dir='ltr'><strong>perventum,</strong></span> <span class='ocrx_word' id='word_1_152' title='bbox 678 2722 781 2786; x_wconf 91' lang='lat' dir='ltr'><strong>aequo</strong></span> <span class='ocrx_word' id='word_1_153' title='bbox 805 2702 911 2766; x_wconf 89' lang='lat' dir='ltr'><strong>animo</strong></span> <span class='ocrx_word' id='word_1_154' title='bbox 933 2700 1097 2786; x_wconf 85' lang='lat' dir='ltr'><strong>mancipia</strong></span> <span class='ocrx_word' id='word_1_155' title='bbox 1162 2709 1166 2715; x_wconf 85' lang='lat'>&#39;</span> 
     </span>
     <span class='ocr_line' id='line_1_25' title="bbox 117 2804 1096 2891; baseline -0.002 -21"><span class='ocrx_word' id='word_1_156' title='bbox 117 2816 215 2890; x_wconf 90' lang='lat' dir='ltr'><strong>atque</strong></span> <span class='ocrx_word' id='word_1_157' title='bbox 242 2805 472 2891; x_wconf 88' lang='lat' dir='ltr'><strong>impedimenta</strong></span> <span class='ocrx_word' id='word_1_158' title='bbox 501 2808 534 2870; x_wconf 94' lang='lat' dir='ltr'><strong>in</strong></span> <span class='ocrx_word' id='word_1_159' title='bbox 563 2805 658 2870; x_wconf 90' lang='lat' dir='ltr'><strong>ltalia</strong></span> <span class='ocrx_word' id='word_1_160' title='bbox 686 2804 922 2889; x_wconf 87' lang='lat' dir='ltr'><strong>relinquerent,</strong></span> <span class='ocrx_word' id='word_1_161' title='bbox 956 2805 1018 2889; x_wconf 89' lang='lat' dir='ltr'><strong>ipsi</strong></span> <span class='ocrx_word' id='word_1_162' title='bbox 1040 2826 1096 2868; x_wconf 88' lang='lat' dir='ltr'><strong>ex·</strong></span> 
     </span>
     <span class='ocr_line' id='line_1_26' title="bbox 118 2909 1096 2995; baseline 0.002 -24"><span class='ocrx_word' id='word_1_163' title='bbox 118 2909 217 2995; x_wconf 90' lang='lat' dir='ltr'><strong>pediti</strong></span> <span class='ocrx_word' id='word_1_164' title='bbox 253 2931 354 2972; x_wconf 88' lang='lat' dir='ltr'><strong>naves</strong></span> <span class='ocrx_word' id='word_1_165' title='bbox 392 2909 658 2992; x_wconf 88' lang='lat' dir='ltr'><strong>conscenderent,</strong></span> <span class='ocrx_word' id='word_1_166' title='bbox 702 2930 765 2993; x_wconf 88' lang='lat' dir='ltr'><strong>quo</strong></span> <span class='ocrx_word' id='word_1_167' title='bbox 803 2909 905 2972; x_wconf 88' lang='lat' dir='ltr'><strong>maior</strong></span> <span class='ocrx_word' id='word_1_168' title='bbox 941 2928 1096 2973; x_wconf 87' lang='lat' dir='ltr'><strong>numerus</strong></span> 
     </span>
     <span class='ocr_line' id='line_1_27' title="bbox 118 3011 1097 3097; baseline -0.003 -20"><span class='ocrx_word' id='word_1_169' title='bbox 118 3012 253 3077; x_wconf 91' lang='lat' dir='ltr'><strong>militum</strong></span> <span class='ocrx_word' id='word_1_170' title='bbox 276 3021 382 3097; x_wconf 90' lang='lat' dir='ltr'><strong>posset</strong></span> <span class='ocrx_word' id='word_1_171' title='bbox 400 3013 534 3096; x_wconf 91' lang='lat' dir='ltr'><strong>imponi,</strong></span> <span class='ocrx_word' id='word_1_172' title='bbox 564 3014 734 3095; x_wconf 90' lang='lat' dir='ltr'><strong>omniaque</strong></span> <span class='ocrx_word' id='word_1_173' title='bbox 763 3032 806 3074; x_wconf 83' lang='lat' dir='ltr'><strong>ex</strong></span> <span class='ocrx_word' id='word_1_174' title='bbox 828 3011 964 3097; x_wconf 88' lang='lat' dir='ltr'><strong>victoria</strong></span> <span class='ocrx_word' id='word_1_175' title='bbox 991 3019 1025 3074; x_wconf 92' lang='lat' dir='ltr'><strong>et</strong></span> <span class='ocrx_word' id='word_1_176' title='bbox 1053 3031 1097 3074; x_wconf 87' lang='lat' dir='ltr'><strong>ex</strong></span> 
     </span>
     <span class='ocr_line' id='line_1_28' title="bbox 96 3111 1096 3201; baseline -0.002 -21"><span class='ocrx_word' id='word_1_177' title='bbox 96 3131 177 3180; x_wconf 81' lang='lat' dir='ltr'><strong>2sua</strong></span> <span class='ocrx_word' id='word_1_178' title='bbox 204 3115 394 3180; x_wconf 90' lang='lat' dir='ltr'><strong>liberalitate</strong></span> <span class='ocrx_word' id='word_1_179' title='bbox 422 3126 605 3201; x_wconf 89' lang='lat' dir='ltr'><strong>sperarent,</strong></span> <span class='ocrx_word' id='word_1_180' title='bbox 637 3113 913 3179; x_wconf 88' lang='lat' dir='ltr'><strong>conclamantibus</strong></span> <span class='ocrx_word' id='word_1_181' title='bbox 936 3111 1096 3198; x_wconf 88' lang='lat' dir='ltr'><strong>omnibus,</strong></span> 
     </span>
     <span class='ocr_line' id='line_1_29' title="bbox 118 3217 1096 3306; baseline -0.003 -22"><span class='ocrx_word' id='word_1_182' title='bbox 118 3223 306 3306; x_wconf 90' lang='lat' dir='ltr'><strong>imperaret,</strong></span> <span class='ocrx_word' id='word_1_183' title='bbox 342 3218 429 3302; x_wconf 88' lang='lat' dir='ltr'><strong>quod</strong></span> <span class='ocrx_word' id='word_1_184' title='bbox 458 3217 571 3300; x_wconf 88' lang='lat' dir='ltr'><strong>vellet,</strong></span> <span class='ocrx_word' id='word_1_185' title='bbox 605 3218 831 3304; x_wconf 91' lang='lat' dir='ltr'><strong>quodcumque</strong></span> <span class='ocrx_word' id='word_1_186' title='bbox 860 3218 1096 3303; x_wconf 85' lang='lat' dir='ltr'><strong>imperavisset,</strong></span> 
     </span>
     <span class='ocr_line' id='line_1_30' title="bbox 119 3321 1096 3408; baseline -0.002 -21"><span class='ocrx_word' id='word_1_187' title='bbox 119 3347 153 3388; x_wconf 93' lang='lat' dir='ltr'><strong>se</strong></span> <span class='ocrx_word' id='word_1_188' title='bbox 183 3345 287 3408; x_wconf 89' lang='lat' dir='ltr'><strong>aequo</strong></span> <span class='ocrx_word' id='word_1_189' title='bbox 315 3324 421 3387; x_wconf 89' lang='lat' dir='ltr'><strong>animo</strong></span> <span class='ocrx_word' id='word_1_190' title='bbox 451 3344 521 3386; x_wconf 89' lang='lat' dir='ltr'><strong>esse</strong></span> <span class='ocrx_word' id='word_1_191' title='bbox 550 3322 705 3405; x_wconf 88' lang='lat' dir='ltr'><strong>facturos,</strong></span> <span class='ocrx_word' id='word_1_192' title='bbox 735 3339 771 3386; x_wconf 88' lang='lat'><strong>11.</strong></span> <span class='ocrx_word' id='word_1_193' title='bbox 790 3321 876 3394; x_wconf 84' lang='lat' dir='ltr'><strong>Non.</strong></span> <span class='ocrx_word' id='word_1_194' title='bbox 900 3321 970 3387; x_wconf 89' lang='lat' dir='ltr'><strong>Ian.</strong></span> <span class='ocrx_word' id='word_1_195' title='bbox 992 3341 1096 3386; x_wconf 83' lang='lat' dir='ltr'><strong>naves</strong></span> 
     </span>
     <span class='ocr_line' id='line_1_31' title="bbox 97 3423 1096 3512; baseline -0.002 -22"><span class='ocrx_word' id='word_1_196' title='bbox 97 3426 222 3491; x_wconf 72' lang='lat' dir='ltr'><strong>ssolvit.</strong></span> <span class='ocrx_word' id='word_1_197' title='bbox 266 3427 457 3512; x_wconf 90' lang='lat' dir='ltr'><strong>Impositae,</strong></span> <span class='ocrx_word' id='word_1_198' title='bbox 486 3434 523 3490; x_wconf 93' lang='lat' dir='ltr'><strong>ut</strong></span> <span class='ocrx_word' id='word_1_199' title='bbox 551 3446 649 3511; x_wconf 90' lang='lat' dir='ltr'><strong>supra</strong></span> <span class='ocrx_word' id='word_1_200' title='bbox 677 3425 933 3490; x_wconf 88' lang='lat' dir='ltr'><strong>demonstratum</strong></span> <span class='ocrx_word' id='word_1_201' title='bbox 960 3432 1024 3507; x_wconf 90' lang='lat' dir='ltr'><strong>est,</strong></span> <span class='ocrx_word' id='word_1_202' title='bbox 1054 3423 1096 3489; x_wconf 91' lang='lat' dir='ltr'><strong>le-</strong></span> 
     </span>
     <span class='ocr_line' id='line_1_32' title="bbox 119 3524 1096 3613; baseline -0.001 -21"><span class='ocrx_word' id='word_1_203' title='bbox 119 3532 229 3613; x_wconf 85' lang='lat' dir='ltr'><strong>giones</strong></span> <span class='ocrx_word' id='word_1_204' title='bbox 259 3547 309 3592; x_wconf 86' lang='lat' dir='ltr'><strong>vu</strong></span> <span class='ocrx_word' id='word_1_205' title='bbox 363 3528 522 3594; x_wconf 90' lang='lat' dir='ltr'><strong>Postridie</strong></span> <span class='ocrx_word' id='word_1_206' title='bbox 550 3537 671 3592; x_wconf 90' lang='lat' dir='ltr'><strong>terram</strong></span> <span class='ocrx_word' id='word_1_207' title='bbox 699 3529 813 3612; x_wconf 87' lang='lat' dir='ltr'><strong>attigit.</strong></span> <span class='ocrx_word' id='word_1_208' title='bbox 858 3527 948 3592; x_wconf 91' lang='lat' dir='ltr'><strong>Inter</strong></span> <span class='ocrx_word' id='word_1_209' title='bbox 977 3524 1096 3592; x_wconf 83' lang='lat' dir='ltr'><strong>Cerau-</strong></span> 
     </span>
    </p>
   </div>
   <div class='ocr_carea' id='block_1_3' title="bbox 0 0 1193 3924">
    <p class='ocr_par' dir='ltr' id='par_1_6' title="bbox 0 0 1193 3924">
     <span class='ocr_line' id='line_1_33' title="bbox 0 0 1193 3924; baseline 0 0"><span class='ocrx_word' id='word_1_210' title='bbox 0 0 1193 3924; x_wconf 95' lang='lat' dir='ltr'><strong> </strong></span> 
     </span>
    </p>
   </div>
  </div>
 </body>
</html>
