2376 3924
346 246 456 296 mena
475 245 524 307 111,
545 244 620 294 011.
644 244 785 294 rot-ror.
991 244 1052 308 163

74 441 158 502 inter
193 446 383 523 coagmenta
415 434 559 521 lapidum
592 456 635 498 ex
668 435 853 520 pavimento
891 436 1052 499 exstitisse

75 542 315 608 ostendebatur,

163 645 232 709 106.
268 644 389 711 Caesar
411 667 531 731 paucos
554 644 623 708 dies
646 644 678 706 in
701 641 781 706 Asia
803 651 956 724 moratus,
980 665 1054 708 cum

74 751 217 813 audisset
250 752 439 835 Pompeium
473 747 573 833 Cypri
608 749 726 829 visum,
762 748 946 810 coniectans
980 768 1054 810 eum

74 852 263 938 Aegyptum
290 855 352 917 iter
380 851 502 916 habere
531 860 662 937 propter
685 849 939 914 necessitudines
962 852 1053 933 regni

73 955 278 1041 reliquasque
317 958 385 1020 eius
423 955 482 1019 loci
520 955 775 1040 opportunitates
818 975 892 1016 cum
928 952 1054 1037 legione

72 1083 146 1142 una,
171 1081 268 1145 quam
291 1082 325 1124 se
349 1082 391 1123 ex
413 1057 581 1124 Thessalia
604 1059 693 1142 sequi
716 1059 863 1139 iusserat,
887 1065 918 1119 et
941 1055 1052 1137 altera,
1162 1122 1163 1126 ,

73 1185 171 1247 quam
194 1185 235 1226 ex
258 1162 385 1228 Achaia
400 1185 419 1226 a
435 1162 476 1244 Q.
489 1162 583 1226 Fufio
608 1160 713 1244 legato
737 1169 941 1242 evocaverat,
966 1163 1054 1245 equi-

72 1267 222 1353 tibusque
246 1283 334 1330 0000
358 1275 390 1331 01
412 1264 551 1331 navibus
579 1264 682 1348 longis
704 1263 838 1328 Rhodiis
861 1280 884 1326 x
907 1273 940 1328 01
962 1263 1053 1328 Αο10·

71 1373 142 1434 11010
180 1373 291 1455 paucis
325 1368 561 1434 Alexandriam
594 1369 752 1453 pervenit.
803 1367 842 1430 In
877 1366 926 1430 his
960 1377 1075 1434 eranta

70 1474 250 1558 legionibus
272 1473 438 1537 hominum
460 1472 547 1537 milia
568 1475 631 1538 tria
651 1489 711 1555 0ος
735 1472 849 1557 reliqui
864 1470 1052 1536 vulneribus

70 1601 113 1640 cx
136 1577 264 1663 proeliis
287 1586 320 1642 01
341 1576 451 1642 labore
473 1600 512 1642 00
534 1578 755 1664 magnitudine
771 1578 893 1641 itineris
916 1576 1053 1639 confecti

68 1684 220 1766 consequi
242 1703 306 1745 non
329 1691 508 1767 potuerant.
555 1683 620 1749 Sed
642 1681 763 1748 Caesar
793 1681 932 1746 confisus
961 1679 1074 1745 famas

69 1808 179 1849 rerum
193 1796 359 1871 gestarum
380 1786 515 1851 infirmis
537 1787 664 1851 auxiliis
687 1787 847 1872 proficisci
870 1806 937 1849 000
959 1783 1050 1849 dubi-

70 1898 208 1972 taverat,
238 1911 341 1975 aeque
365 1912 493 1955 omnem
515 1890 576 1955 sibi
598 1890 703 1956 locum
725 1899 831 1954 11111101
853 1890 921 1954 fore
944 1889 1051 1952 existi-

68 2016 169 2057 10000.
205 1993 427 2059 Alexandriae
450 1994 490 2060 de
506 1996 640 2080 Pompei
655 2003 758 2059 morte
775 1994 939 2080 cognoscit
954 2002 1074 2077 atquc«

67 2096 112 2160 ibi
134 2100 274 2182 primum
290 2120 308 2162 0
324 2099 407 2163 nave
423 2100 593 2184 egrediens
612 2086 787 2164 clamorem
800 2097 935 2161 militum
950 2095 1051 2180 cudit,

69 2223 148 2284 quos
170 2224 231 2265 rex
253 2205 286 2266 in
309 2202 425 2288 oppido
442 2203 594 2288 praesidii
609 2225 707 2268 causa
721 2201 907 2287 reliquerat,
931 2210 1051 2265 01000-

68 2325 198 2367 cursum
220 2304 263 2369 ad
286 2327 320 2369 se
342 2306 412 2369 fieri
435 2307 534 2390 videt,
558 2307 645 2392 quod
667 2307 772 2370 fasces
802 2305 1049 2369 anteferrentur.

68 2408 107 2471 In
136 2407 198 2470 hoc
226 2410 328 2472 omnis
355 2408 528 2474 multitudo
557 2412 760 2474 maiestatem
792 2410 917 2493 regiam
949 2410 1050 2472 minui

69 2509 290 2593 praedicabat.
334 2511 408 2574 Hoc
430 2512 542 2577 sedato
570 2512 710 2577 tumultu
733 2510 868 2575 crebrae
891 2513 1071 2576 continuiss

68 2613 182 2677 dicbus
205 2636 248 2678 ex
270 2636 430 2679 concursu
445 2615 657 2680 multitudinis
673 2616 902 2680 concitationes
917 2614 1050 2693 fiebant,

67 2716 312 2803 compluresque
343 2717 459 2783 milites
488 2719 583 2784 huius
612 2719 703 2784 urbis
733 2718 881 2784 omnibus
903 2718 1050 2805 partibus

67 2819 356 2886 interficiebantur.

156 2923 226 2987 107.
261 2924 388 3007 Quibus
420 2925 519 2990 rebus
553 2927 787 2992 animadversis
815 2927 957 3014 legiones
987 2928 1048 2994 sibi

65 3027 145 3091 01100
180 3051 221 3091 ex
251 3028 331 3093 Asia
366 3030 484 3095 adduci
518 3032 624 3113 iussit,
660 3053 740 3116 quas
774 3053 816 3096 ex
843 3034 1048 3119 Pompeianis

65 3130 217 3196 militibus
234 3132 425 3197 confecerat.
441 3135 523 3218 lpse
544 3136 629 3198 enim
646 3137 826 3200 necessario
846 3139 1049 3219 01001101000-

67 3233 179 3317 batur,
217 3237 273 3320 qui
301 3237 531 3322 navigantibus
558 3236 761 3304 Alexandria
788 3249 864 3305 sunt
891 3241 1049 3307 aduersis·

67 3340 137 3403 simi
153 3341 252 3404 venti.
282 3340 418 3405 Interim
433 3345 669 3407 controversias
691 3365 806 3428 regum
829 3343 871 3408 ad
894 3343 1070 3431 populuma

59 3444 248 3510 Romanum
281 3454 315 3508 et
346 3443 390 3509 ad
417 3466 468 3527 se,
502 3445 589 3530 quod
612 3455 698 3511 esset
725 3446 851 3531 consul,
885 3450 1047 3534 pertinere

62 3547 255 3627 existimans
286 3555 386 3635 atque
401 3626 405 3631 Ι
418 3568 456 3614 00
489 3552 593 3634 magis
628 3549 733 3615 officio
766 3572 825 3616 suo
862 3553 1045 3636 convenire,

844 3656 895 3704 ll*
