2376 3924
386 236 497 288 nmen
515 235 565 299 111,
586 234 661 285 err.
680 234 790 286 rs-se.
1021 232 1080 296 127

98 426 145 492 At
172 426 316 513 plerique
339 426 542 510 existimant,
574 427 601 491 si
632 428 738 492 acrius
766 426 892 510 insequi
920 423 1104 505 voluisset,³

97 531 217 596 bellum
239 552 277 594 eo
299 528 352 593 die
376 530 516 614 potuisse
539 529 641 593 finire.
670 528 770 594 Ouius
792 526 960 593 consilium
976 549 1104 612 repre-4

99 634 309 701 hendendum
344 654 407 696 non
441 630 580 696 videtur.
632 631 726 696 Ahae
759 632 845 696 enim
879 639 954 695 sunt
985 629 1082 716 legati

101 749 210 824 partes
248 747 346 823 atque
383 738 600 822 imperatoris:
643 735 725 801 alter
761 738 869 801 omnia
905 758 1004 820 agere
1041 733 1083 799 ad

102 844 351 928 praescriptum,
382 839 463 904 alter
490 838 591 904 hhere
620 838 662 904 ad
685 861 844 904 summam
874 860 983 902 rorum
1011 859 1083 901 con-

102 946 208 1010 sulere
230 944 336 1009 debet.
376 943 464 1010 Sulla
492 940 523 1029 [a
545 941 685 1009 Caesare
709 944 822 1008 castris
844 937 985 1026 relictus]
1009 940 1105 1012 libe-5

102 1050 181 1115 ratis
210 1050 275 1113 suis
302 1047 364 1111 hoc
391 1047 452 1112 fuit
480 1056 649 1112 contentus
686 1068 792 1132 neque
822 1044 941 1131 proelio
971 1043 1081 1109 decer*

103 1163 173 1216 tare
201 1150 317 1234 voluit,
351 1173 435 1236 quae
465 1172 518 1215 res
548 1159 657 1215 tamen
685 1149 822 1214 fortasse
844 1148 984 1233 aliquem
1006 1149 1084 1212 reci-

103 1266 194 1341 peret
217 1277 342 1337 casum,
371 1277 412 1318 ne
440 1256 663 1340 imperatorias
692 1252 750 1318 sihi
780 1262 889 1338 partes
911 1254 1101 1339 sumpsisse

103 1360 279 1424 videretur.
336 1359 539 1443 Pompeianis
572 1379 726 1442 magnam
758 1378 810 1421 res
844 1357 886 1420 ad
919 1365 1106 1442 receptums
1175 1382 1177 1386 ·

104 1461 328 1528 difficultatem
362 1459 527 1526 afferebat.
583 1460 668 1525 Nam
707 1481 750 1524 ex
783 1461 891 1545 iniquo
925 1462 1085 1546 progressi

105 1568 174 1630 loce
197 1567 229 1628 in
253 1586 377 1629 summo
400 1566 624 1647 constiterant;
654 1565 681 1626 si
710 1585 768 1648 per
796 1562 920 1627 declive
943 1585 1012 1627 seso
1038 1587 1107 1634 ror

104 1672 259 1754 ciperem,
282 1676 409 1732 nostros
424 1688 467 1731 cx
490 1669 655 1753 superiore
677 1669 884 1753 insequentes
906 1665 975 1731 loco
997 1689 1086 1731 vere-

104 1774 239 1855 bantur;
274 1792 380 1857 neque
415 1770 551 1837 multum
584 1771 628 1836 ad
655 1771 729 1837 solis
757 1794 907 1839 occasum
934 1775 1086 1857 temporis

105 1884 289 1963 supererat3
313 1897 370 1962 spe
393 1877 479 1941 enim
494 1874 685 1941 conficiendi
700 1877 820 1961 negotii
835 1898 936 1962 prope
958 1878 992 1940 in
1013 1898 1086 1940 noc·

105 1992 171 2046 tem
204 2004 273 2046 rem
306 1980 480 2046 duxerant.
525 1981 576 2045 lta
608 1983 790 2047 necessario
818 1990 916 2068 atque
944 2003 987 2044 ex
1009 1990 1109 2046 tem-a

106 2108 183 2171 pore
217 2093 312 2171 capto
350 2083 480 2149 consilio
517 2084 690 2170 Pompeius
728 2083 886 2150 tumulum
924 2084 1087 2170 quendam

106 2191 293 2273 occupavit,
327 2191 382 2275 qui
415 2198 542 2255 tantum
563 2188 678 2254 aberat
700 2211 720 2254 a
741 2197 850 2254 nostro
873 2188 1018 2269 castello,
1054 2196 1088 2251 ut

106 2292 206 2356 telum
228 2300 387 2359 tormento
410 2295 542 2358 missum
565 2292 653 2378 adigi
674 2315 739 2357 non
761 2300 878 2378 posset.
921 2293 994 2356 Hoc
1017 2314 1087 2355 con—

107 2396 191 2461 sedit
217 2394 286 2461 loco
314 2403 413 2481 atque
442 2418 516 2461 eum
539 2397 747 2461 communivit
776 2416 950 2480 omnesque
973 2394 1018 2459 ibi
1040 2416 1088 2459 co-

108 2504 179 2586 pias
202 2500 367 2565 continuit.

195 2600 246 2666 52.
280 2601 405 2667 Eodem
427 2611 572 2688 tempore
594 2602 721 2669 duobus
744 2610 913 2688 praeterea
936 2602 1012 2667 locis
1035 2623 1089 2687 pu-

109 2715 244 2792 gnatum
259 2715 323 2771 est:
345 2728 422 2770 nam
444 2705 537 2792 plura
560 2705 691 2773 castella
713 2707 886 2793 Pompeius
909 2707 1031 2792 pariter
1046 2705 1089 2769 di-

108 2809 278 2876 stinendae
300 2831 416 2875 manus
438 2832 536 2876 causa
557 2818 783 2897 temptaverat,
807 2832 848 2876 ne
871 2833 913 2875 ex
935 2811 1090 2896 proximis

111 2912 278 3001 praesidiis
302 2916 446 2981 succurri
468 2923 584 3001 posset.
616 2915 690 2981 Uno
713 2913 781 2997 loco
798 2915 963 2981 Volcatius
978 2913 1111 2981 Tullusa

109 3021 265 3104 impetum
298 3017 431 3104 legionis
460 3019 612 3085 sustinuit
644 3018 829 3085 cohortibus
856 3017 959 3085 tribus
993 3027 1090 3104 atque

110 3144 182 3186 eam
204 3120 273 3185 loco
296 3119 433 3206 depulit;
457 3119 558 3186 altero
573 3120 729 3187 Germani
750 3123 943 3188 munitiones
965 3129 1091 3186 nostras

110 3227 231 3311 egressi
254 3222 471 3310 compluribus
494 3223 670 3289 interfectis
684 3246 755 3291 sese
770 3225 813 3291 ad
827 3247 902 3291 suos
916 3224 1091 3291 incolumes

112 3336 313 3416 receperunt.

197 3432 248 3497 53.
287 3433 338 3498 Ita
370 3447 435 3498 nno
468 3430 521 3497 die
551 3449 587 3496 vl
609 3431 737 3518 proeliis
771 3433 879 3514 frictis,
913 3429 1016 3497 tribus
1049 3431 1091 3496 ad

111 3537 371 3623 Dyrrhachium,
406 3534 509 3603 tribus
540 3533 584 3601 ad
616 3537 824 3616 munitiones,
864 3554 937 3599 cum
977 3534 1092 3601 horum
