2376 3924
368 227 478 278 LIBER
497 227 555 289 VII,
575 228 652 280 CAP.
670 228 780 279 45-48.
999 228 1060 293 201

84 420 170 486 nihil
193 420 279 486 adeo
302 416 446 483 arduum
468 416 534 483 sibi
558 438 632 482 esse
654 418 943 501 existimaverunt,
973 418 1063 504 quod

84 546 153 589 non
175 525 302 590 virtute
318 522 477 608 consequi
492 532 642 608 possent,
665 544 774 608 neque
788 522 889 588 finem
903 524 995 609 prius
1013 546 1063 588 se·

87 626 211 713 quendi
224 625 387 710 fecerunt,
404 648 503 712 quam
518 647 612 691 muro
629 625 742 712 oppidi
758 628 931 713 portisque
948 649 1063 714 appro-

84 733 301 817 pinquarunt.
338 728 424 795 Tum
445 750 525 795 vero
549 752 593 796 ex
616 729 770 796 omnibus
793 729 886 796 urbis
909 731 1085 816 partibuse

85 843 159 900 orto
171 833 319 899 clamore
335 835 391 919 qui
408 831 542 917 longius
558 833 712 916 aberant,
729 835 902 920 repentino
919 834 1065 901 tumultu

84 938 269 1024 perterriti,
292 958 366 1002 cum
390 936 519 1002 hostem
542 938 634 1003 intra
655 947 771 1024 portas
796 960 871 1003 esse
895 939 1064 1004 existima·

84 1051 171 1125 rent,
196 1063 269 1107 sese
293 1063 337 1106 ex
358 1040 480 1127 oppido
514 1041 695 1107 eiecerunt.
719 1040 998 1108 Matresfamiliae
1023 1041 1086 1107 dec

84 1168 178 1212 muro
190 1154 320 1212 vestem
332 1154 575 1232 argentumque
589 1145 768 1212 iactabant
780 1157 814 1213 et
824 1156 961 1234 pectore
973 1145 1063 1212 nudo

84 1251 312 1336 prominentes
325 1250 436 1335 passis
449 1247 605 1315 manibus
619 1248 1064 1335 obtestabanturRomanos,

84 1363 123 1420 ut
147 1353 212 1420 sibi
233 1361 411 1439 parcerent
435 1375 510 1435 neu,
535 1353 621 1418 sicut
638 1351 777 1418 Avarici
792 1353 962 1438 fecissent,
985 1376 1064 1431 nea

86 1457 282 1524 mulieribus
289 1457 422 1544 quidem
430 1467 531 1544 atque
543 1456 731 1525 infantibus
744 1456 970 1542 abstinerent,
986 1475 1086 1523 non-⁶

85 1561 201 1627 nullae
225 1561 266 1626 de
289 1563 393 1626 muris
416 1583 476 1648 per
491 1583 610 1626 manus
628 1560 794 1626 demissae
811 1583 885 1626 sese
901 1560 1064 1627 militibus

85 1665 280 1732 tradebant.
312 1665 441 1731 Lucius
470 1664 610 1748 Fabius,
633 1666 785 1730 centurio
809 1664 953 1750 legionis
976 1683 1085 1750 v111.,⁷

87 1792 185 1856 quem
200 1772 289 1836 inter
304 1792 381 1836 suos
399 1792 436 1836 eo
454 1769 509 1835 die
525 1769 654 1836 dixisse
669 1769 853 1836 constabat
869 1771 1012 1836 excitari
1029 1793 1064 1836 se

88 1872 354 1941 Avaricensibus
366 1875 525 1960 praemiis
537 1872 915 1960 nequecommiesurum,
927 1877 1065 1961 utprius

88 1979 264 2064 quisquam
279 1999 409 2044 murum
423 1976 632 2060 ascenderet,
649 1987 719 2044 tres
733 1999 810 2044 suos
826 1987 947 2044 nactus
963 1981 1066 2045 mani-

88 2081 224 2168 pulares
248 2090 349 2169 atque
372 2082 416 2148 ab
438 2083 480 2147 iis
505 2080 700 2149 sublevatus
733 2103 864 2148 murum
897 2081 1067 2167 ascendit,

87 2184 148 2250 bos
165 2185 237 2271 ipse
252 2207 368 2251 rursus
381 2185 532 2270 singulos
545 2194 729 2271 exceptans
743 2187 778 2250 in
789 2208 921 2251 murum
934 2186 1065 2252 extulit.

191 2288 244 2355 48.
267 2289 408 2355 interim
430 2291 465 2375 ii,
489 2291 545 2377 qui
562 2288 606 2356 ad
630 2288 773 2355 alteram
795 2298 925 2376 partem
942 2289 1066 2376 oppidi,

90 2400 128 2457 ut
153 2414 254 2480 supra
279 2392 592 2477 demonstravimus,
614 2394 810 2459 munitionis
827 2414 931 2458 causa
946 2414 1066 2458 conve·

87 2506 219 2580 nerant,
242 2497 349 2582 primo
366 2495 528 2563 exaudito
544 2494 701 2579 clamore,
725 2495 804 2562 inde
820 2497 923 2561 etiam
938 2495 1066 2562 crebris

86 2601 216 2665 nuntiis
239 2601 385 2685 incitati,
414 2600 574 2687 oppidum
597 2622 618 2665 a
640 2599 800 2666 Romanis
829 2601 947 2683 teneri,
970 2623 1065 2687 prae·

86 2704 201 2770 missis
224 2702 395 2790 equitibus
417 2724 541 2788 magno
565 2724 732 2768 concursu
755 2726 793 2768 eo
809 2701 1064 2769 contenderunt.

87 2807 215 2873 Eorum
237 2808 434 2897 utquisque
456 2808 583 2893 primus
605 2816 759 2891 venerat,
786 2805 848 2872 sub
871 2829 964 2872 muro
988 2820 1089 2871 con-²

89 2910 235 2977 sistebat
260 2933 460 2999 suorumque
481 2912 704 2997 pugnantium
718 2932 891 2976 numerum
908 2909 1067 2994 augebat.

89 3013 239 3096 Quorum
254 3034 331 3084 cum
345 3033 469 3098 magna
485 3012 666 3078 multitudo
679 3015 904 3097 convenisset,
926 3023 1088 3079 matres-³

90 3116 252 3202 familiae,
277 3138 363 3204 quae
384 3116 485 3203 paulo
508 3126 589 3183 ante
603 3115 764 3182 Romanis
781 3117 823 3183 de
838 3139 932 3183 muro
947 3139 1066 3183 manus

88 3221 284 3305 tendebant,
310 3241 387 3287 suos
411 3219 576 3287 obtestari
600 3229 632 3286 et
654 3241 749 3286 more
773 3218 906 3287 Gallico
929 3242 1067 3307 passum

88 3324 251 3412 capillum
274 3332 447 3391 ostentare
474 3323 666 3411 liberosque
695 3326 730 3389 in
754 3333 969 3410 conspectum
992 3344 1066 3408 pro·

87 3429 176 3496 ferre
198 3439 391 3516 coeperunt.
413 3429 499 3496 Erat
511 3430 672 3495 Romanis
687 3452 751 3496 neo
767 3430 841 3495 loco
853 3451 916 3494 nec
928 3441 1090 3494 numero⁴

88 3550 198 3627 aequa
221 3535 409 3621 contenti03
438 3532 536 3599 simul
560 3542 594 3599 et
616 3555 717 3600 cursu
740 3542 773 3599 et
798 3533 909 3619 spatio
932 3552 1067 3618 pugnae
