2376 3924
483 264 562 317 car.
580 266 682 318 εις-88
912 344 916 352 Ι
1012 265 1076 332 283

96 459 190 523 niunt
204 455 247 522 ad
263 455 417 544 oppidum
434 455 603 521 Paradam.
628 456 694 522 Ubi
717 478 791 521 cum
814 457 856 521 ab
879 457 991 522 incolis
1013 480 1077 522 non

95 564 334 648 reciperentur,
368 560 441 625 ideo
475 560 562 645 qued
591 560 678 625 fama
707 560 748 624 de
770 563 906 624 victoria
929 558 1078 626 Caesaris

96 666 379 755 praecucurrisset,
404 666 436 727 vi
452 663 570 749 oppido
594 666 685 749 potiti
707 665 740 727 in
762 663 868 728 medio
891 663 961 728 fero
984 664 1078 748 lignis

96 771 297 837 coacervatis
313 767 525 853 omnibusque
547 768 645 833 rebus
668 790 779 833 eorum
795 771 955 855 congestis
969 771 1079 853 ignem

97 873 261 940 subiciunt
283 882 381 958 atque
404 874 472 936 eius
496 872 605 958 oppidi
628 872 749 938 incolas
772 875 927 958 cuiusque
950 875 1078 957 generis

98 978 280 1062 aetatisque
295 978 387 1041 vivos
403 978 657 1060 constrictosque
679 980 713 1039 in
736 976 902 1041 flammam
918 978 1079 1041 coniciunt

97 1091 196 1168 atque
218 1083 263 1145 ita
285 1080 494 1146 acerbissimo
517 1080 663 1144 afficiunt
678 1081 849 1166 supplicio;
873 1080 993 1146 deinde
1009 1103 1079 1167 pro-

97 1188 184 1251 tinus
220 1186 349 1252 Uticam
387 1185 589 1271 perveniunt.
641 1185 814 1270 superiore
851 1194 996 1269 tempore
1033 1187 1101 1250 Me

97 1288 193 1372 Cato,
224 1289 310 1374 quod
339 1291 372 1353 in
395 1286 603 1353 Uticensibus
631 1297 763 1372 propter
785 1287 979 1353 beneficium
1001 1288 1080 1373 legis

98 1392 198 1458 Iuliae
232 1415 348 1480 parum
381 1393 446 1456 suis
475 1389 621 1477 partibus
651 1391 803 1476 praesidii
826 1413 896 1456 esse
919 1394 1079 1456 existima-

97 1507 201 1579 verat,
225 1495 353 1583 plebem
375 1498 530 1558 inermem
554 1493 672 1579 oppido
695 1497 835 1559 eiecerat
857 1503 889 1558 et
912 1505 986 1559 ante
1009 1518 1079 1580 por·

98 1612 172 1666 tam
186 1600 335 1665 bellicam
359 1598 472 1662 castris
496 1596 646 1682 fossaque
670 1597 806 1682 parvula
830 1598 990 1662 duntaxat
1011 1620 1080 1662 mu·

98 1708 203 1770 nierat
225 1703 333 1788 ibique
356 1702 509 1767 custodiis
525 1700 731 1766 circumdatis
748 1701 895 1766 habitare
911 1712 1079 1787 coegeratt

98 1817 246 1873 senatum
262 1817 371 1871 autem
391 1806 499 1891 oppidi
512 1805 658 1870 custodia
673 1804 813 1869 tenebat.
837 1806 960 1870 Eorum
973 1817 1102 1871 castras

97 1911 131 1976 hi
165 1912 289 1995 equites
323 1910 427 1974 adorti
461 1932 650 1994 expugnare
680 1918 865 1994 coeperunt,
898 1908 970 1974 ideo
994 1910 1081 1995 quod

99 2037 154 2079 eos
177 2013 326 2078 Caesaris
349 2012 495 2098 partibus
518 2013 637 2077 favisse
667 2012 828 2094 sciebant,
859 2023 895 2077 ut
917 2017 962 2078 eis
985 2017 1080 2078 inter-

100 2119 192 2182 fectis
219 2139 331 2181 eorum
365 2117 506 2201 pernicie
537 2115 680 2180 dolerem
714 2138 808 2180 suum
841 2116 1082 2182 ulciscerentur·

98 2222 268 2287 Uticenses
303 2223 409 2284 animo
443 2220 555 2285 addito
589 2243 631 2283 ex
659 2219 808 2285 Caesaris
837 2223 972 2285 victoria
1006 2221 1103 2307 lapi-4

99 2324 195 2389 dibus
217 2324 420 2409 fustibusque
443 2326 567 2408 equites
582 2324 801 2409 reppulerunt.
826 2325 942 2409 Itaque
958 2336 1081 2410 postea-

100 2450 198 2514 quam
231 2439 338 2492 castra
371 2450 434 2492 non
470 2436 642 2512 potuerant
675 2430 785 2513 potiri,
820 2429 950 2493 Uticam
984 2452 1018 2494 sc
1049 2433 1082 2494 in

100 2532 253 2617 oppidum
276 2534 482 2596 coniecerunt
497 2541 594 2616 atque
610 2531 655 2595 ibi
670 2531 786 2596 multos
801 2533 972 2597 Uticenses
987 2534 1081 2598 inter-

98 2635 246 2701 fecerunt
268 2636 444 2721 domosque
468 2659 580 2700 corum
602 2646 874 2722 expugnaverunt
903 2660 942 2702 ac
965 2636 1083 2722 diripu·

99 2750 203 2803 erunt.
250 2739 377 2822 Quibus
407 2762 480 2804 cum
503 2738 584 2803 Cato
613 2740 809 2824 persuadere
840 2739 927 2803 nulla
958 2743 1103 2804 rationes

100 2845 220 2927 quiret,
251 2852 287 2906 ut
309 2863 419 2907 seeum
443 2841 596 2927 oppidum
620 2841 835 2906 defenderent
857 2852 889 2906 et
911 2843 1011 2907 caede
1034 2867 1082 2906 ra-

100 2947 247 3031 pinisque
276 2945 483 3027 desisterent,
518 2955 550 3009 et
579 2944 657 3030 quid
680 2945 741 3010 sibi
764 2946 885 3011 vellent
906 2949 1012 3027 sciret,
1037 2969 1082 3010 se-

99 3049 227 3114 dandae
251 3071 361 3114 eorum
378 3052 628 3134 importunitatis
650 3052 756 3134 gratia
779 3051 912 3134 singulis
929 3066 949 3116 c
964 3050 1081 3114 divisit.

99 3153 192 3217 Idem
215 3154 305 3220 Sulla
328 3155 468 3218 Faustus
491 3155 567 3218 fecit
582 3177 621 3218 ac
644 3153 685 3218 de
709 3176 767 3218 sua
790 3158 926 3239 pecunia
948 3156 1082 3238 largitus

100 3266 149 3320 est
174 3279 305 3343 unaque
334 3278 408 3321 cum
438 3259 476 3321 iis
506 3256 548 3320 ab
571 3258 669 3322 Utica
691 3258 906 3344 proficiscitur
928 3266 1026 3342 atque
1048 3259 1081 3320 in

99 3381 236 3445 regnum
259 3364 306 3424 ire
329 3360 476 3424 intendit.

187 3463 237 3528 88.
273 3463 462 3550 Complures
485 3467 613 3530 interim
636 3487 678 3528 ex
706 3465 784 3548 fuga
806 3464 937 3528 Uticam
972 3486 1083 3549 perve-

99 3569 200 3632 niunt.
247 3568 337 3648 Quos
361 3588 472 3632 omnes
493 3565 573 3631 Cato
597 3574 789 3630 convocatos
819 3586 981 3631 unacum
1005 3583 1083 3649 CCC,
