2376 3924
378 223 489 275 muna
507 224 565 287 vu,
587 224 663 278 cnr.
677 227 751 276 1-4.
996 227 1057 292 173

75 422 111 484 in
133 414 258 484 finibus
282 415 512 482 Arvernorum
539 416 658 482 audita
675 426 763 502 sunt,
793 418 883 504 quod
911 419 1057 504 spatium

76 533 130 589 est
152 522 283 587 milium
304 542 466 606 passuum
489 522 627 587 circiter
649 529 783 587 centum
806 539 862 585 nx.

164 613 200 690 4}
212 623 321 690 Simili
333 626 465 691 ratione
479 625 526 691 ibi
534 625 806 710 Vercingetorix,
819 623 947 692 Celtilli
957 625 1058 709 filius,

77 730 262 812 Arvernus,
279 750 426 794 summae
441 730 613 814 potentiae
625 728 837 813 adulescens,
854 731 948 796 cuius
961 738 1060 816 pater

78 836 307 920 principatum
331 829 467 897 Calliae
495 833 601 898 totius
631 831 825 898 obtinuerat
857 842 889 898 et
919 833 1058 898 obeam

79 961 228 1021 causam,
253 936 342 1024 quod
365 957 506 1021 regnum
529 937 723 1023 appetebat,
753 937 797 1003 ab
820 939 961 1003 civitate
985 946 1057 1003 erat

80 1043 289 1126 interfectus,
303 1043 500 1108 convocatis
514 1043 584 1107 suis
596 1039 779 1108 clientibus
787 1041 1057 1109 facileincendit.

80 1145 226 1230 Cognito
250 1147 321 1211 eius
335 1145 479 1212 consilio
503 1145 549 1211 ad
571 1168 666 1211 arma
689 1148 909 1213 concurritur.
943 1147 1093 1213 Probi-²

79 1249 178 1316 betur
199 1247 495 1332 aGobannitione,
516 1259 636 1335 patruo
660 1272 730 1334 suo,
749 1249 953 1338 reliquisque
968 1253 1058 1338 prin·

81 1354 223 1440 cipibus,
248 1355 305 1439 qui
320 1354 408 1420 hanc
424 1354 658 1440 temptandam
673 1353 843 1420 fortunam
858 1376 926 1419 non
943 1357 1058 1421 existi-

80 1456 238 1541 mabant3
255 1456 438 1544 expellitur
450 1480 493 1522 ex
505 1457 628 1543 oppido
642 1455 829 1542 Gergovia3
846 1480 912 1523 non
927 1458 1058 1524 destitit
1079 1471 1092 1511 ³

81 1571 196 1628 tamen
219 1570 322 1648 atque
344 1563 379 1626 in
402 1563 495 1644 agris
512 1560 616 1626 habet
633 1560 800 1626 delectum
825 1562 995 1644 egentium
1018 1584 1059 1627 ac

82 1664 302 1750 perditorum.
346 1665 422 1730 Hac
446 1674 568 1730 coacta
590 1686 701 1748 manu,
730 1685 956 1750 quoscumque
987 1664 1059 1730 adit
1081 1681 1094 1719 4

84 1792 128 1834 ex
144 1769 294 1846 civitate,
310 1769 355 1835 ad
371 1791 466 1834 suam
483 1770 685 1834 sententiam
700 1768 872 1854 perducit3
894 1769 1059 1853 hortatur,

85 1881 121 1938 ut
135 1873 317 1939 communis
333 1872 504 1940 libertatis
517 1895 621 1939 causa
637 1896 731 1939 arma
747 1876 896 1961 capiant,
911 1875 1060 1958 magnis·

84 1998 148 2063 que
171 1978 300 2042 coactis
315 1977 422 2063 copiis
440 1976 655 2042 adversarios
673 1999 762 2061 suos,
787 1976 943 2062 aquibus
959 1976 1060 2063 paulo

84 2090 163 2147 ante
187 2090 258 2146 erat
281 2081 421 2165 eiectus,
445 2080 585 2168 expellit
607 2103 651 2146 ex
666 2082 817 2148 civitate.
839 2083 914 2147 Rex
930 2080 973 2147 ab
991 2083 1060 2146 suis
1083 2101 1096 2143 s

84 2183 284 2272 appellatur.
313 2185 465 2252 Dimittit
486 2207 751 2272 quoquoversus
775 2186 981 2270 legationes3
1005 2186 1060 2251 ob·

84 2298 241 2376 testatur,
264 2299 303 2355 ut
318 2291 353 2354 in
368 2288 436 2355 fide
449 2298 619 2354 maneant.
644 2287 809 2354 Celeriter
823 2289 886 2354 sibi
900 2288 1061 2374 Senones,
1083 2310 1095 2348 o

83 2394 249 2475 Parisios,
277 2393 452 2476 Pictones,
475 2391 667 2477 Cadurcos,
695 2392 862 2476 Turonos,
886 2391 1061 2475 Aulercos,

83 2496 294 2580 Lemovices,
310 2494 428 2562 Andos
449 2495 663 2582 reliquosque
680 2518 804 2580 omnes,
822 2497 877 2582 qui
890 2495 1064 2562 Oceanum

85 2601 272 2683 attingunt,
295 2599 469 2684 adiungit:
493 2602 639 2667 omnium
655 2622 823 2665 consensu
847 2599 892 2664 ad
915 2622 990 2664 eum
1007 2599 1062 2664 de·

84 2704 392 2790 ferturimperium.
417 2702 492 2784 Qua
508 2703 624 2771 oblata
639 2712 808 2790 potestate
832 2703 985 2769 omnibus
1009 2703 1062 2768 his
1085 2725 1096 2764 r

84 2807 284 2874 civitatibus
293 2806 590 2896 obsidesimperat,
602 2818 909 2874 certumnumerum
918 2808 1064 2874 militum

87 2911 132 2979 ad
155 2934 192 2978 se
220 2911 375 2978 celeriter
404 2911 531 2977 adduci
559 2912 668 2996 iubet,
703 2933 871 2978 armorum
900 2921 1097 2998 quantume

85 3037 239 3103 quaeque
254 3017 378 3082 civitas
396 3015 485 3081 domi
501 3015 657 3102 quodque
681 3025 760 3080 ante
775 3024 906 3102 tempus
927 3016 1063 3099 efficiat,

85 3121 280 3204 constituit3
304 3120 467 3206 imprimis
482 3123 647 3207 equitatui
664 3120 787 3187 studet.
817 3118 973 3186 Summae
989 3119 1062 3185 dili·
1085 3142 1098 3182 c

85 3226 224 3311 gentiae
240 3247 403 3292 summam
419 3225 549 3313 imperii
567 3227 781 3291 severitatem
798 3223 911 3308 addit3
932 3225 1062 3307 magni·

84 3329 204 3395 tudine
221 3328 377 3415 supplicii
394 3328 589 3396 dubitantes
606 3331 708 3414 cogit.
731 3330 817 3394 Nam
834 3330 959 3394 maiore
975 3349 1061 3392 com·
1073 3351 1098 3390 10

85 3434 189 3500 misso
207 3432 330 3499 delicto
354 3433 426 3518 igni
449 3443 551 3519 atque
575 3434 729 3500 omnibus
751 3433 928 3498 tormentis
951 3441 1064 3516 necat,

86 3535 215 3605 leviore
226 3538 268 3604 de
280 3556 386 3602 causa
400 3535 538 3603 auribus
549 3536 694 3603 desectis
706 3545 764 3603 aut
778 3535 921 3620 singulis
935 3535 1063 3602 effossis
