2376 3924
227 266 229 271 -
267 289 268 292 ,
322 248 434 297 LIBER
451 247 500 311 111,
519 247 596 298 om.
617 248 760 298 110-112.
987 245 1046 310 167

66 441 269 503 contentione
292 446 410 521 actum,
440 447 563 524 quanta
585 440 639 522 agi
661 435 783 521 debuit,
808 457 882 502 cum
902 437 947 502 illi
970 437 1049 504 eele-

66 566 136 607 rem
158 545 191 607 in
215 566 253 606 ea
275 564 311 606 re
333 543 517 624 victoriam,
546 541 580 605 hi
602 540 739 607 salutem
761 562 854 606 suam
876 543 1050 609 consistere

66 647 223 711 viderent.
241 646 306 713 Sed
317 668 387 710 rem
403 645 540 711 obtinuit
551 643 673 710 Caesar
689 665 864 730 omnesque
880 667 935 709 eas
950 667 1072 711 naves-a

68 760 100 815 et
121 750 277 835 reliquas,
308 772 391 835 quae
414 758 507 814 erant
524 751 558 814 in
580 747 764 831 navalibus,
787 747 940 831 incendit,
964 749 1051 833 quod

67 863 134 918 tam
156 854 220 918 late
242 856 326 918 tueri
348 876 451 940 parva
465 873 565 918 manu
579 873 644 917 non
659 861 795 938 poterat,
819 851 1051 938 confestimque

67 957 109 1020 ad
133 957 277 1022 Pharum
299 956 438 1022 navibus
461 958 577 1022 milites
600 959 758 1043 exposuit.

156 1061 225 1125 112.
260 1061 387 1125 Pharus
416 1070 465 1125 est
493 1063 526 1125 in
554 1060 660 1127 insula
688 1063 786 1126 turris
807 1081 928 1146 magna
949 1061 1052 1128 altitu-

68 1165 158 1245 dine,
188 1165 330 1229 mirificis
360 1164 510 1251 operibus
539 1174 720 1250 exstructa3
753 1187 836 1250 quae
864 1187 982 1230 nomen
1009 1166 1051 1232 ab

67 1270 171 1352 insula
203 1272 337 1355 accepit.
393 1269 486 1334 Haec
524 1267 627 1333 insula
665 1268 791 1334 obiecta
831 1267 1072 1336 Alexandriaer

68 1383 196 1458 portum
219 1374 332 1455 efficit3
363 1372 420 1436 sed
443 1395 463 1436 a
485 1371 702 1458 superioribus
725 1371 910 1456 regionibus
932 1376 966 1438 in
987 1372 1052 1438 lon-

68 1477 247 1562 gitudinem
272 1474 439 1563 ‘passuum
478 1492 566 1540 neoc
596 1479 629 1540 in
662 1497 752 1541 mare
791 1477 883 1541 iactis
916 1473 1053 1542 molibus

68 1591 205 1664 angusto
238 1582 352 1645 itinere
385 1589 421 1645 ut
453 1589 550 1666 ponte
584 1601 657 1646 cum
690 1579 808 1666 oppido
838 1581 1051 1665 coniungitur.

68 1684 107 1746 In
134 1683 196 1747 hac
225 1692 299 1747 sunt
326 1683 430 1748 insula
452 1681 612 1749 domicilia
634 1682 872 1770 Aegyptiorum
900 1692 933 1747 ct
960 1686 1074 1750 vicusa

69 1787 178 1872 oppidi
200 1788 439 1872 magnitudine3
463 1810 527 1874 quo
549 1788 606 1854 ubi
629 1809 852 1874 quaecumque
875 1808 976 1853 naves
997 1790 1070 1853 im·⁴

69 1891 240 1975 prudentia
270 1901 327 1958 aut
354 1900 546 1979 tempestate
575 1891 708 1979 paulum
737 1913 795 1960 suo
825 1912 922 1957 cursu
944 1891 1052 1958 deces-

69 2004 189 2078 serunt,
223 1995 282 2060 has
316 2017 405 2060 more
438 1995 640 2082 praedonum
673 1995 814 2081 diripere
847 2006 1051 2063 consuerunt.

69 2098 112 2160 Iis
135 2107 244 2163 autem
266 2101 389 2183 invitis,
419 2123 439 2164 a
462 2099 579 2186 quibus
602 2100 729 2165 Pharus
751 2109 889 2185 tenetur,
913 2123 978 2166 non
1000 2123 1077 2187 por

68 2210 132 2265 test
147 2224 216 2266 esse
232 2213 363 2289 propter
375 2205 541 2288 angustias
552 2203 691 2270 navibus
706 2206 854 2270 introitus
866 2207 899 2269 in
915 2213 1052 2290 portum.

69 2305 142 2369 Hoc
169 2314 239 2370 tum
266 2309 390 2371 veritus
419 2304 554 2390 Caesar,
588 2306 733 2372 hostibus
759 2309 794 2371 in
823 2328 933 2393 pugna
963 2328 1075 2372 occu-s

69 2411 163 2496 patis‚
186 2408 340 2474 militibus
356 2411 510 2496 expositis
524 2410 669 2476 Pharum
692 2410 865 2496 prehendit
887 2418 985 2496 atque
1008 2410 1053 2476 ibi

70 2514 268 2598 praesidium
297 2516 411 2599 posuit.
458 2513 585 2596 Quibus
608 2523 658 2579 est
685 2513 783 2579 rebus
812 2514 977 2598 effectum,
1008 2516 1076 2579 utio

71 2625 140 2681 tuto
163 2618 363 2682 frumentum
384 2618 569 2703 auxihaque
599 2616 737 2682 navibus
761 2616 804 2682 ad
827 2638 901 2682 eum
923 2638 1055 2704 suppor-

61 2723 133 2803 tari
148 2731 287 2806 possent.
317 2722 449 2786 Dimisit
471 2722 558 2786 enim
580 2722 702 2786 circum
725 2741 835 2785 omnes
857 2722 1056 2806 propinquas

70 2827 252 2909 provincias
269 2834 366 2910 atque
381 2824 457 2890 inde
472 2824 593 2890 auxiha
609 2825 766 2889 evocavit.
789 2824 933 2910 Reliquis
946 2823 1077 2910 oppidi⁷

70 2928 216 3015 partibus
239 2931 284 2994 sic
306 2939 355 2995 est
376 2937 565 3016 pugnaturn,
589 2936 625 2992 ut
647 2948 750 3012 aequo
773 2928 892 3013 proelio
916 2926 1057 2993 discede·

70 3042 160 3098 retur
194 3042 226 3097 et
254 3034 359 3098 neutri
388 3032 584 3119 pellerentur
613 3028 662 3118 (id
692 3029 855 3096 efficiebat
887 3034 1056 3117 angustiae

71 3135 163 3223 loci),
199 3138 374 3222 paucisque
412 3138 574 3221 utrimque
613 3135 789 3201 interfectis
827 3133 949 3200 Caesar
986 3135 1057 3200 loca

71 3242 213 3304 maxime
237 3241 420 3305 necessaria
435 3237 622 3324 complexus
637 3247 735 3303 noctu
750 3241 942 3325 praemunit.
966 3239 1007 3303 In
1019 3260 1056 3303 eo

70 3354 178 3408 tractu
194 3343 302 3430 oppidi
318 3364 394 3429 pars
406 3350 477 3407 erat
488 3343 598 3427 regiae
613 3343 743 3427 exigua,
758 3343 903 3426 inquam
917 3343 986 3427 ipse
1001 3341 1079 3406 hrt-⁸

61 3431 195 3512 bitandi
223 3468 322 3511 causa
350 3448 445 3511 initio
462 3454 533 3510 erat
554 3444 714 3529 inductus,
743 3454 777 3510 et
797 3444 962 3513 theatrum
984 3467 1058 3510 con·

68 3552 216 3617 iunctum
231 3549 341 3615 domui
364 3546 474 3636 [quod]
497 3551 581 3616 arcis
602 3549 736 3615 tenebat
756 3549 862 3613 locum
887 3548 1058 3634 aditusque
