2376 3924
132 217 194 284 140
433 177 624 270 nn'nunno
643 216 802 270 oannrco

131 409 279 492 cognita,
303 429 403 494 quam
426 408 460 472 in
484 405 625 472 concilio
649 405 826 489 habuerat,
848 407 986 471 nuutios
1001 408 1108 471 mittit

131 511 176 576 ad
198 511 358 577 finitimas
382 511 541 576 civitates
565 511 761 596 equitesque
789 506 939 594 undique
968 518 1109 593 evocat,

110 613 183 681 this
207 624 335 682 certum
359 614 447 681 diem
468 614 693 680 conveniendi
716 613 809 679 dicit.
843 612 983 678 Interim
1005 633 1110 697 prope

132 719 257 785 cotidie
273 741 348 784 cum
364 719 453 784 omni
471 719 623 805 equitatu
638 716 889 783 Indutiomarus
906 714 968 780 sub
985 717 1109 782 castris

132 825 203 888 eius
227 821 430 907 vagabatur,
463 820 550 888 alias
572 831 610 886 ut
641 821 739 886 situm
768 830 957 887 castrorum
986 839 1110 904 cogno·

133 936 253 1011 sceret,
299 924 386 991 alias
424 923 637 1012 colloquendi
675 934 733 990 aut
771 921 951 991 territandi
989 943 1111 1006 causa3

133 1032 261 1116 equites
290 1027 484 1116 plerumque
508 1049 622 1092 omnes
651 1026 721 1093 tela
749 1029 839 1093 intra
861 1025 989 1093 vallum
1019 1028 1110 1091 coni·

110 1133 279 1200 «ciebant.
302 1130 475 1197 Labienus
488 1152 567 1196 suos
580 1133 670 1196 intra
682 1131 901 1196 munitionem
913 1128 1111 1195 continebat

133 1237 329 1323 timorisque
346 1236 547 1322 opinionem,
571 1234 834 1322 quibuscumque
850 1244 984 1321 poterat
1001 1233 1111 1316 rebus,

133 1340 292 1425 augebat.

236 1443 288 1510 58.
312 1442 396 1509 Cum
413 1445 539 1509 maiore
555 1445 589 1508 in
608 1442 680 1508 dies
697 1444 946 1530 contemptione
961 1440 1111 1507 Indutio-

133 1570 246 1614 marus
270 1548 315 1614 ad
338 1556 455 1614 castra
478 1546 667 1631 accederet,
696 1554 795 1612 nocte
818 1567 886 1611 una
908 1546 1112 1611 intromissis

135 1651 301 1736 equitibus
315 1653 461 1717 omnium
472 1652 691 1717 finitimarum
703 1650 892 1734 civitatum,
905 1669 987 1735 quos
1000 1670 1112 1714 arces-

135 1754 256 1821 sendos
270 1765 461 1840 curaverat,
477 1765 575 1821 tanta
589 1753 769 1838 diligentia
782 1775 896 1818 omnes
910 1775 988 1818 suos
1001 1760 1112 1818 custo-

138 1859 203 1925 diis
228 1862 318 1927 intra
341 1869 456 1925 castra
473 1859 652 1943 continuit,
675 1857 829 1925 utnulla
852 1859 985 1923 ratione
1001 1879 1042 1922 ca
1058 1880 1112 1921 res

114 1966 306 2030 renuntiari
331 1972 389 2030 aut
414 1964 459 2030 ad
473 1963 640 2029 Treveros
662 1963 802 2050 perferri
826 1970 950 2049 posset.
974 1960 1113 2028 Interim

137 2091 177 2133 ex
202 2067 445 2135 consuetudine
468 2067 642 2134 cotidiana
657 2065 908 2132 Indutiomarus
931 2063 976 2130 ad
998 2074 1114 2132 castra

137 2171 272 2238 accedit
296 2180 398 2258 atque
421 2171 467 2237 ibi
491 2191 649 2256 magnam
671 2178 802 2258 partem
830 2168 897 2234 diei
926 2169 1113 2253 consumit3

138 2278 268 2363 equites
295 2275 366 2342 tela
389 2277 562 2341 coniciunt
592 2286 627 2341 et
653 2294 777 2358 magna
806 2295 882 2366 cum
910 2271 1115 2340 contumelia

116 2380 315 2446 averborum
344 2388 478 2444 nostros
503 2378 548 2445 ad
575 2399 725 2466 pugnam
749 2387 903 2443 evocant.
947 2376 1047 2443 Nullo
1071 2375 1115 2441 ab

138 2486 264 2549 nostris
280 2483 360 2550 dato
384 2504 556 2571 responso,
579 2481 636 2549 ubi
654 2484 762 2548 visum
781 2490 843 2565 est,
860 2480 923 2549 sub
938 2501 1115 2567 vesperum

115 2587 283 2674 ‹dispersi
312 2609 352 2653 ac
378 2586 535 2673 dissipati
566 2586 755 2652 discedunt.
802 2585 920 2653 Subito
943 2584 1116 2651 Labienus

140 2688 269 2756 duabus
293 2691 398 2776 portis
422 2711 552 2755 omnem
575 2690 762 2775 equitatum
787 2689 928 2771 emittit3
949 2688 1116 2775 praecipit
1165 2764 1168 2770 ,

138 2803 239 2879 atque
256 2793 440 2876 interdicit,
456 2793 646 2879 proterritis
662 2791 817 2859 hostibus
834 2802 935 2879 atque
950 2794 985 2858 in
1000 2791 1118 2876 fugam

139 2898 302 2962 coniectis
334 2896 437 2984 (quod
459 2897 540 2981 fore,
565 2899 653 2963 siout
676 2896 815 2981 accidit,
839 2895 992 2977 videbat)
1015 2917 1117 2961 unum

139 3022 253 3065 omnes
269 3009 423 3085 peterent
439 3000 718 3084 indutiomarum,
740 3023 806 3066 neu
822 3001 896 3087 quis
912 3020 1008 3088 quem
1024 3000 1117 3086 prius

139 3102 302 3186 vulneret,
319 3125 418 3190 quam
433 3102 528 3170 illum
547 3105 760 3170 interfectum
772 3104 906 3190 viderit,
923 3102 1013 3191 quod
1024 3124 1119 3169 mora

139 3207 343 3294 reliquorum
360 3209 506 3293 spatium
529 3216 667 3274 nactum
691 3207 784 3274 illum
801 3207 947 3292 effugere
962 3205 1119 3292 nolebat;

120 3327 265 3394 omagna
287 3312 443 3397 proponit
467 3312 519 3394 iis,
544 3312 600 3397 qui
625 3311 822 3394 occiderint,
845 3312 1012 3398 praemia3
1042 3309 1118 3377 sub·

120 3415 246 3480 omittit
268 3412 425 3481 cohortes
449 3414 619 3502 equitibus
643 3413 805 3481 subsidio.
834 3412 1040 3502 Comprobat
1061 3414 1118 3480 ho-

143 3518 243 3582 minis
260 3515 439 3584 consilinm
460 3517 609 3603 fortuna,
633 3527 758 3585 etcum
780 3540 882 3586 unum
898 3540 1012 3586 omnes
1028 3527 1120 3606 pete·
