2376 3924
119 248 160 311 (3ss
442 246 493 295 nn
515 245 636 296 sunno
656 228 780 295 c1vm1'

206 436 254 499 11.
290 435 363 516 Quo
390 433 475 498 malo
503 437 665 520 perterriti
698 433 804 498 subito
834 433 988 518 oppidani
1016 455 1104 499 saxa

117 561 216 630 qnam
243 539 387 602 maxima
414 545 548 622 possunt
574 534 722 601 vectibus
755 545 948 621 promovent
975 539 1104 622 praeci·

116 645 283 727 pitataque
304 662 397 705 muro
425 643 459 704 in
481 639 662 704 musculum
685 638 871 704 devolvunt.
916 639 1025 703 Ictum
1046 640 1103 704 fir-

116 749 211 810 mitas
233 747 388 809 materiae
416 745 566 826 sustinet,
596 752 629 806 et
657 743 812 829 quicquid
834 741 947 807 incidit
967 742 1103 830 fastigio

95 847 252 914 amusculi
279 846 426 911 elabitur.
471 846 511 911 Id
533 845 589 910 ubi
612 846 733 929 vident,
762 855 890 910 mutant
912 846 1103 913 consilinm:

116 974 216 1038 cupas
245 950 343 1016 taeda
372 973 411 1015 ac
439 952 510 1035 pice
538 949 676 1014 refertas
704 949 882 1014 incendunt
910 970 1033 1036 easque
1058 951 1103 1017 de

116 1079 207 1120 muro
237 1058 269 1119 in
299 1054 479 1119 musculum
508 1053 694 1119 devolvumt.
740 1053 909 1118 Involutae
931 1051 1103 1138 labuntur,

116 1159 267 1244 delapsae
296 1157 338 1221 ab
366 1154 521 1221 lateribus
547 1156 701 1241 longuriis
735 1157 899 1242 furcisque
926 1155 969 1221 ab
998 1180 1103 1244 opere

94 1269 332 1328 aremoventur.
376 1259 512 1324 Interim
534 1259 594 1324 sub
625 1259 769 1324 musculo
802 1259 920 1325 milites
947 1260 1104 1328 vectibus

115 1366 226 1430 infima
248 1386 330 1428 saxa
351 1365 450 1427 turris
472 1362 622 1445 hostium,
646 1360 764 1447 quibus
787 1362 1000 1428 fundamenta
1024 1386 1103 1430 con-

114 1469 315 1550 tinebantur,
346 1465 537 1531 convellunt.
582 1466 749 1531 Museulus
776 1489 820 1531 ex
847 1469 929 1531 turri
950 1466 1102 1535 latericia

115 1597 134 1638 a
162 1574 278 1638 nostris
306 1572 376 1637 telis
409 1572 641 1656 tormentisque
675 1569 876 1655 defenditur,
911 1570 1021 1638 hostes
1054 1595 1103 1639 ex

114 1699 206 1741 muro
235 1700 273 1741 ac
302 1675 445 1741 turribus
473 1673 706 1741 submoventur
729 1671 845 1760 [:non
874 1674 971 1740 datur
992 1675 1103 1743 libera

93 1782 198 1844 «muri
231 1779 427 1844 defendendi
460 1775 617 1864 facultasl.
663 1776 892 1864 Compluribus
925 1781 992 1844 iam
1020 1779 1102 1867 lapi·

115 1882 210 1948 dibus
232 1905 342 1966 exea,
366 1904 449 1967 quae
465 1880 607 1965 suberat,
631 1883 713 1946 turri
735 1880 903 1947 subductis
925 1886 1101 1969 repentina

113 1989 207 2050 ruina
222 2009 297 2071 pars
313 1989 381 2050 eins
392 1988 490 2050 turris
502 1985 651 2069 concidit,
668 2007 743 2071 pars
755 1985 880 2072 reliqua
891 2006 1101 2072 consequens

113 2089 362 2176 procumbebat:
386 2111 459 2154 cum
481 2089 589 2154 hostes
611 2087 701 2154 urbis
724 2088 909 2174 direptione
932 2093 1101 2175 perterriti

113 2198 252 2260 inermes
281 2215 355 2259 cum
376 2193 484 2258 infulis
507 2216 541 2258 se
569 2203 663 2279 porta
685 2192 772 2258 foras
795 2195 939 2258 universi
961 2197 1100 2282 proripi·

112 2308 187 2382 unt,
221 2298 263 2363 ad
297 2298 419 2382 legatos
447 2306 545 2382 atque
575 2299 755 2362 exercitum
783 2296 944 2383 supplices
977 2319 1100 2365 manus

114 2402 260 2467 tendunt.

202 2507 251 2571 12.
287 2508 362 2589 Qua
389 2528 475 2571 nova
508 2527 544 2569 re
581 2504 689 2570 oblata
722 2506 826 2570 omnis
859 2504 1099 2573 administratio

114 2610 188 2675 belli
216 2613 374 2693 consistit,
405 2610 586 2694 militesque
616 2611 722 2673 aversi
751 2631 771 2674 a
797 2607 919 2694 proelio
952 2607 995 2672 ad
1030 2618 1098 2677 stu-

92 2713 203 2785 adium
226 2715 378 2780 audiendi
401 2723 434 2778 et
456 2712 671 2799 cognoscendi
694 2712 850 2777 feruntur.
896 2711 963 2778 Ubi
985 2711 1099 2781 hostes

114 2816 157 2881 ad
178 2816 301 2901 legatos
324 2821 567 2902 exercitumque
590 2825 819 2902 pervenerunt,
841 2817 985 2881 universi
999 2837 1035 2880 se
1051 2817 1098 2883 ad

113 2920 213 3005 pedes
246 2923 419 3005 proiciunt3
455 2929 557 3003 orant,
591 2929 627 2984 ut
660 2918 820 2983 adventus
854 2917 1004 2984 Caesaris
1038 2941 1097 2985 ax-

91 3031 291 3109 aspectetur:
328 3033 456 3109 captam
486 3046 578 3088 suam
606 3024 722 3088 urbem
742 3021 872 3088 videro:
901 3044 1000 3108 opera
1022 3044 1097 3109 per·

113 3127 214 3209 fecta,
243 3130 358 3191 turrim
385 3128 568 3212 subrutam,
603 3130 712 3213 itaque
745 3127 787 3192 ab
822 3126 1008 3193 defensione
1039 3127 1097 3193 de-
1134 3150 1145 3169 ·

114 3233 236 3296 sistere.
280 3229 411 3296 Nullam
438 3233 558 3296 exoriri
586 3253 711 3296 moram
744 3252 853 3316 posse,
882 3251 946 3316 qno
974 3231 1096 3317 minus,

114 3357 188 3398 cum
215 3336 372 3416 venisset,
394 3335 421 3399 si
449 3336 607 3419 imperata
634 3356 699 3398 non
721 3333 867 3398 facerent
894 3332 937 3398 ad
964 3341 1101 3420 nutum.

90 3460 131 3520 ⁴e
154 3440 290 3523 vestigio
318 3437 544 3524 diriperentur.
589 3438 734 3520 Docent,
769 3438 795 3500 si
829 3438 958 3501 omnino
990 3439 1096 3505 turris

113 3542 320 3628 concidisset,
357 3564 421 3608 non
450 3563 543 3628 posse
571 3539 688 3605 milites
716 3541 891 3624 contineri,
927 3541 1005 3625 qnin
1032 3562 1095 3629 spe
