2376 3924
141 228 205 293 216
446 227 496 281 nn
516 224 635 277 nanno
656 224 814 276 eanmco

119 420 358 486 sFrumentum
372 440 468 483 omne
480 417 525 482 ad
537 440 573 482 se
585 417 703 484 referri
715 416 826 500 iubet3
842 415 964 502 capitis
976 437 1119 502 poenam

118 523 192 606 riis,
206 523 261 609 qui
273 544 340 587 non
352 523 536 608 paruerint,
549 523 742 603 constituit3
757 541 870 607 pecus,
882 521 977 585 cuius
993 539 1119 603 magna

140 634 212 690 erat
225 628 322 711 copia
335 626 377 691 ab
391 625 585 690 Mandubiis
598 624 781 711 compulsa,
794 625 920 689 viritim
932 621 1119 707 distribuis

118 729 340 795 efrumentum
352 751 454 815 parce
467 738 500 794 et
511 728 675 815 paulatim
690 729 801 792 metiri
817 727 975 792 instituit.
992 723 1118 812 Copias

139 855 263 917 omnes,
292 855 375 920 quas
403 855 463 918 pro
488 832 609 918 oppido
638 831 875 915 collocaverat,
900 832 935 895 in
959 829 1118 917 oppidum

116 938 274 1023 erecepit.
290 937 354 1001 His
370 935 559 1001 rationibus
576 935 705 1001 auxilia
718 933 855 1000 Galliae
870 943 1071 1020 exspectare
1084 942 1116 998 et

135 1039 261 1106 bellum
284 1048 383 1125 parat
402 1038 650 1105 administrare.

224 1143 273 1208 72.
288 1142 418 1222 Quibus
431 1142 531 1209 rebus
544 1145 690 1228 cognitis
705 1166 747 1208 ex
758 1143 909 1229 perfugis
922 1150 955 1206 et
968 1142 1114 1227 captivis

137 1246 265 1313 Caesar
291 1246 377 1312 haec
406 1268 530 1331 genera
558 1249 754 1312 munitionis
784 1247 941 1312 instituit.
970 1246 1115 1312 Fossam

135 1351 257 1437 pedum
273 1352 396 1435 viginti
410 1351 547 1417 directis
565 1350 728 1416 lateribus
743 1350 850 1432 duxit,
867 1360 904 1416 ut
914 1351 985 1415 eius
1001 1349 1114 1415 fossae

137 1454 242 1519 solum
266 1454 465 1521 tantundem
487 1463 629 1541 pateret,
653 1464 814 1539 quantum
831 1475 980 1519 summae
1002 1453 1114 1519 fossae

114 1556 232 1623 alabra
256 1558 431 1624 distarent.
455 1557 616 1644 Reliquas
641 1579 754 1622 omnes
777 1558 980 1623 munitiones
1003 1556 1049 1623 ab
1073 1580 1113 1623 ea

134 1661 225 1727 fossa
240 1661 343 1747 pedes
361 1661 627 1748 quadringentos
644 1661 790 1744 reduxit,
813 1661 849 1726 id
872 1661 936 1728 hoc
958 1660 1112 1746 consilio,

134 1767 292 1851 quoniam
301 1773 432 1829 tantum
442 1766 731 1830 essetnecessario
745 1765 891 1850 spatium
903 1764 1110 1851 complexus,

133 1890 195 1933 nec
218 1868 320 1933 facile
343 1877 449 1933 totum
471 1890 592 1955 corpus
608 1890 732 1934 corona
747 1868 891 1934 rnilitum
907 1869 1110 1954 cingeretur,

132 1995 174 2036 ne
198 1971 240 2036 de
262 1973 442 2057 improviso
467 1981 524 2038 aut
547 1982 650 2038 noctu
673 1972 719 2038 ad
740 1973 943 2038 munitiones
962 1972 1110 2039 hostium

131 2074 312 2140 multitudo
338 2075 524 2160 advolaret,
554 2086 612 2142 aut
645 2076 794 2142 interdiu
819 2075 888 2141 tela
912 2077 946 2140 in
973 2086 1109 2143 nostros

110 2181 225 2267 toperi
249 2179 436 2245 destinatos
461 2183 615 2246 conicere
637 2189 786 2266 possent.
815 2179 889 2245 Hoc
914 2180 1108 2246 intermisso

132 2285 241 2371 spatio
267 2284 351 2349 duas
374 2285 483 2350 fossas
508 2285 700 2371 quindecim
727 2283 830 2370 pedes
859 2283 959 2367 latas,
990 2282 1108 2350 eadem

130 2388 495 2475 altitudineperduxit;
508 2411 648 2476 quarum
658 2390 851 2455 interiorem
859 2388 1107 2475 campestribus

20 2514 23 2517 ·
128 2515 170 2560 ac
184 2493 338 2559 demissis
347 2492 430 2559 locis
444 2517 532 2581 aqua
542 2517 584 2559 ex
595 2493 731 2559 flumine
744 2493 900 2559 derivata
913 2491 1106 2578 complevit.

102 2596 210 2665 «Post
233 2620 290 2662 eas
314 2618 473 2681 aggerem
495 2619 535 2662 ac
552 2596 679 2662 vallum
695 2615 770 2660 xxn
785 2595 908 2682 pedum
924 2599 1125 2663 exstruxit*

124 2698 217 2766 Huic
245 2701 386 2768 loricam
415 2704 603 2788 pinnasque
631 2701 758 2767 adiecit
784 2701 971 2784 grandibus
994 2704 1105 2769 cervis

125 2805 352 2870 eminentibus
368 2804 413 2869 ad
429 2807 665 2870 commissuras
681 2803 870 2890 pluteorum
884 2813 986 2891 atque
1001 2824 1105 2890 agge·

20 2954 23 2983 5
122 2907 184 2991 ris,
208 2910 264 2995 qui
287 2931 464 2974 ascensum
486 2909 632 2973 hostium
647 2908 836 2993 tardarent,
853 2917 886 2974 et
902 2918 1014 2974 turres
1028 2918 1103 2976 toto

123 3011 460 3097 opericircumdedit,
470 3034 555 3098 quae
563 3012 665 3097 pedes
675 3011 1102 3080 Lxxxintersedistarent.

230 3114 280 3179 73.
296 3115 380 3180 Erat
394 3115 509 3180 eodem
520 3125 671 3202 tempore
682 3125 714 3180 et
727 3116 901 3182 materiari
914 3124 946 3180 et
958 3115 1103 3183 frumen·

119 3221 192 3284 tari
222 3229 254 3285 et
284 3227 400 3284 tantas
429 3221 633 3285 munitiones
661 3221 735 3285 fieri
757 3242 896 3285 necesse
920 3218 1103 3284 deminutis

115 3326 250 3389 nostris
268 3324 384 3409 copiis,
401 3345 486 3409 quae
500 3322 634 3406 longius
645 3321 689 3388 ab
702 3325 825 3389 castris
837 3320 1100 3408 progredieban-

113 3429 195 3511 tur3
220 3450 260 3492 ac
283 3449 532 3514 nonnumquam
556 3449 657 3513 opera
680 3437 798 3492 nostra
822 3424 915 3492 Galli
934 3434 1102 3512 temptare

111 3538 225 3616 atque
250 3532 457 3617 eruptionem
473 3552 516 3595 ex
540 3530 661 3616 oppido
679 3529 831 3616 pluribus
847 3531 953 3615 portis
971 3550 1101 3595 summa
