2376 3924
501 225 579 277 cAP.
597 229 707 278 26-29.
1009 225 1070 289 311

98 427 202 499 xerat,
226 417 314 503 quod
336 417 594 483 Ursaonensium
617 418 753 498 civitati,
783 416 838 496 qui
866 416 917 480 sai
939 416 1076 481 fuissent

96 522 249 601 fautores,
273 528 370 584 antea
397 518 520 584 litteras
542 521 689 601 miserat,
724 517 898 583 Caesarem
925 519 1009 584 nolle
1041 521 1075 584 in

98 624 277 689 convallem
307 623 514 698 descendere,
546 622 633 708 quod
656 625 812 687 maiorem
834 631 961 708 partem
983 645 1075 688 exer

97 731 179 792 citus
201 729 340 791 tironem
355 726 499 791 haberet.
531 726 604 790 Hae
627 725 754 791 litterae
776 725 987 790 vehementer
1001 748 1096 794 con-s

96 830 272 895 firmabant
303 840 429 895 mentes
457 829 701 916 oppidanorum.
746 830 798 894 Ita
830 829 893 893 hac
926 831 1074 915 opinione

97 935 198 998 fretus
221 941 304 998 totos
311 982 427 998 ......
435 934 545 998 facere
568 955 660 1019 posse
684 932 899 997 existimabat.
944 934 1075 998 Etenim

97 1047 129 1101 et
159 1046 276 1101 natura
305 1037 366 1101 loci
396 1035 634 1101 defendebatur
664 1045 697 1101 et
718 1038 818 1122 ipsius
843 1035 952 1122 oppidi
973 1039 1074 1101 muni-

97 1142 198 1221 tione,
232 1139 288 1204 ubi
318 1149 425 1204 castra
452 1141 634 1204 constituta.
679 1140 829 1223 Namque
852 1142 1000 1226 superius
1022 1140 1097 1206 dee

97 1246 347 1308 monstravimus
383 1242 453 1307 loca
498 1241 688 1307 excellentia
733 1242 863 1311 tumulis
909 1244 1075 1325 contineri,

97 1346 267 1411 intervallo
290 1346 438 1431 planicici
461 1346 562 1411 dividi
576 1394 714 1410 .......
729 1345 763 1410 id
786 1345 874 1431 quod
897 1368 935 1410 eo
962 1344 1076 1410 incidit

97 1458 252 1535 tempore.

183 1554 234 1618 29.
269 1554 427 1618 Planicies
455 1553 539 1617 iuter
561 1561 699 1638 utraque
723 1562 830 1617 castra
851 1552 1077 1618 intercedebat

97 1659 224 1721 circiter
246 1655 332 1720 milia
348 1676 502 1740 passuum
518 1673 549 1737 v,
572 1664 609 1719 ut
623 1654 785 1741 praesidia
799 1655 933 1740 Pompei
949 1653 1076 1719 duabus

99 1759 351 1825 defenderentur
374 1759 487 1841 rebus,
519 1759 637 1845 oppido
667 1768 700 1824 et
722 1758 841 1823 excelsi
863 1760 924 1823 loci
947 1768 1074 1824 natura.

97 1865 183 1928 Hinc
207 1863 349 1946 dirigens
372 1865 521 1948 proxima
542 1862 696 1949 planicies
720 1862 932 1948 aequabatur.
975 1862 1097 1928 Ouiuss

100 1968 272 2033 decursum
293 1967 509 2033 antecedebat
520 1969 619 2050 rivus,
636 1969 691 2053 qui
706 1966 749 2031 ad
764 1963 899 2053 [eorum]
912 1990 1077 2033 accessum

98 2095 257 2134 summam
281 2072 444 2137 efficiebat
466 2073 527 2137 loci
549 2075 767 2157 iniquitatem3
791 2094 868 2136 nam
891 2073 1025 2158 palustri
1045 2081 1078 2137 et

96 2176 291 2257 voraginoso
326 2176 391 2239 solo
426 2198 560 2238 currens
591 2184 662 2239 erat
684 2175 726 2239 ad
756 2176 916 2240 dextram.
961 2177 1097 2261 Itaqucs

96 2277 232 2357 Cacsar,
267 2298 342 2340 cum
372 2279 475 2341 aciem
503 2275 661 2340 directam
683 2277 834 2358 vidisset,
870 2301 933 2341 non
964 2277 1078 2342 habuit

97 2381 249 2462 dubium,
284 2381 363 2464 quin
395 2377 504 2442 media
534 2377 671 2463 planicie
694 2381 728 2442 in
757 2401 898 2463 aequum
921 2380 963 2444 ad
986 2380 1076 2444 dimi-

97 2485 238 2550 candum
253 2484 433 2549 adversarii
455 2481 678 2568 procederent.
710 2483 783 2546 Hoc
799 2492 870 2546 erat
884 2484 917 2547 in
933 2485 1097 2548 omniumr

98 2599 251 2675 conspect
276 2638 282 2652 .
327 2587 403 2652 Huc
437 2584 624 2667 accedebat,
659 2595 695 2650 ut
729 2586 817 2650 locus
853 2586 907 2651 illa
939 2588 1075 2672 planicie

98 2697 295 2778 aequitatem
317 2691 408 2752 claret
423 2694 452 2753 ct
468 2700 639 2755 ornaretur
655 2690 719 2754 diei
735 2690 874 2775 solisque
891 2693 1074 2775 serenitate,

96 2807 132 2860 ut
154 2798 326 2878 mirificum
349 2804 381 2859 et
404 2793 581 2879 optandum
603 2803 731 2879 tempus
754 2817 855 2879 prope
878 2793 920 2858 ab
944 2794 1004 2858 diis
1019 2797 1075 2859 im-

97 2900 287 2965 mortalibus
310 2898 388 2962 illud
411 2897 569 2962 tributum
586 2905 671 2961 esset
694 2897 736 2961 ad
760 2898 917 2982 proelium
933 2899 1074 2962 commit·

95 3004 240 3068 tendum.
286 3003 394 3067 Nostri
410 3002 532 3082 laetari,
556 2999 699 3065 nonnulli
722 3002 819 3064 etiam
841 3001 964 3083 timere,
988 3001 1097 3085 quode

95 3110 128 3171 in
151 3130 225 3171 eum
249 3106 353 3171 locum
369 3127 421 3169 res
437 3105 650 3188 fortunaeque
667 3106 809 3167 omnium
824 3103 1074 3188 deducerentur,

95 3221 148 3292 ut,
180 3209 334 3295 quicquid
356 3217 429 3293 post
450 3207 565 3271 horam
588 3228 682 3271 casus
704 3206 884 3290 tribuisset,
914 3210 948 3272 in
976 3207 1074 3272 dubio

95 3323 278 3400 poneretur.
313 3312 428 3396 Itaque
451 3313 552 3375 nostri
575 3310 617 3375 ad
641 3310 861 3376 dimicandum
883 3311 1095 3397 procedunt,s

96 3417 129 3480 id
145 3417 232 3503 quod
247 3416 452 3480 adversarios
474 3415 739 3479 existimabamus
755 3436 826 3479 csse
841 3414 996 3496 facturos3
1020 3417 1076 3498 qui

95 3529 204 3585 tamen
218 3543 239 3583 a
253 3520 430 3584 munitione
453 3516 563 3603 oppidi
586 3517 711 3603 longius
734 3539 799 3581 non
821 3515 987 3580 audebant
1004 3539 1074 3601 pro-
