2376 3924
378 227 489 278 amna
506 228 565 292 vn,
585 226 661 280 cnr.
680 226 789 278 ss-sa
1009 225 1071 291 207

96 418 276 485 scientiam
298 417 349 482 rei
378 415 536 482 militaris
560 416 703 482 adeum
733 426 784 482 cst
813 416 972 483 honorem
996 440 1071 483 evo·

96 531 204 587 catus.
228 522 263 586 Is
286 543 362 588 cum
384 521 682 587 animadvertisset
704 532 900 608 perpetuam
923 545 998 588 esse
1013 540 1094 608 ρει-4

96 625 219 711 ludem,
254 648 341 712 quae
374 626 527 692 influeret
558 627 592 691 in
622 624 812 712 Sequanam
846 635 948 712 atque
976 625 1072 691 illum

99 752 229 795 omnem
250 729 363 795 locum
386 750 589 816 magnopere
619 729 805 815 impediret,
839 729 894 794 hic
918 729 1071 794 consedit

95 843 296 920 nostrosque
318 835 466 899 transitu
488 833 664 920 prohibere
686 835 844 898 instituit.

182 936 234 1003 58.
249 937 422 1003 Labienus
434 939 540 1025 primo
553 940 670 1004 vineas
683 960 795 1023 agere,
807 938 958 1003 cratibus
972 946 1072 1024 atque

95 1063 222 1126 aggere
234 1041 393 1128 paludem
406 1040 541 1127 explere
549 1051 650 1128 atque
662 1043 727 1107 iter
737 1040 1071 1108 munireconabatur.

94 1147 279 1232 Postquam
291 1145 327 1210 id
340 1136 509 1211 difficilius
523 1147 661 1211 confieri
672 1145 922 1228 animadvertit,
937 1144 1094 1210 silentio²

95 1273 113 1314 e
130 1250 253 1315 castris
268 1251 371 1316 tertia
387 1248 506 1333 vigilia
524 1270 678 1333 egressus
696 1249 823 1332 eodem,
840 1270 903 1335 quo
919 1257 1071 1333 venerat,

95 1355 217 1419 itinere
239 1353 464 1419 Metiosedum
485 1356 650 1441 pervenit.
694 1354 736 1420 Id
758 1363 810 1419 est
833 1353 991 1439 oppidum
1014 1351 1093 1417 Sea

95 1480 221 1523 nonum
244 1459 278 1522 in
301 1457 413 1523 insula
437 1457 614 1544 Sequanae
636 1459 793 1544 positum,
816 1465 853 1522 ut
875 1457 976 1543 paulo
993 1465 1072 1521 ante

98 1561 139 1626 de
153 1560 292 1627 Lutetia
306 1561 463 1627 diximus.
478 1560 663 1647 Deprensis
678 1560 821 1626 navibus
835 1563 971 1626 circiter
981 1562 1095 1646 quin-4

96 1667 262 1750 quaginta
284 1664 505 1752 celeriterque
528 1667 717 1731 coniunctis
735 1676 837 1753 atque
853 1687 892 1730 eo
908 1663 1071 1730 militibus

96 1769 231 1834 iniectis
245 1778 277 1835 et
293 1770 342 1834 rei
358 1770 512 1834 novitate
527 1770 715 1855 perterritis
729 1769 917 1856 oppidanis,
935 1789 1074 1854 quorum

95 1892 219 1956 magna
241 1894 321 1958 pars
346 1882 420 1939 erat
442 1872 487 1938 ad
508 1871 634 1937 bellum
657 1881 811 1956 evocata,
841 1874 912 1938 sine
936 1882 1071 1938 conten-

95 1975 188 2040 tione
211 1976 333 2062 oppido
356 1977 493 2062 potitur.
515 1976 655 2041 Refecto
678 1985 790 2063 ponte,
815 1998 911 2062 quem
928 1976 1095 2062 superio-⁵

96 2078 191 2144 ribus
216 2078 333 2145 diebus
349 2079 464 2145 hostes
481 2079 704 2164 resciderunt,
721 2082 907 2146 exercitum
922 2079 1071 2145 traducit

97 2192 131 2248 et
155 2181 304 2248 seeundo
325 2183 461 2248 flumine
484 2182 529 2249 ad
544 2183 718 2257 Lutetiam
742 2184 806 2248 iter
821 2185 935 2249 facere
951 2183 1071 2268 coepit.

96 2286 224 2353 Hostes
246 2309 283 2353 re
306 2287 445 2371 cognita
469 2285 512 2353 ab
535 2288 589 2371 iis,
613 2288 670 2373 qui
692 2286 880 2351 Metiosedo
903 2286 1094 2369 fugerant,6

95 2390 271 2456 Lutetiam
304 2390 442 2456 incendi
470 2399 656 2477 pontesque
685 2391 757 2456 eius
782 2389 894 2476 oppidi
922 2389 1073 2456 rescindi

96 2493 231 2579 iubent;
254 2494 319 2581 ipsi
335 2495 528 2581 praesaepti
543 2495 668 2580 palude
684 2494 729 2560 ad
744 2495 836 2580 ripas
855 2491 1031 2579 Sequanae
1054 2516 1072 2557 e

96 2599 236 2682 regione
256 2597 416 2664 Lutetiae
439 2608 557 2664 contra
573 2598 720 2664 Labieni
742 2605 858 2663 castra
881 2596 1072 2662 considunt.

182 2699 234 2766 59.
257 2703 331 2767 Iam
345 2700 475 2769 Caesar
497 2727 517 2769 a
542 2701 714 2787 Gergovia
738 2701 937 2768 discessisse
961 2701 1073 2766 audie-

96 2806 208 2891 batur,
243 2806 310 2871 iam
341 2805 383 2872 de
405 2806 598 2873 Aeduorum
633 2806 822 2874 defectione
856 2814 891 2871 et
924 2805 1072 2871 secundo

97 2908 234 2977 Galliae
267 2919 360 2976 motu
392 2934 541 2978 rumores
575 2911 811 2995 afferebantur,
846 2908 1003 2999 Gallique
1038 2913 1072 2976 in

96 3014 274 3102 colloquiis
304 3014 524 3082 interclusum
553 3017 674 3081 itincre
698 3024 731 3081 et
753 3015 871 3099 Ligeri
893 3012 1073 3081 Caesarem

95 3121 211 3207 inopia
226 3118 384 3186 frumenti
400 3130 554 3187 coactum
576 3121 612 3184 in
633 3121 842 3206 provinciam
858 3118 1073 3184 contendisse

96 3223 352 3291 confirmabant.
368 3222 542 3290 Bellovaci
555 3233 668 3290 autem
684 3221 1095 3289 defectioneAeduoruma

96 3329 247 3413 cognita,
269 3329 327 3415 qui
342 3336 423 3395 ante
438 3337 535 3395 erant
557 3350 617 3415 per
640 3350 676 3393 se
699 3327 862 3410 infideles,
884 3347 1002 3392 manus
1018 3345 1072 3389 co·

97 3451 177 3516 gere
200 3440 302 3518 atquc
325 3439 442 3520 aperte
463 3430 590 3497 bellum
611 3453 733 3518 parare
757 3438 950 3517 coeperunt.
987 3427 1094 3493 Tumt

95 3534 271 3601 Labienus
298 3543 397 3602 tanta
423 3555 536 3601 rerum
562 3535 824 3600 commutatione
851 3531 952 3615 longe
980 3530 1074 3597 aliud
