2376 3924
120 227 181 292 120
420 227 471 280 nn
491 227 611 309 nunno
632 226 790 278 caturco

95 427 271 483 rnuerant.
295 418 383 484 Huic
400 416 527 484 Caesar
550 440 608 503 pro
633 420 702 483 eius
726 419 852 482 virtute
876 427 977 502 atque
1001 420 1033 482 in
1060 441 1097 483 se

116 521 362 604 benevolentia,
387 521 476 607 quod
491 524 527 586 in
551 520 704 587 omnibus
719 519 819 585 bellis
835 520 1000 604 singulari
1025 523 1096 586 eius

95 644 217 710 sopera
240 625 350 690 fuerat
365 646 456 708 usus,
480 625 642 689 maiorum
659 624 768 689 locum
783 625 991 691 restituerat.
1015 624 1096 689 Ter-

118 730 201 792 tium
230 730 297 793 iam
326 728 414 793 hunc
444 751 567 793 annum
591 737 790 811 regnantem
815 729 958 812 inimici,
994 730 1098 793 ctiam

116 832 230 898 multis
253 832 366 918 palam
395 855 438 896 cx
466 832 607 898 civitate
636 831 843 915 auctoribus,
873 830 970 915 [eum]
994 833 1096 896 inter·

95 937 278 1001 tfeoerunt.
302 936 462 1002 Defertur
478 960 518 1002 ea
535 959 589 1002 res
606 936 651 1001 ad
666 934 856 1004 Caesarem.
879 936 942 1002 Ille
957 938 1097 1020 veritus,

75 1091 89 1101 .
117 1040 206 1125 quod
229 1040 274 1105 ad
302 1039 413 1125 plures
444 1040 647 1127 pertinebat,
676 1063 719 1104 ne
747 1042 870 1107 civitas
895 1048 1007 1119 corum
1037 1041 1096 1104 im·

115 1143 213 1229 pulsu
238 1143 404 1228 deficeret,
441 1143 586 1210 Lucium
608 1143 771 1209 Plancum
794 1166 869 1210 cum
895 1144 1029 1228 legione
1053 1167 1097 1209 ex

116 1247 234 1329 Belgio
259 1247 416 1313 celeriter
439 1250 472 1313 in
490 1246 656 1314 Carnutes
672 1248 843 1333 proficisci
866 1248 959 1314 iubet
982 1247 1098 1335 ibique

116 1349 273 1434 hiemare,
303 1373 507 1437 quorumque
537 1373 639 1437 opera
668 1361 876 1434 cognoverat
899 1350 1097 1435 Tasgetium

93 1455 341 1539 tinterfectum,
363 1454 424 1521 hos
449 1455 705 1541 comprehensos
730 1453 775 1520 ad
798 1477 834 1520 se
857 1457 1001 1524 mittere.
1040 1456 1096 1519 In·

115 1560 213 1623 terim
237 1558 280 1624 ab
304 1559 456 1625 omnibus
486 1558 609 1644 legatis
638 1558 825 1645 quibusque
854 1559 1004 1642 legiones
1027 1567 1097 1624 tra-

117 1660 266 1747 diderat,
300 1666 425 1729 certior
456 1664 567 1730 factus
598 1672 649 1727 est
678 1665 713 1727 in
735 1662 876 1728 hiberna
898 1672 1098 1748 perventum

117 1765 293 1853 locumque
315 1767 465 1832 hibernis
489 1789 563 1833 esse
586 1769 760 1831 munitum.

202 1868 253 1933 26.
277 1870 407 1936 Diebus
431 1873 567 1936 circiter
584 1889 641 1955 xv,
665 1869 786 1956 quibus
811 1871 844 1934 in
862 1869 1003 1935 hiberna
1018 1892 1097 1936 ven·

115 1980 185 2037 tum
209 1984 270 2057 est,
295 1975 424 2040 initium
448 1976 614 2061 repentini
637 1973 799 2040 turnultus
830 1994 870 2037 ac
896 1973 1097 2039 defectionis

94 2085 225 2146 aortum
254 2086 304 2143 est
334 2077 377 2144 ab
405 2077 601 2161 Ambiorige
631 2085 666 2142 et
693 2075 895 2160 Catuvolc03
928 2077 994 2163 qui,
1022 2099 1098 2143 cum

87 2178 258 2245 ..adfines
275 2183 372 2264 regni
389 2183 439 2247 sui
457 2180 583 2247 Sabino
599 2178 786 2266 Cottaeque
801 2189 936 2267 praesto
953 2179 1099 2247 fuissent

116 2283 383 2371 frumentumque
406 2287 440 2350 in
456 2284 597 2350 hiberna
613 2284 929 2370 comportavissent‚
945 2282 1098 2349 Indutio-

114 2388 199 2452 mari
232 2387 371 2452 'Preveri
405 2389 532 2453 nuntiis
567 2388 703 2474 impulsi
733 2409 811 2453 suos
839 2389 1099 2455 concitaverunt

72 2538 81 2545 --
115 2491 292 2579 subitoque
323 2494 491 2579 oppressis
515 2491 741 2576 lignatoribus
772 2512 895 2577 magna
926 2514 1028 2558 manu
1051 2492 1098 2558 ad

92 2605 228 2662 acastra
252 2607 482 2684 oppugnatum
505 2605 680 2663 venerunt.
705 2593 788 2661 Cum
811 2595 968 2662 celeriter
989 2599 1098 2663 nostri

115 2721 208 2764 arma
232 2704 401 2787 cepissent
424 2699 616 2787 vallumque
639 2699 877 2766 ascendissent
904 2709 1007 2787 atque
1030 2721 1099 2766 una

115 2825 158 2866 cx
179 2814 277 2889 parte
293 2805 455 2891 Hispanis
473 2803 642 2890 equitibus
660 2804 791 2868 emissis
808 2804 954 2889 equestri
969 2802 1097 2889 proelio

114 2909 301 2992 superiores
325 2909 478 2988 fuissent,
515 2908 694 2994 desperata
728 2930 765 2972 ra
788 2907 902 2973 hostes
939 2927 1016 3002 suos
1052 2906 1096 2973 ab

90 3014 363 3096 aoppugnatione
385 3011 602 3078 reduxerunt.
647 3010 732 3076 Tum
763 3033 823 3076 suo
846 3032 937 3076 mora
959 3008 1097 3077 concla-

114 3125 301 3199 maverunt,
325 3117 372 3180 uti
391 3115 513 3201 aliquis
538 3137 580 3179 ex
596 3116 721 3181 nostris
745 3114 790 3179 ad
806 3112 1006 3200 colloquium
1023 3134 1095 3199 pro·

116 3215 217 3282 diret:
230 3216 355 3283 habere
368 3240 451 3301 sese,
461 3239 547 3302 quae
560 3217 601 3283 de
614 3241 650 3283 re
663 3219 830 3285 communi
839 3215 1100 3301 dicerevellcnt,

114 3318 234 3403 quibus
251 3319 351 3386 rebus
367 3322 617 3386 controversias
633 3322 738 3386 minui
751 3342 850 3406 posse
868 3328 1053 3406 sperarent.
1082 3338 1086 3345 ·

197 3422 250 3490 27.
273 3424 419 3490 Mittitur
448 3424 493 3490 ad
527 3447 583 3490 eos
606 3424 821 3511 colloquendi
852 3445 957 3491 causa
988 3420 1098 3491 Gaius

114 3525 304 3613 Arpineius,
323 3550 423 3615 eques
442 3528 624 3613 Romanus,
641 3527 819 3594 familiaris
832 3527 949 3611 Quinti
961 3525 1100 3614 Titurii,
