2376 3924
258 194 287 210 ⁹*
366 221 769 282 1111111111111-11.
991 223 1051 288 131

164 411 215 477 59.
238 414 344 477 Erant
371 412 460 509 apud
482 410 692 478 Caesarem
684 435 718 476 m
746 414 891 498 equitum
918 435 1053 490 numero

79 515 272 605 Allobroges
294 515 358 581 duc
340 504 508 635 υ1111111,
531 515 696 581 Raucillus
719 525 751 579 et
772 516 873 602 Egus,
888 516 1054 582 Adbucilli

78 619 143 702 filii,
173 622 229 705 qui
256 584 472 705 principatum
499 622 533 684 in
561 621 691 684 civitate
660 619 827 684 tmultis
855 622 948 684 annis
976 620 1054 686 obti-

79 733 208 806 nuerat,
243 723 398 809 singulari
430 725 551 789 virtute
588 724 762 807 11111111,
782 744 920 809 quorum
957 724 1055 811 ope'ra

81 825 201 909 Caesar
224 827 373 893 omnibus
395 827 527 894 Gallicis
549 827 640 892 bellis
669 830 789 915 optima
817 829 1055 915 fortissimaque

80 939 150 995 erat
177 954 264 997 usus.
309 931 370 996 His
407 931 495 997 domi
528 933 569 998 ob
603 932 662 997 has
695 955 810 998 causas
843 933 1077 1020 amplissimos2

79 1037 288 1119 magistratus
309 1035 525 1099 mandaverat
547 1044 645 1121 atque
668 1057 722 1100 eos
745 1045 839 1102 extra
862 1036 1008 1101 ordinem
1022 1039 1057 1100 in

81 1149 229 1205 senatum
256 1139 410 1224 legendos
440 1149 613 1210 curaverat
641 1163 801 1227 agrosque
829 1144 863 1205 in
885 1139 992 1217 Gallia
1014 1163 1057 1204 ex

80 1243 225 1309 hostibus
254 1253 365 1330 captos
395 1246 602 1330 praemiaque
630 1247 677 1308 rei
705 1247 910 1331 pecuniariae
937 1267 1057 1330 magna

80 1347 239 1412 tribuerat
274 1346 513 1432 locupletesque
550 1369 593 1412 ex
630 1347 799 1433 egentibus
835 1348 966 1414 fecerat.
1011 1348 1078 1412 Hic

82 1460 213 1536 propter
228 1451 382 1515 virtutem
392 1473 458 1515 non
470 1451 573 1516 solum
595 1451 682 1539 apud
700 1450 873 1518 Caesarem
888 1455 922 1516 in
936 1451 1057 1515 honore

82 1564 185 1636 erant,
217 1553 275 1618 sed
298 1555 395 1618 etiam
418 1554 505 1640 apud
533 1557 712 1621 exercitum
740 1558 807 1620 cari
836 1555 1057 1639 habebantur3

83 1656 141 1721 sed
163 1657 239 1721 freti
260 1659 401 1722 amicitia
416 1656 566 1723 Caesaris
588 1666 622 1723 et
643 1658 740 1723 stulta
755 1682 795 1725 ac
809 1658 953 1724 barbara
974 1681 1059 1723 arro·
1102 1721 1106 1730 ,

83 1763 193 1846 gantia
216 1760 292 1824 elati
314 1759 537 1847 despiciebant
551 1784 625 1828 suos
640 1763 900 1850 stipendiumque
916 1765 1061 1849 equitum

82 1863 282 1928 fraudabant
303 1873 336 1928 et
357 1864 515 1950 praedam
542 1888 670 1931 ornnem
699 1866 830 1932 domum
857 1866 1060 1932 avertebant.

84 1967 211 2050 Quibus
233 1967 279 2032 illi
300 1968 399 2034 rebus
414 1971 551 2056 permoti
565 1973 710 2035 universi
721 1969 896 2036 Caesarem
911 1971 1083 2036 adieruntr

85 2070 257 2157 palamque
280 2071 321 2136 de
344 2095 456 2137 eorum
477 2074 600 2146 iniuriis
623 2083 698 2139 sunt
720 2079 826 2160 questi
847 2074 937 2140 etad
953 2084 1061 2140 cetera

85 2175 281 2240 addiderunt
302 2173 419 2240 falsum
441 2174 484 2239 ab
506 2176 556 2240 his
579 2178 724 2262 equitum
744 2200 916 2243 numerum
932 2176 1061 2260 deferri,

86 2300 224 2364 quorum
246 2276 442 2362 stipendium
464 2288 657 2345 averterent.

172 2380 224 2444 60.
248 2377 369 2444 Caesar
391 2400 498 2465 neque
520 2390 647 2467 tempus
669 2381 748 2447 illud
771 2382 1063 2448 animadversionis

88 2507 157 2549 1111
187 2485 375 2548 existimans
404 2492 436 2548 et
463 2483 565 2549 multa
592 2487 704 2550 11111111
738 2507 849 2550 eorum
883 2484 1063 2553 concedens

86 2611 157 2653 rem
190 2596 291 2652 totam
324 2585 460 2670 distulit3
505 2587 573 2653 illos
606 2599 730 2655 secreto
764 2591 943 2676 castigavit,
978 2588 1065 2674 quod

88 2693 236 2777 quaestui
273 2693 397 2777 equites
433 2688 601 2774 haberent,
639 2693 837 2778 monuitque,
871 2702 907 2757 ut
936 2715 978 2757 11
1006 2715 1065 2758 sua

68 2797 229 2861 *amicitia
262 2797 369 2859 omnia
402 2804 631 2881 exspectarent
658 2804 692 2860 et
719 2817 762 2860 11
789 2798 971 2883 praeteritis
1000 2799 1065 2863 suis

89 2900 202 2965 officiis
225 2897 349 2984 reliqua
371 2907 549 2986 sperarent.
594 2899 751 2986 Magnam
772 2909 882 2965 tamen
910 2901 992 2966 haec
1012 2923 1086 2967 resa
1149 2949 1151 2952 a

89 3003 149 3068 illis
172 3003 382 3068 offensionem
403 3014 437 3068 et
458 3005 728 3090 contemptionem
750 3004 793 3070 ad
816 3027 926 3072 omnes
949 3005 1064 3089 attulit,

89 3108 188 3192 idque
209 3109 256 3172 ita
277 3129 348 3173 esse
371 3129 445 3173 cum
467 3129 511 3172 11
532 3106 668 3173 aliorum
701 3107 968 3174 obiectationibus
996 3119 1066 3199 tum

90 3215 188 3277 etiam
210 3234 254 3275 ex
275 3209 451 3276 domestico
473 3210 591 3276 iudicio
618 3221 717 3298 atque
744 3214 843 3278 animi
871 3214 1066 3278 conscientia

90 3313 330 3402 intellegebant.
376 3314 450 3396 Quo
472 3312 596 3400 pudore
625 3313 758 3381 adducti
780 3325 814 3380 et
834 3315 972 3382 fortasse
1000 3338 1087 3380 nona

91 3442 126 3486 se
153 3417 295 3503 liberari,
323 3417 413 3484 sed
404 3435 439 3483 nr
459 3416 563 3485 aliud
574 3427 703 3505 tempus
729 3421 892 3485 reservari
919 3417 1067 3484 arbitrati
1116 3507 1119 3512 q

18 3523 20 3527 ’
92 3523 260 3590 discedere
281 3546 304 3590 a
322 3520 418 3591 nobis
438 3531 473 3589 et
491 3544 614 3591 novam
639 3528 800 3609 temptare
828 3523 993 3589 1111111111
1012 3546 1067 3589 no-

924 3626 961 3676 ψ
