2376 3924
121 274 183 340 150
445 275 496 324 nn
514 275 634 326 nanno
654 274 767 326 civim

97 472 217 529 aretur.
261 465 313 528 Ita
346 465 414 529 sine
451 463 592 550 periculo
629 463 791 550 legionum
824 473 857 529 et
889 466 993 550 pae'ne
1028 466 1099 530 sine

118 566 251 632 vulnere
273 566 393 632 bellum
416 568 631 634 conficiemus.
676 567 715 632 Id
746 578 854 633 autem
877 567 1007 634 difficile
1030 591 1099 635 non

96 681 175 753 aest,
200 693 273 735 cum
295 681 422 737 tantum
444 674 589 758 equitatu
611 670 797 736 valeamus’.
844 672 945 739 Simul
974 671 1099 738 denun-

117 777 219 858 tiavit,
254 786 290 839 ut
313 786 421 841 essent
443 779 549 840 animo
572 778 677 861 parati
699 777 732 839 in
755 785 920 861 posterum
942 784 983 858 et,
1020 797 1099 862 quo·

116 880 204 941 niam
232 879 326 943 fieret
353 878 529 944 dimicandi
562 887 714 965 potestas,
748 887 784 943 ut
806 901 903 965 saepe
925 881 1099 964 cogitavis-

117 991 197 1064 sent,
232 1004 273 1046 ne
306 1002 368 1046 usu
401 1003 565 1068 manuque
598 981 795 1066 reliquorum
829 983 1011 1067 opinionem
1040 982 1099 1048 fal-

114 1084 225 1149 lerent.

202 1189 252 1254 87.
276 1190 374 1254 Hunc
403 1191 570 1256 Labienus
604 1192 733 1277 excepit
766 1199 807 1273 et,
842 1213 916 1256 cum
945 1188 1099 1256 Caesaris

116 1295 224 1379 copias
247 1293 438 1380 despiceret,
471 1296 605 1381 Pompei
639 1295 806 1359 consilium
839 1296 972 1360 summis
995 1293 1100 1360 laudi·

94 1397 177 1462 2bus
193 1399 331 1482 efferret,
350 1395 449 1483 ‘noli',
468 1396 595 1484 ‘inquit
619 1398 825 1481 ‘existimare
841 1398 984 1484 Pompei,
1008 1398 1099 1464 hunc

116 1524 186 1567 esse
220 1506 408 1587 exercitum,
444 1506 498 1589 qui
532 1503 672 1569 Galliam
699 1502 973 1587 Germaniamque
1008 1500 1098 1568 devi-

116 1608 204 1671 cerit.
251 1607 410 1674 Omnibus
443 1607 573 1672 interfui
606 1606 733 1692 proeliis
766 1626 872 1692 neque
904 1615 1028 1671 temere
1050 1609 1098 1672 in-

94 1713 278 1794 acognitam
300 1734 369 1776 rem
392 1714 573 1797 pronuntio.
596 1711 782 1796 Perexigua
804 1732 880 1796 pars
901 1709 984 1775 illius
1003 1731 1097 1777 exer-

115 1816 196 1877 eitus
219 1825 381 1899 superest,
418 1836 538 1899 magna
560 1836 636 1900 pars
659 1814 805 1900 deperiit,
835 1813 922 1900 quod
944 1813 1097 1881 accidere

114 1925 162 1981 tot
183 1917 311 2002 proeliis
334 1919 394 1982 fuit
416 1939 558 2000 necesse,
592 1918 709 1984 multos
738 1920 884 1984 autumni
912 1917 1097 2004 pestilentia

114 2022 147 2083 in
184 2020 279 2085 Italia
316 2023 522 2106 consumpsit,
567 2021 660 2086 multi
696 2021 828 2086 domum
865 2020 1095 2107 discesserunt,

91 2124 205 2193 rmulti
228 2134 303 2190 sunt
325 2125 426 2191 relicti
449 2128 482 2190 in
505 2128 689 2190 continenti.
728 2124 783 2190 An
805 2147 870 2191 non
893 2124 1028 2192 audistis
1052 2149 1096 2192 ex

113 2232 160 2313 iis,
184 2231 240 2314 qui
255 2252 313 2316 per
328 2251 460 2294 causam
476 2229 669 2294 valetudinis
687 2238 922 2313 remanserunt,
945 2229 1096 2296 cohortes

91 2357 184 2401 aesse
206 2335 361 2400 Brundisi
383 2335 508 2400 factas?
547 2335 619 2400 Hae
643 2336 764 2420 copiae,
788 2356 869 2419 quas
891 2333 1019 2419 videtis,
1051 2358 1096 2400 ex

113 2437 291 2504 delentibus
325 2438 441 2503 horum
476 2460 635 2503 annorum
662 2438 696 2502 in
719 2438 866 2501 citeriore
888 2435 996 2503 Gallie
1018 2447 1096 2505 sunt

112 2542 263 2625 refectae,
298 2551 331 2607 et
353 2541 498 2628 plerique
521 2550 596 2606 sunt
618 2563 660 2605 ex
683 2539 814 2605 coloniis
836 2541 1093 2627 Transpadanis.

112 2645 164 2711 Ac
185 2655 295 2711 tamen
318 2645 406 2731 quod
427 2646 489 2711 fuit
517 2645 642 2710 roboris
676 2643 803 2709 duobus
837 2643 966 2730 proeliis
988 2646 1094 2733 Dyrr

91 2749 258 2814 ohachinis
281 2751 421 2815 interiit’.
444 2750 538 2815 Haec
561 2771 635 2814 cum
658 2748 803 2832 dixisset,
830 2750 951 2814 iuravit
972 2770 1008 2815 se
1031 2752 1094 2816 nisi

112 2855 269 2918 victorem
291 2856 325 2917 in
348 2862 455 2918 castra
482 2876 547 2918 non
575 2874 784 2918 reversurum
817 2851 1034 2938 reliquosque,
1058 2863 1095 2921 ut

112 2956 199 3022 idem
220 2957 374 3039 facerent,
398 2957 544 3022 hortatus
568 2967 625 3022 est.
663 2958 737 3022 Hoc
758 2955 895 3022 laudans
917 2957 1094 3045 Pompeius

111 3060 199 3124 idem
231 3063 365 3144 iuravit3
400 3084 461 3126 nec
483 3082 562 3126 vero
585 3084 628 3126 ex
649 3061 781 3146 reliquis
814 3061 875 3126 fuit
907 3061 1094 3148 quisquam,

91 3168 168 3251 iqui
190 3167 298 3230 iurare
321 3165 493 3232 dubitaret.
539 3167 632 3232 Haec
654 3189 728 3232 eum
750 3167 838 3231 facta
866 3165 996 3231 suntin
1019 3188 1095 3232 con·

112 3269 190 3353 silio,
213 3292 332 3355 magna
355 3293 412 3356 spe
435 3281 467 3335 et
488 3270 610 3336 laetitia
644 3273 787 3336 omnium
820 3269 997 3335 discessum
1026 3280 1093 3357 est3

111 3396 150 3438 ac
172 3376 237 3438 iam
260 3376 367 3439 animo
390 3376 560 3439 victoriam
587 3375 841 3461 praecipiebant,
879 3371 968 3459 quod
991 3370 1096 3441 dere

111 3486 203 3542 tanta
225 3487 258 3543 et
280 3502 299 3543 a
322 3488 389 3544 tam
411 3479 514 3564 perito
542 3479 737 3564 imperatore
765 3477 842 3544 nihil
873 3477 996 3545 frustra
1019 3501 1096 3547 eon·

97 3580 229 3648 firmari
252 3583 437 3652 videbatur.
