2376 3924
363 228 475 279 menn
492 229 566 293 vm,
586 229 664 280 cir.
682 231 793 280 31-35.
1001 231 1061 295 251

88 421 410 488 cohortibusdivisis
423 423 513 487 trina
522 417 751 488 excelsissimo
766 421 1064 510 locooastrafecit3

90 550 110 591 a
134 525 254 612 quibus
283 524 457 611 paulatim,
492 534 654 611 quantum
687 526 805 612 copiae
838 524 1087 612 patiebantur‚2

90 630 217 696 vallum
240 630 275 694 in
298 629 413 716 oppidi
436 630 614 696 circuitum
638 629 760 696 ducere
782 629 942 694 instituit.

176 733 227 799 34.
240 733 421 816 Quodcum
434 733 743 799 animadverterent
751 732 911 820 oppidani
922 734 1068 798 miserri-

91 860 211 924 maque
226 836 365 903 Alesiae
387 839 547 902 memoria
564 836 703 902 solliciti
719 836 862 902 similem
878 858 995 903 casum
1012 835 1067 901 ob·

91 943 250 1008 sessionis
266 950 473 1025 vererentur,
490 942 702 1026 maximeque
718 963 761 1005 ex
777 939 929 1006 omnibus
945 941 1069 1006 Lucte-

91 1047 171 1131 rius,
195 1046 253 1131 qui
267 1044 423 1109 fortunae
439 1042 532 1108 illius
548 1042 735 1128 periculum
757 1044 894 1125 fecerat,
918 1053 1068 1109 moneret

91 1150 248 1216 frumenti
272 1148 437 1212 rationem
453 1169 526 1212 esse
551 1146 753 1230 habendam,
775 1149 985 1212 constituunt
1003 1169 1069 1213 om·

92 1256 184 1323 nium
207 1275 375 1319 consensu
397 1262 495 1338 parte
519 1253 566 1318 ibi
589 1252 710 1319 relicta
727 1255 899 1339 copiarum
914 1254 979 1340 ipsi
994 1275 1070 1317 oum

93 1356 260 1443 expeditis
277 1356 322 1421 ad
337 1355 586 1443 importandum
602 1357 804 1421 frumentum
819 1356 997 1442 proficisci.
1020 1356 1092 1420 Eos

92 1462 233 1528 consilio
257 1460 399 1546 probato
422 1462 576 1547 proxima
599 1469 698 1526 nocte
716 1459 844 1525 duobus
868 1458 1002 1525 milibus
1019 1482 1071 1524 ar-

93 1575 258 1632 matorum
291 1564 421 1629 relictis
455 1563 602 1650 reliquos
634 1586 678 1628 ex
707 1562 829 1648 oppido
858 1562 1013 1649 Drappes
1037 1573 1071 1629 et

93 1669 272 1737 Lucterius
289 1667 445 1733 educunt.
469 1667 515 1731 Hi
530 1688 656 1752 paucos
671 1667 742 1733 dies
758 1668 881 1732 morati
894 1689 936 1731 ex
947 1666 1092 1732 finibus⁸

94 1771 333 1855 Cadurcorum,
358 1770 415 1857 qui
437 1773 562 1857 partim
584 1794 621 1836 re
644 1771 866 1836 frumentaria
891 1769 1071 1835 sublevare

95 1900 151 1943 eos
175 1876 366 1964 cupiebant,
390 1877 514 1961 partim
536 1875 721 1962 prohibere,
745 1898 808 1961 quo
832 1876 942 1941 minus
966 1897 1072 1940 sume-

95 1990 181 2066 rent,
196 2003 263 2047 non
275 1989 441 2068 poterant,
454 2001 613 2064 magnum
628 2002 802 2046 numerum
814 1979 971 2044 frumenti
986 1999 1072 2043 com-

95 2093 227 2172 parant,
236 2106 484 2170 nonnumquam
492 2093 604 2149 autem
611 2082 882 2171 expeditionibus
898 2083 1073 2148 nocturnis

95 2187 238 2254 castella
266 2197 458 2254 nostrorum
481 2188 691 2253 adoriuntur.
737 2186 846 2268 Quam
870 2185 912 2252 ob
936 2203 1096 2251 causam*

96 2291 202 2359 Gaius
219 2291 382 2357 Caninius
405 2301 476 2359 toto
493 2292 614 2379 oppido
637 2293 840 2357 munitiones
863 2288 1075 2354 circumdare

95 2405 256 2479 moratur,
279 2419 322 2462 ne
338 2404 398 2462 aut
415 2418 497 2482 opus
514 2395 668 2461 effectum
683 2396 770 2461 tueri
793 2417 862 2460 non
884 2394 993 2480 possit
1016 2400 1075 2456 aut

96 2501 247 2588 plurimis
271 2501 306 2564 in
329 2499 412 2564 locis
436 2500 568 2564 infirma
594 2498 750 2585 disponat
774 2497 956 2585 praesidia.

183 2602 234 2668 35.
249 2603 378 2688 Magna
394 2604 492 2690 copia
507 2603 666 2669 frumenti
682 2609 878 2688 comparata
895 2599 1077 2666 considunt

96 2709 253 2795 Drappes
271 2717 305 2773 et
320 2707 503 2772 Lucterius
520 2727 587 2771 non
610 2704 744 2791 longius
762 2703 806 2770 ab
823 2703 943 2790 oppido
961 2703 1077 2769 decem

97 2810 245 2895 milibus,
267 2809 356 2876 unde
378 2810 543 2896 paulatim
557 2810 760 2875 frumentum
775 2810 810 2873 in
827 2807 985 2894 oppidum
1001 2829 1076 2893 sup·

97 2923 281 3001 portarent.
304 2914 374 2999 lpsi
390 2914 478 2979 inter
494 2935 530 2979 se
541 2913 733 2999 provincias
745 2913 953 2998 partiuntur:
968 2909 1099 2997 Drap-2

97 3041 156 3105 pos
180 3018 303 3083 castris
326 3015 496 3102 praesidio
520 3036 596 3081 cum
617 3024 716 3106 parte
738 3015 913 3101 copiarum
935 3016 1095 3098 restitit3.

98 3122 277 3188 Lucterius
308 3140 429 3202 agmen
457 3119 682 3185 iumentorum
711 3118 757 3185 ad
785 3118 943 3204 oppidum
974 3118 1078 3182 ducit.

97 3226 284 3311 Dispositis
301 3223 349 3289 ibi
364 3223 545 3308 praesidiis
569 3222 652 3288 hora
668 3223 777 3287 noctis
794 3223 930 3287 circiter
947 3220 1099 3285 decimas

101 3328 316 3395 silvestribus
340 3328 562 3414 angustisque
585 3326 764 3419 itineribus
793 3327 997 3391 frumentum
1019 3327 1077 3389 im·

100 3442 236 3519 portare
264 3434 300 3497 in
331 3429 491 3517 oppidum
519 3432 678 3497 instituit.
724 3429 873 3511 Quorum
903 3430 1101 3515 strepitumc

101 3535 223 3621 vigiles
246 3544 437 3601 castrorum
459 3556 536 3600 cum
559 3536 757 3612 sensissent,
781 3532 1078 3620 exploratoresque
