2376 3924
90 190 92 194 ¹
145 231 188 293 60
464 228 514 278 nn
532 228 653 278 sunno
674 227 787 279 murm

125 422 211 490 sSed
234 420 422 507 magnitudo
446 441 589 507 operum,
613 419 747 485 altitudo
763 421 847 484 muri
863 436 960 505 atque
976 422 1125 505 turrium,

145 525 315 590 multitudo
337 534 570 590 tormentorum
593 546 720 589 omnem
736 524 1048 590 administrationem
1063 535 1127 592 tar-

123 630 254 699 adabat.
279 628 423 694 Crebrae
446 629 544 693 etiam
565 650 623 714 per
639 625 771 691 Albicos
795 629 979 712 eruptiones
1001 628 1128 695 fiebant

144 757 186 798 ex
210 733 326 820 oppido
348 733 505 818 ignesque
528 732 641 817 aggeri
663 738 695 794 et
717 729 860 794 turribus
883 731 1125 816 inferebantur,

144 860 227 922 quae
249 836 342 903 facile
364 837 466 900 nostri
488 834 604 900 milites
619 833 820 920 repellebant
834 836 1026 920 magnisque
1040 835 1126 902 ultro

143 941 237 1005 illatis
267 939 467 1005 detrimentis
491 960 555 1021 eos,
587 939 642 1023 qui
673 940 876 1023 eruptionem
905 939 1060 1023 fecerant,
1092 943 1127 1007 in

144 1044 297 1130 oppidum
318 1041 504 1108 reiciebant.

228 1149 258 1211 3.
288 1147 424 1211 Interim
453 1147 492 1211 L.
521 1146 690 1229 Nasidius,
725 1170 744 1210 a
775 1144 832 1210 On.
862 1146 1016 1232 Pompeio
1051 1171 1127 1214 cum

142 1252 243 1316 classe
266 1252 398 1315 navium
419 1269 496 1333 xvi,
527 1251 560 1314 in
583 1248 699 1334 quibus
722 1272 845 1335 paucae
868 1259 961 1314 erant
982 1261 1126 1338 aeratae,

143 1358 181 1421 L.
205 1357 348 1420 Domitio
371 1354 690 1439 Massiliensibusque
713 1353 855 1418 subsidio
877 1356 1010 1437 missus,
1040 1356 1126 1423 freto

144 1460 269 1527 Siciliae
299 1458 504 1545 imprudente
534 1467 632 1543 atque
661 1459 847 1542 inopinante
877 1455 1017 1523 Curione
1053 1483 1125 1546 per-

122 1565 272 1628 avehitur
302 1561 508 1649 appulsisque
535 1562 722 1626 Messanam
751 1560 890 1625 navibus
920 1570 1018 1646 atque
1047 1565 1125 1629 inde

143 1679 275 1759 propter
304 1667 509 1752 repentinum
538 1674 696 1728 terrorem
726 1665 908 1749 principum
930 1687 969 1729 ae
992 1678 1125 1733 senatus

121 1772 219 1857 sfuga
241 1771 328 1835 faeta
350 1787 461 1833 navem
483 1791 527 1832 ex
553 1767 722 1832 navalibus
746 1789 858 1832 eorum
880 1767 1019 1836 deducit.
1050 1771 1126 1837 Hac

143 1875 295 1939 adiuncta
318 1873 360 1938 ad
383 1872 524 1957 reliquas
546 1894 648 1936 naves
671 1894 801 1940 cursum
816 1872 994 1937 Massiliam
1008 1897 1125 1941 versus

142 1979 268 2064 perficit
290 1978 531 2063 praemissaque
554 1975 638 2041 elam
662 1975 813 2040 navicula
835 1976 1015 2042 Domitium
1037 1979 1124 2045 Mas·

141 2083 348 2166 siliensesque
379 2081 420 2146 de
451 2102 507 2145 suo
538 2080 682 2146 adventu
713 2082 865 2146 certiores
894 2079 972 2145 facit
1001 2103 1123 2170 eosque

141 2210 337 2274 magnopere
360 2187 518 2270 hortatur,
540 2194 578 2250 ut
599 2208 713 2252 rursus
736 2209 810 2252 eum
824 2188 919 2252 Bruti
942 2186 1044 2252 classe
1067 2187 1123 2253 ad·

141 2292 215 2356 ditis
238 2293 302 2355 suis
326 2290 452 2355 auxiliis
476 2291 659 2376 confligant.

226 2398 255 2460 4.
287 2396 503 2462 Massilienses
534 2405 606 2483 post
635 2398 782 2483 superius
805 2396 1046 2463 incommodum
1068 2420 1122 2462 ve·

141 2512 226 2566 teres
256 2501 298 2566 ad
329 2500 468 2564 eundem
491 2522 662 2564 numerum
684 2523 727 2564 ex
753 2499 922 2566 navalibus
944 2499 1121 2586 productas

142 2628 241 2668 navos
275 2605 458 2667 refecerant
494 2623 683 2688 summaque
716 2603 875 2668 industria
912 2616 1122 2671 armaverant

142 2707 332 2793 (remigum,
363 2707 618 2792 gubernatorum
648 2728 767 2791 magna
794 2709 887 2793 copia
911 2705 1120 2794 suppetebat)

121 2813 393 2896 rpiscatoriasque
409 2811 596 2875 adiecerant
611 2820 708 2896 atque
724 2820 945 2895 contexerant,
961 2821 998 2876 ut
1012 2824 1121 2879 essent

143 2912 184 2975 ab
207 2914 272 2977 ictu
295 2912 431 2977 telorum
446 2915 584 2999 remiges
600 2915 676 2997 tuti;
701 2913 760 2978 has
783 2916 957 3000 sagittariis
980 2925 1119 2982 tormen-

121 3017 246 3100 rtisque
283 3017 533 3102 compleverunt.
590 3017 660 3082 Tali
696 3016 792 3082 modo
825 3020 982 3084 instructa
1015 3018 1119 3086 classe

143 3121 284 3184 omnium
307 3123 477 3204 seniorum,
508 3131 649 3187 matrum
672 3122 826 3204 familiae,
856 3123 1019 3207 virginum
1048 3146 1120 3210 pre·

142 3223 232 3288 cibus
256 3232 287 3287 et
309 3224 387 3287 fletu
411 3226 552 3308 excitati,
576 3235 722 3290 extremo
738 3235 883 3312 tempore
907 3227 1029 3292 civitati
1044 3227 1118 3294 sub

141 3331 299 3411 venirent,
330 3351 393 3393 non
424 3330 547 3392 minore
570 3331 676 3394 animo
700 3355 738 3395 ae
760 3330 889 3414 fiducia,
920 3351 1019 3416 quam
1041 3342 1118 3398 ante

119 3433 389 3516 idimicaverant,
420 3456 520 3498 naves
551 3436 779 3501 conscendunt.
830 3436 1001 3502 Oommuni
1030 3439 1119 3504 enim

139 3537 177 3600 fit
205 3538 282 3601 vitio
311 3548 464 3619 naturae,
495 3540 541 3602 uti
564 3541 656 3603 novis
679 3548 776 3625 atque
806 3540 988 3624 improvisis
1017 3538 1118 3607 rebus
