2376 3924
361 242 473 292 nrnns
490 242 537 307 m,
562 241 640 294 cnr.
658 243 752 293 s-11.
980 243 1040 308 149

64 457 201 524 sperans
226 434 392 502 barbaros
416 443 517 522 atque
541 434 714 522 imperitos
742 433 895 500 homines
927 437 1041 522 inopia

63 541 267 607 cibariorum
291 538 457 605 adductos
482 538 527 604 ad
549 537 700 624 iniquam
728 538 903 624 pugnandi
927 539 1041 605 condi·

61 648 192 712 cionem
198 666 298 732 posse
306 643 444 726 deduci3
456 641 608 724 mandat,
620 651 656 708 ut
664 642 801 708 crebros
810 642 1041 729 exploratores
1052 665 1065 704 s

61 752 96 814 in
120 748 250 815 Suebos
275 750 414 815 mittant
438 769 591 834 quaeque
614 746 705 832 apud
728 768 785 813 eos
809 757 972 831 gerantur
988 771 1042 814 co·

42 932 45 938 .
63 863 240 938 gnoscant.
253 851 309 918 Illi
322 854 488 939 imperata
500 851 630 916 faciunt
638 859 670 916 et
679 853 799 937 paucis
809 850 926 917 diebus
940 852 1065 918 inter-4

62 959 175 1024 missis
187 957 353 1024 referunt:
371 954 500 1021 Suebos
513 977 639 1038 omnes,
650 963 869 1041 posteaquam
882 957 1042 1022 certiores

64 1063 173 1128 nuntii
191 1061 232 1127 de
249 1061 402 1127 exercitu
417 1059 642 1125 Romanorum
658 1060 823 1141 venerint,
847 1082 923 1125 cum
939 1061 1043 1126 omni·

63 1167 127 1232 bus
151 1167 221 1231 suis
247 1166 478 1251 sociorumque
501 1166 619 1250 copiis,
649 1187 732 1251 quas
756 1167 959 1249 coegissent,
987 1186 1042 1250 pe·

65 1272 156 1335 nitus
180 1268 225 1334 ad
248 1277 416 1334 extremos
439 1267 523 1333 fines
549 1290 584 1332 se
607 1268 794 1353 recepisse3
825 1266 945 1334 silvam
969 1289 1065 1332 esses

64 1372 111 1448 ibi
136 1372 268 1438 infinita
291 1370 535 1455 magnitudine,
559 1393 645 1457 quae
668 1370 858 1457 appellatur
880 1373 1042 1450 Bacenis3

62 1478 152 1543 hanc
175 1476 276 1560 longe
299 1477 464 1541 introrsus
487 1476 656 1561 pertinere
672 1483 705 1539 et
724 1496 784 1561 pro
808 1476 924 1540 nativo
948 1498 1042 1541 muro

64 1580 234 1646 obiectam
256 1577 446 1644 Cheruscos
470 1577 514 1643 ab
539 1577 659 1644 Suebis
680 1576 875 1664 Suebosque
900 1577 942 1643 ab
959 1576 1042 1643 Ohe-

62 1685 172 1749 ruscis
197 1682 329 1748 iniuriis
354 1680 670 1767 incursionibusque
693 1681 887 1767 prohibere3
911 1681 1042 1746 adeius

64 1788 197 1853 initium
231 1785 338 1853 silvae
362 1784 490 1852 Suebos
525 1785 708 1851 adventum
737 1785 961 1851 Romanorum
985 1808 1042 1850 ex-

66 1900 221 1976 spectare
244 1891 471 1956 constituisse.
554 1892 557 1895 ’

168 1993 218 2058 11.
232 1993 399 2075 Quoniam
412 1993 455 2059 ad
468 1993 556 2058 hunc
568 1992 679 2059 locum
690 2002 887 2079 perventum
900 2001 962 2076 est,
975 2015 1042 2057 non

62 2097 211 2164 alienum
227 2120 303 2164 esse
318 2097 455 2163 videtur
479 2096 520 2163 de
537 2094 680 2165 Galliae,
690 2095 960 2185 Germaniaeque
975 2118 1042 2161 mo·

62 2202 157 2268 ribus
180 2210 224 2285 et,
248 2222 312 2287 quo
337 2200 495 2267 differant
511 2200 575 2266 hae
590 2201 745 2265 nationes
762 2201 852 2265 inter
868 2224 952 2285 sese,
967 2221 1043 2286 pro-

62 2326 197 2392 ponere.
220 2307 261 2372 In
274 2303 390 2370 Gallia
405 2326 473 2370 non
491 2303 596 2370 solum
616 2304 652 2369 in
675 2304 827 2369 omnibus
844 2304 1065 2369 civitatibuss

63 2418 165 2495 atque
187 2409 222 2474 in
246 2407 399 2474 omnibus
421 2407 520 2494 pagis
557 2405 808 2493 [partibusque],
848 2407 909 2472 sed
935 2430 1043 2494 paene

65 2513 168 2578 etiam
190 2513 224 2577 in
249 2510 392 2596 singulis
410 2508 562 2576 domibus
579 2510 745 2575 factiones
763 2521 851 2596 sunt,
864 2533 1065 2599 earumques

63 2617 249 2683 factionum
263 2617 433 2704 principes
451 2625 528 2682 sunt
546 2617 602 2702 qni
618 2638 781 2681 summam
804 2617 1043 2682 auctoritatem

64 2744 178 2788 eorum
190 2720 316 2788 iudicio
333 2718 459 2786 habere
478 2720 726 2804 existimantur,
742 2742 882 2807 quorum
895 2719 940 2785 ad
954 2722 1043 2787 arbi-

63 2827 164 2892 trium
187 2823 414 2910 iudiciumqus
437 2846 567 2890 summa
590 2825 737 2889 omnium
759 2845 870 2889 rerum
886 2824 1040 2891 consilio·

63 2951 203 3016 rumque
225 2927 354 2994 redeat.
399 2928 519 3013 Itaque
549 2928 620 2993 eius
650 2929 699 2992 rei
722 2948 826 2992 causa
855 2930 1066 3014 antiquitust

63 3034 257 3099 institutum
271 3030 417 3114 videtur,
440 3054 483 3097 ne
506 3032 580 3117 quis
605 3054 647 3096 ex
670 3030 768 3117 plebe
785 3041 903 3097 eontra
926 3042 1043 3118 poten·

62 3136 184 3202 tiorem
196 3132 318 3200 auxilii
330 3143 462 3218 egeret:
487 3156 565 3200 suos
583 3136 672 3200 enim
688 3137 829 3222 quisque
852 3137 993 3222 opprimi
1010 3146 1042 3200 et

63 3239 376 3306 circumvenirinon
383 3241 523 3324 patitur,
535 3261 653 3325 neque,
667 3238 767 3305 aliter
775 3241 803 3306 si
809 3241 925 3323 faciat,
938 3238 1042 3305 ullam

63 3347 152 3410 inter
164 3365 243 3408 suos
255 3341 360 3411 habet
373 3345 623 3410 auctoritatem.
647 3345 742 3410 Haec
756 3344 873 3410 eadem
890 3344 977 3409 ratio
991 3351 1065 3408 est⁵

62 3449 99 3515 in
122 3468 251 3513 summa
273 3448 378 3514 totius
402 3444 555 3531 Galliae3
578 3468 722 3534 namque
747 3470 861 3512 omnes
883 3448 1041 3511 civitates

63 3549 98 3615 in
120 3557 237 3635 partos
262 3548 393 3616 divisae
417 3557 495 3615 sunt
519 3549 614 3615 duas.
