2376 3924
134 226 193 291 132
432 226 482 276 DE
502 225 621 278 BELLO
642 216 800 278 GALLICO

131 419 237 483 omnis
253 416 433 482 multitudo
449 417 633 501 convertit;
657 415 751 482 illum
767 426 884 484 veruto
900 419 1111 487 arbitrantur

96 545 122 588 ιι
132 522 288 587 occisum.
306 518 430 585 Gladio
450 521 633 586 comminus
650 543 720 586 rem
736 522 823 606 gerit
838 521 992 589 Vorenus
1009 531 1112 610 atque

97 651 122 689 la
132 649 196 692 uno
214 625 390 690 interfecto
406 623 553 712 reliquos
569 623 704 710 paulum
727 623 900 711 propellit3
925 624 1003 692 dum
1019 629 1112 714 cupi·

134 729 208 795 dius
232 729 348 812 instat,
372 729 405 794 in
429 727 539 793 locum
563 728 712 794 deiectus
735 729 928 795 inferiorem
950 730 1111 796 concidit.

98 856 123 896 1a
132 833 221 898 Huic
237 853 351 898 rursus
367 832 596 897 circumvento
612 832 677 896 fert
694 830 993 915 subsidiumPulio,
1010 844 1113 921 atque

133 935 231 1002 ambo
247 934 431 1001 incolumes
448 933 675 1022 compluribus
690 935 877 1002 interfectis
894 959 1023 1002 summa
1036 960 1113 1004 cum

99 1039 234 1105 ulaude
258 1061 331 1104 sesc
355 1039 444 1103 intra
467 1040 668 1105 munitiones
691 1040 868 1124 recipiunt.
896 1039 952 1106 Sic
975 1041 1113 1107 fortuna

133 1147 168 1209 in
191 1144 406 1209 contentione
429 1152 462 1209 et
486 1144 669 1209 certamine
691 1152 868 1231 utrumque
890 1147 1051 1230 versavit,
1076 1157 1114 1214 ut

135 1246 344 1314 alteralteri
368 1247 523 1314 inimicus
547 1247 675 1313 auxilio
699 1246 867 1334 salutique
890 1259 989 1332 esset,
1005 1272 1114 1336 neque

136 1352 316 1419 diiudicari
331 1360 457 1439 posset,
479 1360 556 1418 uter
579 1353 645 1418 utri
667 1354 794 1418 virtute
810 1352 1048 1419 anteferendus
1064 1357 1113 1420 vi·

136 1458 280 1523 deretur.

220 1558 273 1626 45.
297 1561 432 1644 Quanto
450 1570 522 1626 erat
546 1562 581 1625 in
597 1559 670 1627 dies
685 1561 823 1645 gravior
846 1571 947 1649 atque
963 1564 1115 1649 asperior

137 1667 352 1753 oppugnatio,
377 1674 409 1730 et
431 1666 577 1731 maxime
593 1665 682 1753 quod
704 1685 828 1750 magna
851 1675 948 1752 parte
971 1665 1114 1735 militum

136 1770 290 1835 confecta
312 1767 510 1834 vulneribus
533 1791 588 1833 res
612 1767 656 1833 ad
672 1768 879 1855 paucitatem
902 1768 1116 1838 defensorum

137 1882 349 1960 pervenerat,
372 1880 468 1936 tanto
496 1870 684 1937 crebriores
714 1869 849 1938 litterae
871 1875 1047 1960 nuntiique
1070 1875 1117 1940 ad

137 1975 318 2043 Caesarem
334 1972 572 2057 mittebantur3
596 1996 735 2060 quorum
753 1997 832 2061 pars
850 1975 1057 2061 deprehensa
1081 1979 1116 2043 in

138 2091 322 2165 conspectu
350 2087 539 2144 nostrorum
566 2078 709 2144 militum
738 2101 812 2145 cum
839 2082 995 2147 cruciatu
1017 2103 1117 2147 ncca-

108 2214 129 2252 ,ε
140 2184 248 2250 batur.
272 2182 358 2248 Erat
374 2204 457 2248 unus
473 2183 563 2248 intus
575 2182 718 2248 Nervius
734 2183 867 2249 nomine
878 2183 1026 2269 Vertico,
1042 2184 1117 2251 loco

138 2297 239 2354 natus
254 2287 406 2370 honesto,
430 2287 487 2373 qui
501 2309 522 2352 a
543 2289 651 2374 prima
668 2285 843 2353 obsidione
862 2287 907 2352 ad
921 2286 1119 2369 Ciceronem

118 2392 334 2479 sperfugerat
350 2413 510 2478 suamque
530 2392 559 2456 ei
574 2390 674 2456 fidem
689 2392 919 2475 praestiterat.
935 2391 1002 2457 Hic
1020 2413 1118 2457 servo

141 2518 199 2582 spe
221 2493 391 2560 libertatis
414 2496 614 2581 magnisque
629 2493 811 2580 persuadet
826 2496 996 2583 praemiis,
1011 2506 1049 2562 ut
1063 2494 1120 2562 lit·

118 2609 230 2668 rteras
255 2597 299 2664 ad
315 2595 496 2663 Caesarem
519 2597 660 2664 deferat.
682 2597 756 2663 Has
780 2595 837 2663 ille
861 2598 895 2663 in
918 2598 1030 2665 iaculo
1053 2597 1120 2664 illi·

141 2713 239 2787 gatas
264 2703 358 2768 effert
380 2710 414 2767 et
430 2699 551 2767 Gallus
575 2703 664 2767 inter
679 2699 798 2767 Gallos
823 2701 895 2766 sine
917 2699 987 2767 ulla
1012 2704 1120 2788 suspi-

119 2809 236 2873 seione
259 2815 413 2872 versatus
442 2804 489 2872 ad
520 2803 701 2871 Caesarem
729 2806 892 2891 pervenit.
937 2803 1053 2871 Abeo
1078 2803 1121 2870 de

140 2910 297 2997 periculis
321 2907 494 2975 Ciceronis
517 2908 726 2996 legionisque
748 2910 974 2994 cognoscitur.

226 3012 277 3077 46.
295 3012 422 3080 Caesar
438 3015 587 3101 acceptis
604 3013 729 3080 litteris
743 3013 827 3079 hora
842 3013 980 3078 circiter
991 3031 1038 3076 xu
1053 3011 1122 3078 dici

143 3121 257 3185 statim
273 3118 427 3184 nuntium
444 3120 478 3184 in
493 3118 693 3184 Bellovacos
715 3116 761 3183 ad
783 3116 829 3182 M.
845 3114 1005 3183 Crassum
1021 3138 1122 3202 quae·

144 3233 267 3290 storem
288 3224 403 3306 mittit,
432 3224 526 3288 cuius
550 3221 691 3288 hiberna
721 3221 863 3286 aberant
892 3219 936 3286 ab
966 3241 1005 3285 eo
1027 3219 1122 3287 milia

122 3350 301 3415 2passuum
323 3344 412 3411 xxv3
441 3326 534 3393 iubet
563 3326 673 3392 modia
702 3336 801 3393 nocte
829 3326 996 3411 legionem
1024 3324 1123 3411 profi·

122 3434 227 3512 gcisci
250 3430 473 3518 celeriterque
495 3431 541 3498 ad
564 3432 749 3497 revenire.
794 3429 876 3495 Exit
905 3450 981 3494 cum
1002 3428 1123 3494 nuntio

143 3534 299 3602 Crassus.
316 3534 468 3603 Alterum
484 3535 529 3602 ad
545 3533 668 3601 Caium
683 3532 827 3600 Fabium
842 3532 993 3618 legatum
1008 3532 1124 3615 mittit,
