2376 3924
151 216 215 281 216
438 215 549 266 BELLI
567 215 820 266 ALEXANDRINI

129 407 224 487 3Non
258 409 435 472 excessisse
473 410 559 472 enim
592 409 695 474 Ponto
729 408 933 474 Pharnacem
975 410 1139 478 audiebat

150 533 257 597 neque
290 533 499 576 excessurum
532 512 684 598 putabat,
723 534 797 577 cum
834 513 975 578 secundo
1009 515 1138 599 proelio

150 617 360 680 vehementer
393 625 479 680 esset
506 617 653 700 inflatus,
688 617 775 702 quod
808 625 921 683 contra
950 618 1139 686 Domitium

129 720 321 794 4Calvinum
354 721 486 785 fecerat.
543 719 767 786 Commoratus
805 722 874 787 fere
910 723 943 786 in
981 724 1139 790 omnibus

151 825 345 907 civitatibus,
370 847 453 911 quae
468 828 589 890 maiore
605 836 680 891 sunt
695 827 862 912 dignitate,
886 829 1031 913 praemia
1046 828 1139 894 bene

150 931 272 994 meritis
295 939 327 994 et
348 932 469 994 viritim
491 941 523 996 61
545 931 672 1017 publice
695 931 816 1014 tribuit,
840 931 881 996 dc
903 938 1139 1000 controversiis

129 1035 316 1108 ueteribus
346 1037 510 1119 cognoscit
532 1060 571 1100 ac
593 1038 719 1119 statuit3
748 1058 860 1121 reges,
883 1045 1050 1122 tyrannos,
1076 1039 1139 1125 dy·

151 1149 260 1205 nastas
283 1141 468 1225 provinciae
491 1142 651 1223 finitimos,
683 1143 737 1227 qui
760 1162 870 1205 omnes
893 1141 936 1205 ad
959 1162 1035 1205 611111
1059 1166 1139 1209 con-

152 1252 335 1326 currerant,
364 1252 511 1330 receptos
534 1248 567 1308 in
589 1245 688 1309 fidem
710 1243 952 1309 condicionibus
974 1247 1139 1330 impositis

152 1349 338 1434 provinciae
365 1347 506 1412 tuendae
534 1370 574 1411 ac
601 1347 826 1413 defendendae
855 1347 986 1412 dimittit
1014 1358 1049 1413 et
1072 1350 1140 1415 sibi

152 1461 185 1517 ct
207 1451 323 1537 populo
345 1453 491 1517 Romano
515 1455 732 1517 amicissimos.

238 1556 289 1619 66.
324 1557 440 1620 Paucis
469 1555 584 1621 diebus
613 1557 646 1620 in
676 1578 714 1620 ea
744 1557 910 1642 provincia
927 1563 1140 1673 consumptis

153 1661 233 1727 Sext
221 1670 289 1724 tum
312 1659 500 1739 Caesarem,
536 1663 675 1725 amicum
709 1669 744 1725 61
773 1661 991 1724 necessarium
1026 1682 1138 1746 suum,

152 1763 331 1849 legionibus
361 1765 541 1850 Syriaeque
571 1765 743 1850 praefecit;
777 1766 846 1849 ipse
873 1761 988 1827 eadem
1018 1763 1138 1850 classe,

131 1887 218 1951 equa
238 1878 384 1949 venerat,
408 1868 650 1952 proficiscitur
642 1892 675 1933 111
699 1868 851 1933 Ciliciam.
881 1864 980 1930 Cuius
1003 1871 1138 1952 provin-

153 1972 221 2034 ciac
245 1971 393 2033 civitates
417 1993 527 2034 omnes
550 1980 665 2035 evocat
652 1974 826 2037 Tarsum
833 2023 841 2055 ,
866 1972 952 2056 quod
976 1973 1138 2058 oppidum

41 2074 49 2151 l
152 2075 220 2138 fere
242 2074 340 2137 totius
363 2072 493 2137 Ciliciae
521 2073 753 2139 nobilissimum
775 2076 1050 2161 fortissimumque
1074 2087 1137 2143 est.

130 2178 203 2246 albi
236 2177 334 2241 rebus
369 2177 517 2241 omnibus
551 2181 736 2263 provinciae
764 2189 797 2244 et
824 2179 1035 2244 finitimarum
1057 2183 1137 2246 civi·

152 2291 256 2348 tatum
285 2284 465 2346 constitutis
494 2282 670 2368 cupiditate
698 2282 923 2369 proficiscendi
946 2283 988 2348 ad
1010 2282 1137 2351 bellum

128 2386 332 2472 egerendum
353 2409 419 2450 non
441 2387 560 2451 diutius
582 2395 727 2450 moratur
748 2387 941 2471 magnisque
962 2387 1137 2460 itineribus

152 2513 209 2575 per
239 2488 481 2576 Cappadociam
514 2490 666 2554 confectis
700 2489 835 2553 biduum
862 2491 1018 2555 Mazacae
1049 2508 1137 2557 com-

152 2602 296 2657 moratus
309 2593 453 2659 Comana
467 2595 562 2676 venit,
577 2597 831 2659 vetustissimum
846 2602 878 2657 ct
893 2594 1137 2660 sanctissimum

152 2700 185 2762 in
198 2697 404 2783 Cappadocia
416 2696 567 2763 Bellonae
584 2698 749 2783 templum,
773 2697 859 2783 quod
874 2706 966 2761 tanta
976 2695 1137 2782 religione

153 2803 283 2883 colitur,
317 2812 354 2865 ut
376 2802 527 2866 sacerdos
558 2804 627 2865 eius
655 2801 736 2865 deae
768 2802 951 2883 maiestate,
985 2802 1137 2887 imperio,

153 2908 296 2990 potentia
324 2905 485 2970 secundus
507 2930 527 2971 a
548 2927 626 2989 rege
649 2926 807 2969 consensu
834 2905 938 2988 gentis
967 2901 1052 2968 illius
1078 2903 1137 2970 ha·

131 3013 279 3077 abeatur.
324 3010 363 3074 Id
398 3011 519 3074 homini
546 3009 742 3073 nobilissimo
772 3006 951 3092 Lycomedi
977 3005 1136 3091 Bithynio

153 3115 368 3196 adiudicavit3
410 3115 464 3197 qui
497 3115 586 3197 regio
621 3112 852 3198 Cappadocum
885 3131 1005 3195 genere
1043 3119 1138 3177 ortus

153 3228 286 3307 propter
309 3217 482 3281 adversam
504 3216 667 3280 fortunam
696 3216 855 3280 maiorum
877 3235 1008 3279 suorum
1029 3223 1137 3281 muts·

154 3326 338 3407 tionemque
377 3321 505 3405 generis
540 3320 611 3382 11116
655 3320 786 3383 minime
823 3316 936 3400 dubio,
970 3324 1163 3400 vetustate,

133 3437 264 3490 stamen
287 3426 478 3506 intermisso,
501 3422 658 3487 sacerdot
637 3429 717 3486 trum
739 3421 773 3486 id
800 3420 978 3506 repetebat.
1023 3421 1169 3523 Fratri-.-¹

155 3552 196 3593 au
198 3538 263 3592 tem
294 3527 527 3592 Ariobarzanis
560 3525 742 3607 Ariarathi,
777 3547 850 3589 cum
881 3524 966 3603 bene
998 3524 1129 3602 meritur

92 1843 128 1893 11
