2376 3924
18 3278 31 3307 f.

133 222 195 287 194
432 221 541 271 BELLI
559 220 808 272 ALEXANDRINI

132 415 320 499 priusquam
332 412 542 477 diuturnitate
554 411 823 477 confirmarentur
838 434 953 497 regum
963 412 1113 498 imperia,

110 539 190 602 aper
226 516 371 581 homines
409 517 574 581 seditiosos
612 525 809 580 nasceretur.
866 516 1028 601 Legiones
1066 518 1113 582 ibi

132 630 288 684 veterana
311 630 403 684 sexta
431 642 541 684 secum
563 619 698 684 reducta
721 627 845 683 ceteras
868 619 1012 705 reliquit,
1047 642 1113 707 quo

132 726 256 790 firmius
289 731 374 786 esset
408 744 519 787 eorum
552 742 667 806 regum
700 723 886 807 imperium,
922 724 977 807 qui
1005 744 1114 808 neque

132 850 275 892 amorem
290 847 421 890 suorum
436 823 557 889 habere
574 833 755 909 potuerant,
784 823 871 910 quod
886 824 1025 891 fideliter
1040 848 1112 911 per-

132 938 320 996 manserant
352 931 385 992 in
419 927 567 993 Caesaris
606 930 763 1011 amicitia,
803 950 909 1014 neque
942 931 1122 994 vetustatis

98 1058 125 1112 [a
134 1036 358 1099 auctoritatem
387 1033 498 1116 paucis
526 1031 640 1097 diebus
670 1053 763 1116 reges
794 1035 965 1098 constituti.
1012 1034 1116 1101 Simul

135 1139 177 1202 ad
200 1138 325 1222 imperii
355 1137 456 1199 nostri
479 1135 670 1220 dignitatem
691 1136 926 1222 utilitatemque
948 1136 1115 1223 publicam

134 1242 295 1326 pertinere
319 1238 534 1322 existimabat,
559 1242 585 1303 si
607 1249 835 1325 permanerent
861 1242 895 1304 in
917 1239 983 1305 fide
1007 1263 1115 1326 reges,

135 1345 302 1432 praesidiis
318 1367 372 1409 eos
388 1346 505 1408 nostris
520 1366 590 1409 esse
605 1353 705 1428 tut0s;
728 1346 796 1428 bos,
821 1346 847 1410 si
863 1355 970 1411 essent
983 1347 1115 1430 ingrati,

114 1470 228 1534 aposse
250 1449 353 1513 isdem
376 1449 543 1534 praesidiis
567 1451 717 1513 coerceri.
764 1450 817 1515 Sic
844 1449 942 1515 rebus
965 1451 1116 1515 omnibus

136 1553 289 1617 confectis
312 1562 344 1617 et
367 1551 528 1617 collocatis
542 1553 611 1637 ipse
635 1549 928 1641 [itinereterrestri]
950 1554 1116 1640 profectus

135 1666 184 1721 est
206 1658 238 1720 in
262 1657 400 1741 Syriam.

222 1759 272 1823 34.
296 1760 386 1822 Dum
408 1758 489 1822 haec
511 1759 544 1820 in
566 1757 717 1844 Aegypto
741 1768 914 1843 geruntur,
937 1781 998 1823 rex
1019 1762 1117 1826 Deic-

136 1874 226 1928 tarus
260 1864 302 1927 ad
335 1863 514 1926 Domitium
548 1860 719 1928 Calvinum
725 1912 734 1945 ,
769 1865 821 1928 cui
854 1861 975 1929 Caesar
1001 1864 1117 1931 Asiam

136 1968 354 2050 finitimasque
393 1966 575 2050 provincias
613 1965 887 2032 administrandas
923 1968 1116 2054 tradiderat,

136 2072 226 2134 venit
249 2078 385 2152 oratum,
410 2091 450 2132 ne
462 2068 653 2134 Armeniam
668 2072 835 2155 minorem,
858 2094 996 2158 regnum
1011 2094 1116 2158 suum,

136 2195 220 2238 neve
243 2171 498 2259 Cappadociam,
522 2195 659 2258 regnum
682 2172 930 2258 Ariobarzanis,
958 2176 1117 2261 possideri

137 2279 324 2361 vastarique
357 2285 523 2361 pateretur
556 2300 575 2339 a
608 2277 795 2361 Pharnace;
837 2299 900 2363 quc
935 2278 1020 2343 malo
1054 2283 1116 2346 nisi

137 2379 369 2464 liberarentur,
400 2383 558 2467 imperata
586 2403 620 2445 se
647 2381 757 2446 facere
787 2385 1022 2469 pecuniamque
1044 2407 1116 2470 pro-

116 2487 268 2549 smissam
303 2483 435 2548 Caesari
473 2506 539 2548 non
571 2505 665 2570 posse
705 2484 898 2570 persolvere.
954 2488 1118 2554 Domitius

138 2613 202 2654 non
235 2597 362 2653 tantum
396 2589 438 2654 ad
472 2588 682 2674 explicandos
715 2598 861 2676 sumptus
894 2591 942 2655 rei
970 2591 1118 2658 militaris

139 2716 212 2757 cum
235 2693 405 2778 pecuniam
427 2693 645 2755 necessariam
667 2712 737 2755 esse
760 2690 928 2775 iudicaret,
950 2694 1118 2761 sedetiam

138 2805 232 2880 turpe
261 2794 376 2880 populo
399 2797 546 2860 Romano
574 2804 606 2859 et
629 2794 664 2860 C.
689 2793 820 2861 Caesari
848 2798 962 2862 victori
991 2797 1117 2885 sibique

139 2900 259 2963 infame
293 2920 363 2961 esse
397 2907 553 2963 statueret
585 2921 687 2985 regna
721 2901 881 2965 sociorum
909 2909 1007 2987 atque
1041 2905 1117 2968 ami·

141 3024 252 3066 corum
280 2999 321 3064 ab
351 3011 486 3067 externo
509 3025 586 3087 rege
610 3005 770 3089 occupari,
799 3006 926 3069 nuntios
949 3004 1118 3071 confestim

140 3105 183 3170 ad
212 3104 415 3168 Pharnacem
441 3107 541 3180 misit,
576 3105 732 3171 Armenia
760 3106 1041 3195 Cappadociaque
1064 3109 1119 3175 de-

141 3208 272 3274 cederet
293 3231 376 3272 neve
398 3212 606 3296 occupatione
629 3210 703 3275 belli
727 3212 826 3278 civilis
850 3213 959 3299 populi
980 3215 1120 3282 Romani

120 3315 191 3377 sius
213 3314 480 3401 maiestatemque
502 3323 684 3400 temptaret.
730 3317 826 3382 Hanc
842 3316 1120 3386 denuntiationem

143 3440 215 3481 cum
238 3420 394 3483 maiorem
415 3421 482 3483 vim
504 3419 689 3485 habituram
712 3424 921 3506 existimaret,
945 3423 972 3488 si
986 3424 1121 3510 propius

143 3543 197 3584 eas
225 3525 372 3606 regiones
408 3546 481 3588 cum
505 3527 650 3589 exercitu
679 3529 880 3610 accessisset,
911 3526 954 3591 ad
976 3525 1121 3612 legiones
