2376 3924
378 237 489 287 LlBER
506 237 582 300 VIII,
600 236 677 286 CAP.
696 237 806 287 20-24.
1018 235 1081 299 245

105 430 278 495 concitare
297 437 330 493 et
347 448 463 512 gerere
478 436 602 514 posset.
620 426 687 492 Sed
703 436 816 492 tamen
834 449 869 492 se
885 435 1081 493 contentum

104 535 176 598 fore
199 555 239 597 ea
260 554 380 618 poena,
404 554 504 618 quam
527 531 592 597 sibi
615 532 680 618 ipsi
703 533 966 596 contraxissent.

208 636 259 700 23.
283 636 391 701 Nocte
413 637 603 720 insequenti
626 634 732 719 legati
756 656 918 720 responsa
934 634 979 700 ad
1003 656 1080 699 suos

106 743 265 822 referunt,
288 737 421 804 obsides
439 739 631 804 conficiunt.
649 736 862 803 Concurrunt
878 738 1104 823 reliquarums

106 845 296 909 civitatium
308 841 424 927 legati,
441 865 527 929 quae
548 842 803 909 Bellovacorum
820 840 1083 928 speculabantur

106 957 278 1030 eventum3
302 945 436 1012 obsides
461 946 555 1030 dant,
585 947 751 1033 imperata
780 946 909 1012 faciunt
940 954 1081 1031 excepto

105 1049 263 1134 Commio,
292 1071 389 1134 quem
422 1049 522 1114 timor
549 1049 748 1135 prohibebat
776 1052 975 1136 cuiusquam
1003 1048 1083 1113 fidei

107 1177 200 1219 suam
223 1154 433 1218 committere
450 1152 603 1218 salutem.
626 1153 713 1220 Nam
729 1156 898 1241 superiore
922 1174 1010 1218 anno
1027 1152 1104 1222 Ti=e

105 1268 160 1325 tus
172 1257 346 1323 Labienus
359 1256 507 1323 Caesare
523 1259 557 1323 in
574 1256 689 1323 Gallia
705 1260 861 1324 citeriore
873 1260 925 1323 ius
939 1256 1082 1340 dicente,

108 1383 184 1427 cum
207 1360 391 1427 Commium
415 1362 633 1446 comperisset
659 1361 843 1427 sollicitare
867 1363 1025 1427 civitates
1050 1370 1082 1425 et

107 1467 374 1530 coniurationem
387 1474 506 1530 contra
518 1463 700 1530 Caesarem
712 1466 835 1547 facere,
849 1464 1082 1530 infidelitatem

106 1573 177 1635 eius
207 1572 279 1634 siue
309 1569 378 1634 ulla
409 1569 550 1656 perfidia
578 1570 743 1637 iudicavit
771 1570 943 1654 comprimi
972 1589 1080 1653 posse.

105 1672 212 1755 Quem
247 1675 325 1759 quia
358 1695 426 1739 non
456 1674 690 1741 arbitrabatur
718 1684 873 1739 vocatum
902 1675 936 1737 in
965 1679 1103 1741 castras

103 1785 290 1859 venturum,
313 1799 356 1842 ne
378 1778 574 1863 temptando
590 1780 774 1843 cautiorem
796 1778 934 1858 faceret,
959 1773 1081 1840 Gaium

104 1878 309 1945 Volusenum
334 1880 545 1962 Quadratum
572 1883 675 1966 misit,
705 1884 761 1968 qui
792 1903 865 1946 eum
892 1903 951 1966 per
981 1881 1080 1944 simu·

104 1982 268 2048 lationem
290 1981 449 2068 colloquii
473 1992 605 2049 curaret
630 1984 905 2049 interficiendum.
929 1983 984 2048 Ad
1007 2005 1082 2048 eam

104 2107 172 2151 rem
196 2085 346 2152 delectos
369 2085 507 2152 idoneos
525 2090 555 2152 ei
571 2088 676 2153 tradit
693 2089 916 2153 centuriones.
940 2085 1023 2151 Cum
1046 2088 1103 2154 ins

105 2189 307 2275 colloquium
330 2199 469 2256 ventum
484 2200 584 2272 esset,
609 2201 641 2256 et
662 2200 700 2256 ut
715 2199 931 2274 convenerat,
946 2212 1081 2255 manum

104 2291 246 2359 Commii
267 2293 458 2360 Volusenus
483 2295 693 2379 arripuisset,
710 2296 861 2360 centurio
877 2293 931 2358 vel
947 2295 1081 2358 insueta

103 2419 140 2462 re
161 2405 332 2484 permotus
356 2396 411 2462 vel
434 2398 592 2463 celeriter
615 2398 875 2464 afamiliaribus
891 2397 1080 2484 prohibitus

107 2498 248 2566 Commii
278 2501 443 2566 conficere
475 2500 641 2566 hominem
676 2523 744 2565 non
771 2501 896 2587 potuit3
930 2501 1082 2584 graviter

103 2611 217 2670 tamen
248 2604 355 2689 primo
384 2605 454 2670 ictu
488 2602 604 2688 gladio
639 2613 741 2690 caput
774 2604 950 2690 percussit.
997 2601 1101 2668 Cumr

104 2709 271 2793 utrimque
287 2706 394 2792 gladii
412 2708 565 2774 destricti
588 2717 710 2792 essent,
726 2729 794 2773 non
815 2718 884 2773 tam
907 2707 1080 2793 pugnandi

106 2833 205 2898 quam
219 2811 417 2897 diffugiendi
429 2812 492 2876 fuit
508 2819 723 2899 utrorumque
739 2810 933 2877 consilium:
951 2819 1081 2877 nostro·

103 2937 187 2999 rum,
220 2916 310 3002 quod
332 2916 504 2981 mortifero
527 2915 666 2981 vulnere
689 2914 875 2981 Commium
898 2915 1083 2982 credebant

103 3018 275 3103 affectum3
299 3017 484 3102 Gallorum,
518 3016 608 3105 quod
636 3018 770 3084 insidiis
798 3021 944 3103 cognitis
973 3018 1081 3106 plura,

104 3143 203 3206 quam
219 3121 395 3205 videbant,
411 3122 690 3188 extimescebant.
715 3120 790 3203 Quo
811 3124 902 3188 fecto
920 3127 1081 3189 statuisse

105 3223 274 3291 Commius
292 3223 469 3292 dicebatur
488 3248 670 3312 numquam
685 3228 719 3291 in
736 3237 952 3313 conspectum
969 3229 1079 3292 cuius·

104 3351 203 3415 quam
224 3330 368 3394 Romani
391 3331 517 3396 venire.

189 3431 522 3499 mantuanensis
536 3433 694 3517 gentibus
709 3433 852 3500 devictis
861 3432 1081 3518 Caesar,eum

104 3536 235 3604 videret
257 3535 384 3604 nullam
414 3537 481 3631 iam
510 3559 585 3604 esse
607 3538 793 3622 civitatem,
824 3560 909 3623 quae
932 3536 1052 3623 [bellun
