<?xml version="1.0" encoding="UTF-8"?>
<!DOCTYPE html PUBLIC "-//W3C//DTD XHTML 1.0 Transitional//EN"
    "http://www.w3.org/TR/xhtml1/DTD/xhtml1-transitional.dtd">
<html xmlns="http://www.w3.org/1999/xhtml" xml:lang="en" lang="en">
 <head>
  <title>
</title>
<meta http-equiv="Content-Type" content="text/html;charset=utf-8" />
  <meta name='ocr-system' content='tesseract 3.04.00' />
  <meta name='ocr-capabilities' content='ocr_page ocr_carea ocr_par ocr_line ocrx_word'/>
</head>
<body>
  <div class='ocr_page' id='page_1' title='image "./ciuliicaesarisc00hoffgoog/ciuliicaesarisc00hoffgoog_0294.png"; bbox 0 0 2376 3924; ppageno 0'>
   <div class='ocr_carea' id='block_1_1' title="bbox 364 214 1063 280">
    <p class='ocr_par' dir='ltr' id='par_1_1' title="bbox 364 214 1063 280">
     <span class='ocr_line' id='line_1_1' title="bbox 364 214 1063 280; baseline 0.02 -14"><span class='ocrx_word' id='word_1_1' title='bbox 364 215 476 267; x_wconf 79' lang='lat' dir='ltr'>muns</span> <span class='ocrx_word' id='word_1_2' title='bbox 493 217 568 279; x_wconf 84' lang='lat' dir='ltr'>vm,</span> <span class='ocrx_word' id='word_1_3' title='bbox 592 215 669 267; x_wconf 77' lang='lat' dir='ltr'>cur.</span> <span class='ocrx_word' id='word_1_4' title='bbox 689 215 798 266; x_wconf 74' lang='lat'>14-17.</span> <span class='ocrx_word' id='word_1_5' title='bbox 1002 214 1063 280; x_wconf 78' lang='lat'>241</span> 
     </span>
    </p>
   </div>
   <div class='ocr_carea' id='block_1_2' title="bbox 80 405 1087 3495">
    <p class='ocr_par' dir='ltr' id='par_1_2' title="bbox 83 405 1087 1420">
     <span class='ocr_line' id='line_1_2' title="bbox 86 405 1087 493; baseline -0.011 -20"><span class='ocrx_word' id='word_1_6' title='bbox 86 408 198 474; x_wconf 92' lang='lat' dir='ltr'>silium</span> <span class='ocrx_word' id='word_1_7' title='bbox 215 407 266 471; x_wconf 92' lang='lat' dir='ltr'>sui</span> <span class='ocrx_word' id='word_1_8' title='bbox 281 405 467 493; x_wconf 90' lang='lat' dir='ltr'>recipiendi</span> <span class='ocrx_word' id='word_1_9' title='bbox 482 413 654 491; x_wconf 89' lang='lat' dir='ltr'>ceperunt.</span> <span class='ocrx_word' id='word_1_10' title='bbox 670 405 808 486; x_wconf 84' lang='lat' dir='ltr'>Fasces,</span> <span class='ocrx_word' id='word_1_11' title='bbox 829 413 866 468; x_wconf 91' lang='lat' dir='ltr'>ut</span> <span class='ocrx_word' id='word_1_12' title='bbox 883 421 1087 469; x_wconf 74' lang='lat' dir='ltr'>consuere-5</span> 
     </span>
     <span class='ocr_line' id='line_1_3' title="bbox 87 506 1064 596; baseline -0.004 -20"><span class='ocrx_word' id='word_1_13' title='bbox 87 520 166 577; x_wconf 89' lang='lat' dir='ltr'>rant</span> <span class='ocrx_word' id='word_1_14' title='bbox 191 507 346 596; x_wconf 86' lang='lat' dir='ltr'>[namque</span> <span class='ocrx_word' id='word_1_15' title='bbox 370 511 405 573; x_wconf 90' lang='lat' dir='ltr'>in</span> <span class='ocrx_word' id='word_1_16' title='bbox 428 511 502 574; x_wconf 85' lang='lat' dir='ltr'>acic</span> <span class='ocrx_word' id='word_1_17' title='bbox 527 509 644 574; x_wconf 88' lang='lat' dir='ltr'>sedere</span> <span class='ocrx_word' id='word_1_18' title='bbox 668 506 786 573; x_wconf 83' lang='lat' dir='ltr'><strong>Gallos</strong></span> <span class='ocrx_word' id='word_1_19' title='bbox 813 529 994 573; x_wconf 78' lang='lat' dir='ltr'>consuesse</span> <span class='ocrx_word' id='word_1_20' title='bbox 1012 530 1064 572; x_wconf 94' lang='lat' dir='ltr'>su-</span> 
     </span>
     <span class='ocr_line' id='line_1_4' title="bbox 85 606 1064 700; baseline -0.003 -22"><span class='ocrx_word' id='word_1_21' title='bbox 85 612 276 700; x_wconf 89' lang='lat' dir='ltr'>perioribus</span> <span class='ocrx_word' id='word_1_22' title='bbox 300 613 551 678; x_wconf 89' lang='lat' dir='ltr'>commentariis</span> <span class='ocrx_word' id='word_1_23' title='bbox 576 610 734 677; x_wconf 81' lang='lat' dir='ltr'>Caesaris</span> <span class='ocrx_word' id='word_1_24' title='bbox 759 611 969 676; x_wconf 85' lang='lat' dir='ltr'>declaratum</span> <span class='ocrx_word' id='word_1_25' title='bbox 992 606 1064 696; x_wconf 75' lang='lat' dir='ltr'>estl,</span> 
     </span>
     <span class='ocr_line' id='line_1_5' title="bbox 85 714 1066 803; baseline -0.002 -21"><span class='ocrx_word' id='word_1_26' title='bbox 85 740 146 803; x_wconf 89' lang='lat' dir='ltr'>per</span> <span class='ocrx_word' id='word_1_27' title='bbox 166 737 285 781; x_wconf 86' lang='lat' dir='ltr'>manus</span> <span class='ocrx_word' id='word_1_28' title='bbox 316 723 577 781; x_wconf 78' lang='lat' dir='ltr'>stramentorum</span> <span class='ocrx_word' id='word_1_29' title='bbox 606 737 646 780; x_wconf 91' lang='lat' dir='ltr'>ao</span> <span class='ocrx_word' id='word_1_30' title='bbox 669 714 903 798; x_wconf 85' lang='lat' dir='ltr'>virgultorum,</span> <span class='ocrx_word' id='word_1_31' title='bbox 927 736 1066 800; x_wconf 90' lang='lat' dir='ltr'>quorum</span> 
     </span>
     <span class='ocr_line' id='line_1_6' title="bbox 86 818 1064 905; baseline -0.002 -20"><span class='ocrx_word' id='word_1_32' title='bbox 86 842 215 885; x_wconf 87' lang='lat' dir='ltr'>summa</span> <span class='ocrx_word' id='word_1_33' title='bbox 240 829 313 884; x_wconf 88' lang='lat' dir='ltr'>erat</span> <span class='ocrx_word' id='word_1_34' title='bbox 337 821 370 883; x_wconf 92' lang='lat' dir='ltr'>in</span> <span class='ocrx_word' id='word_1_35' title='bbox 395 820 518 884; x_wconf 87' lang='lat' dir='ltr'>castris</span> <span class='ocrx_word' id='word_1_36' title='bbox 536 820 645 905; x_wconf 91' lang='lat' dir='ltr'>copia,</span> <span class='ocrx_word' id='word_1_37' title='bbox 662 818 751 883; x_wconf 87' lang='lat' dir='ltr'>inter</span> <span class='ocrx_word' id='word_1_38' title='bbox 768 841 804 884; x_wconf 93' lang='lat' dir='ltr'>se</span> <span class='ocrx_word' id='word_1_39' title='bbox 822 818 967 884; x_wconf 91' lang='lat' dir='ltr'>traditos</span> <span class='ocrx_word' id='word_1_40' title='bbox 984 827 1064 883; x_wconf 89' lang='lat' dir='ltr'>ante</span> 
     </span>
     <span class='ocr_line' id='line_1_7' title="bbox 85 921 1064 1008; baseline -0.004 -19"><span class='ocrx_word' id='word_1_41' title='bbox 85 925 194 989; x_wconf 86' lang='lat' dir='ltr'>aciem</span> <span class='ocrx_word' id='word_1_42' title='bbox 217 921 428 987; x_wconf 83' lang='lat' dir='ltr'>collocarunt</span> <span class='ocrx_word' id='word_1_43' title='bbox 451 930 668 1007; x_wconf 89' lang='lat' dir='ltr'>extremoque</span> <span class='ocrx_word' id='word_1_44' title='bbox 691 931 841 1008; x_wconf 91' lang='lat' dir='ltr'>tempore</span> <span class='ocrx_word' id='word_1_45' title='bbox 870 921 937 986; x_wconf 91' lang='lat' dir='ltr'>diei</span> <span class='ocrx_word' id='word_1_46' title='bbox 968 923 1064 1004; x_wconf 83' lang='lat' dir='ltr'>signo</span> 
     </span>
     <span class='ocr_line' id='line_1_8' title="bbox 86 1024 1086 1113; baseline -0.002 -22"><span class='ocrx_word' id='word_1_47' title='bbox 86 1027 305 1113; x_wconf 87' lang='lat' dir='ltr'>pronuntiato</span> <span class='ocrx_word' id='word_1_48' title='bbox 319 1046 384 1090; x_wconf 90' lang='lat' dir='ltr'>uno</span> <span class='ocrx_word' id='word_1_49' title='bbox 402 1033 550 1111; x_wconf 88' lang='lat' dir='ltr'>tempore</span> <span class='ocrx_word' id='word_1_50' title='bbox 566 1024 801 1090; x_wconf 89' lang='lat' dir='ltr'>incenderunt.</span> <span class='ocrx_word' id='word_1_51' title='bbox 817 1024 871 1089; x_wconf 86' lang='lat' dir='ltr'>Ita</span> <span class='ocrx_word' id='word_1_52' title='bbox 888 1026 1086 1089; x_wconf 75' lang='lat' dir='ltr'>continenso</span> 
     </span>
     <span class='ocr_line' id='line_1_9' title="bbox 83 1130 1065 1215; baseline -0.002 -20"><span class='ocrx_word' id='word_1_53' title='bbox 83 1130 217 1195; x_wconf 85' lang='lat' dir='ltr'>flamma</span> <span class='ocrx_word' id='word_1_54' title='bbox 246 1130 363 1215; x_wconf 90' lang='lat' dir='ltr'>copias</span> <span class='ocrx_word' id='word_1_55' title='bbox 394 1149 508 1193; x_wconf 88' lang='lat' dir='ltr'>omnes</span> <span class='ocrx_word' id='word_1_56' title='bbox 543 1138 681 1214; x_wconf 88' lang='lat' dir='ltr'>repente</span> <span class='ocrx_word' id='word_1_57' title='bbox 716 1152 737 1194; x_wconf 88' lang='lat' dir='ltr'>a</span> <span class='ocrx_word' id='word_1_58' title='bbox 765 1137 949 1214; x_wconf 92' lang='lat' dir='ltr'>conspectu</span> <span class='ocrx_word' id='word_1_59' title='bbox 977 1130 1065 1193; x_wconf 82' lang='lat' dir='ltr'>texit</span> 
     </span>
     <span class='ocr_line' id='line_1_10' title="bbox 86 1229 1064 1317; baseline -0.003 -19"><span class='ocrx_word' id='word_1_60' title='bbox 86 1234 322 1298; x_wconf 88' lang='lat' dir='ltr'>Romanorum.</span> <span class='ocrx_word' id='word_1_61' title='bbox 347 1229 447 1311; x_wconf 81' lang='lat' dir='ltr'>Quod</span> <span class='ocrx_word' id='word_1_62' title='bbox 469 1231 528 1296; x_wconf 92' lang='lat' dir='ltr'>ubi</span> <span class='ocrx_word' id='word_1_63' title='bbox 551 1230 689 1317; x_wconf 87' lang='lat' dir='ltr'>accidit,</span> <span class='ocrx_word' id='word_1_64' title='bbox 718 1231 857 1297; x_wconf 87' lang='lat' dir='ltr'>barbari</span> <span class='ocrx_word' id='word_1_65' title='bbox 888 1232 1064 1296; x_wconf 86' lang='lat' dir='ltr'>vehemen-</span> 
     </span>
     <span class='ocr_line' id='line_1_11' title="bbox 86 1335 572 1420; baseline -0.008 -18"><span class='ocrx_word' id='word_1_66' title='bbox 86 1339 219 1402; x_wconf 93' lang='lat' dir='ltr'>tissimo</span> <span class='ocrx_word' id='word_1_67' title='bbox 242 1357 343 1401; x_wconf 91' lang='lat' dir='ltr'>cursu</span> <span class='ocrx_word' id='word_1_68' title='bbox 363 1335 572 1420; x_wconf 79' lang='lat' dir='ltr'>refugerunt.</span> 
     </span>
    </p>

    <p class='ocr_par' dir='ltr' id='par_1_3' title="bbox 80 1438 1086 3163">
     <span class='ocr_line' id='line_1_12' title="bbox 191 1438 1063 1521; baseline -0.001 -17"><span class='ocrx_word' id='word_1_69' title='bbox 191 1438 240 1504; x_wconf 87' lang='grc'>16.</span> <span class='ocrx_word' id='word_1_70' title='bbox 263 1438 402 1521; x_wconf 85' lang='lat' dir='ltr'>ansar,</span> <span class='ocrx_word' id='word_1_71' title='bbox 427 1441 491 1505; x_wconf 89' lang='lat' dir='ltr'>etsi</span> <span class='ocrx_word' id='word_1_72' title='bbox 521 1439 706 1505; x_wconf 86' lang='lat' dir='ltr'>discessum</span> <span class='ocrx_word' id='word_1_73' title='bbox 734 1438 880 1504; x_wconf 93' lang='lat' dir='ltr'>hostium</span> <span class='ocrx_word' id='word_1_74' title='bbox 912 1438 1063 1504; x_wconf 88' lang='lat' dir='ltr'>animad-</span> 
     </span>
     <span class='ocr_line' id='line_1_13' title="bbox 85 1541 1064 1631; baseline -0.005 -21"><span class='ocrx_word' id='word_1_75' title='bbox 85 1547 218 1610; x_wconf 84' lang='lat' dir='ltr'>&#39;vertere</span> <span class='ocrx_word' id='word_1_76' title='bbox 240 1566 308 1610; x_wconf 91' lang='lat' dir='ltr'>non</span> <span class='ocrx_word' id='word_1_77' title='bbox 331 1552 465 1631; x_wconf 88' lang='lat' dir='ltr'>poterat</span> <span class='ocrx_word' id='word_1_78' title='bbox 489 1544 657 1609; x_wconf 88' lang='lat' dir='ltr'>incendiis</span> <span class='ocrx_word' id='word_1_79' title='bbox 681 1543 854 1631; x_wconf 90' lang='lat' dir='ltr'>oppositis,</span> <span class='ocrx_word' id='word_1_80' title='bbox 884 1550 1000 1606; x_wconf 90' lang='lat' dir='ltr'>tamen</span> <span class='ocrx_word' id='word_1_81' title='bbox 1027 1541 1064 1606; x_wconf 94' lang='lat' dir='ltr'>id</span> 
     </span>
     <span class='ocr_line' id='line_1_14' title="bbox 87 1644 1064 1733; baseline -0.006 -18"><span class='ocrx_word' id='word_1_82' title='bbox 87 1648 265 1715; x_wconf 82' lang='lat' dir='ltr'>consilium</span> <span class='ocrx_word' id='word_1_83' title='bbox 289 1668 364 1713; x_wconf 93' lang='lat' dir='ltr'>cum</span> <span class='ocrx_word' id='word_1_84' title='bbox 386 1647 488 1732; x_wconf 82' lang='lat' dir='ltr'>fugae</span> <span class='ocrx_word' id='word_1_85' title='bbox 506 1669 611 1714; x_wconf 88' lang='lat' dir='ltr'>causa</span> <span class='ocrx_word' id='word_1_86' title='bbox 626 1649 747 1713; x_wconf 89' lang='lat' dir='ltr'>initum</span> <span class='ocrx_word' id='word_1_87' title='bbox 763 1649 1002 1733; x_wconf 87' lang='lat' dir='ltr'>suspicaretur,</span> <span class='ocrx_word' id='word_1_88' title='bbox 1017 1644 1064 1709; x_wconf 91' lang='lat' dir='ltr'>le-</span> 
     </span>
     <span class='ocr_line' id='line_1_15' title="bbox 85 1748 1065 1838; baseline -0.004 -22"><span class='ocrx_word' id='word_1_89' title='bbox 85 1754 202 1836; x_wconf 85' lang='lat' dir='ltr'>giones</span> <span class='ocrx_word' id='word_1_90' title='bbox 224 1760 414 1838; x_wconf 77' lang='lat' dir='ltr'>promovet,</span> <span class='ocrx_word' id='word_1_91' title='bbox 445 1761 572 1817; x_wconf 87' lang='lat' dir='ltr'>turmas</span> <span class='ocrx_word' id='word_1_92' title='bbox 600 1752 705 1816; x_wconf 88' lang='lat' dir='ltr'>mittit</span> <span class='ocrx_word' id='word_1_93' title='bbox 733 1750 779 1816; x_wconf 88' lang='lat' dir='ltr'>ad</span> <span class='ocrx_word' id='word_1_94' title='bbox 807 1748 1065 1836; x_wconf 81' lang='lat' dir='ltr'>insequendum3</span> 
     </span>
     <span class='ocr_line' id='line_1_16' title="bbox 85 1851 1057 1941; baseline -0.003 -22"><span class='ocrx_word' id='word_1_95' title='bbox 85 1858 157 1941; x_wconf 88' lang='lat' dir='ltr'>ipse</span> <span class='ocrx_word' id='word_1_96' title='bbox 179 1857 308 1920; x_wconf 87' lang='lat' dir='ltr'>veritus</span> <span class='ocrx_word' id='word_1_97' title='bbox 332 1854 486 1939; x_wconf 89' lang='lat' dir='ltr'>insidias,</span> <span class='ocrx_word' id='word_1_98' title='bbox 509 1855 662 1921; x_wconf 81' lang='lat' dir='ltr'>neforto</span> <span class='ocrx_word' id='word_1_99' title='bbox 686 1856 720 1919; x_wconf 91' lang='lat' dir='ltr'>in</span> <span class='ocrx_word' id='word_1_100' title='bbox 745 1854 860 1920; x_wconf 91' lang='lat' dir='ltr'>eodem</span> <span class='ocrx_word' id='word_1_101' title='bbox 883 1853 958 1918; x_wconf 91' lang='lat' dir='ltr'>loco</span> <span class='ocrx_word' id='word_1_102' title='bbox 982 1851 1057 1917; x_wconf 93' lang='lat' dir='ltr'>sub-</span> 
     </span>
     <span class='ocr_line' id='line_1_17' title="bbox 84 1958 1063 2043; baseline -0.001 -21"><span class='ocrx_word' id='word_1_103' title='bbox 84 1960 203 2024; x_wconf 84' lang='lat' dir='ltr'>sistere</span> <span class='ocrx_word' id='word_1_104' title='bbox 230 1958 337 2024; x_wconf 90' lang='lat' dir='ltr'>hostis</span> <span class='ocrx_word' id='word_1_105' title='bbox 360 1966 462 2043; x_wconf 89' lang='lat' dir='ltr'>atque</span> <span class='ocrx_word' id='word_1_106' title='bbox 486 1958 607 2024; x_wconf 89' lang='lat' dir='ltr'>elicere</span> <span class='ocrx_word' id='word_1_107' title='bbox 630 1967 763 2024; x_wconf 89' lang='lat' dir='ltr'>nostros</span> <span class='ocrx_word' id='word_1_108' title='bbox 780 1959 815 2023; x_wconf 91' lang='lat' dir='ltr'>in</span> <span class='ocrx_word' id='word_1_109' title='bbox 837 1958 947 2022; x_wconf 93' lang='lat' dir='ltr'>locum</span> <span class='ocrx_word' id='word_1_110' title='bbox 963 1978 1063 2022; x_wconf 88' lang='lat' dir='ltr'>oona-</span> 
     </span>
     <span class='ocr_line' id='line_1_18' title="bbox 83 2061 1085 2149; baseline -0.003 -22"><span class='ocrx_word' id='word_1_111' title='bbox 83 2071 176 2128; x_wconf 89' lang='lat' dir='ltr'>retur</span> <span class='ocrx_word' id='word_1_112' title='bbox 187 2063 348 2148; x_wconf 90' lang='lat' dir='ltr'>iniquum,</span> <span class='ocrx_word' id='word_1_113' title='bbox 364 2061 495 2127; x_wconf 89' lang='lat' dir='ltr'>tardius</span> <span class='ocrx_word' id='word_1_114' title='bbox 510 2061 673 2149; x_wconf 88' lang='lat' dir='ltr'>procedit.</span> <span class='ocrx_word' id='word_1_115' title='bbox 684 2061 826 2148; x_wconf 86' lang='lat' dir='ltr'>Equites</span> <span class='ocrx_word' id='word_1_116' title='bbox 843 2083 918 2127; x_wconf 93' lang='lat' dir='ltr'>cum</span> <span class='ocrx_word' id='word_1_117' title='bbox 935 2063 1085 2127; x_wconf 78' lang='lat' dir='ltr'>intrares</span> 
     </span>
     <span class='ocr_line' id='line_1_19' title="bbox 85 2164 1063 2248; baseline 0.004 -20"><span class='ocrx_word' id='word_1_118' title='bbox 85 2186 249 2230; x_wconf 93' lang='lat' dir='ltr'>summum</span> <span class='ocrx_word' id='word_1_119' title='bbox 272 2166 387 2248; x_wconf 83' lang='lat' dir='ltr'>iugum</span> <span class='ocrx_word' id='word_1_120' title='bbox 409 2173 443 2230; x_wconf 89' lang='lat' dir='ltr'>et</span> <span class='ocrx_word' id='word_1_121' title='bbox 465 2164 634 2231; x_wconf 85' lang='lat' dir='ltr'>flammam</span> <span class='ocrx_word' id='word_1_122' title='bbox 651 2165 887 2232; x_wconf 86' lang='lat' dir='ltr'>densissimam</span> <span class='ocrx_word' id='word_1_123' title='bbox 905 2168 1063 2232; x_wconf 87' lang='lat' dir='ltr'>timerent</span> 
     </span>
     <span class='ocr_line' id='line_1_20' title="bbox 88 2266 1062 2355; baseline 0 -22"><span class='ocrx_word' id='word_1_124' title='bbox 88 2291 139 2351; x_wconf 85' lang='lat' dir='ltr'>ac,</span> <span class='ocrx_word' id='word_1_125' title='bbox 164 2268 193 2334; x_wconf 93' lang='lat' dir='ltr'>si</span> <span class='ocrx_word' id='word_1_126' title='bbox 221 2269 278 2355; x_wconf 94' lang='lat' dir='ltr'>qui</span> <span class='ocrx_word' id='word_1_127' title='bbox 308 2266 462 2353; x_wconf 91' lang='lat' dir='ltr'>cupidius</span> <span class='ocrx_word' id='word_1_128' title='bbox 494 2270 716 2353; x_wconf 78' lang='lat' dir='ltr'>intraverant,</span> <span class='ocrx_word' id='word_1_129' title='bbox 745 2271 805 2336; x_wconf 84' lang='lat' dir='ltr'>vix</span> <span class='ocrx_word' id='word_1_130' title='bbox 835 2292 969 2335; x_wconf 90' lang='lat' dir='ltr'>suorum</span> <span class='ocrx_word' id='word_1_131' title='bbox 998 2269 1062 2354; x_wconf 90' lang='lat' dir='ltr'>ipsi</span> 
     </span>
     <span class='ocr_line' id='line_1_21' title="bbox 83 2372 1061 2459; baseline -0.001 -22"><span class='ocrx_word' id='word_1_132' title='bbox 83 2374 215 2459; x_wconf 87' lang='lat' dir='ltr'>priores</span> <span class='ocrx_word' id='word_1_133' title='bbox 239 2381 354 2458; x_wconf 88' lang='lat' dir='ltr'>partes</span> <span class='ocrx_word' id='word_1_134' title='bbox 383 2372 693 2439; x_wconf 86' lang='lat' dir='ltr'>animadverterent</span> <span class='ocrx_word' id='word_1_135' title='bbox 718 2395 888 2459; x_wconf 92' lang='lat' dir='ltr'>equorum,</span> <span class='ocrx_word' id='word_1_136' title='bbox 917 2373 1061 2438; x_wconf 88' lang='lat' dir='ltr'>insidias</span> 
     </span>
     <span class='ocr_line' id='line_1_22' title="bbox 83 2475 1063 2562; baseline -0.006 -18"><span class='ocrx_word' id='word_1_137' title='bbox 83 2479 184 2544; x_wconf 87' lang='lat' dir='ltr'>veriti</span> <span class='ocrx_word' id='word_1_138' title='bbox 206 2476 350 2542; x_wconf 90' lang='lat' dir='ltr'>liberam</span> <span class='ocrx_word' id='word_1_139' title='bbox 372 2475 572 2542; x_wconf 89' lang='lat' dir='ltr'>facultatem</span> <span class='ocrx_word' id='word_1_140' title='bbox 596 2478 648 2542; x_wconf 93' lang='lat' dir='ltr'>sui</span> <span class='ocrx_word' id='word_1_141' title='bbox 671 2477 857 2562; x_wconf 86' lang='lat' dir='ltr'>recipiendi</span> <span class='ocrx_word' id='word_1_142' title='bbox 870 2475 1063 2541; x_wconf 85' lang='lat' dir='ltr'>Bellovacis</span> 
     </span>
     <span class='ocr_line' id='line_1_23' title="bbox 84 2578 1085 2665; baseline -0.002 -19"><span class='ocrx_word' id='word_1_143' title='bbox 84 2580 259 2646; x_wconf 85' lang='lat' dir='ltr'>dederunt.</span> <span class='ocrx_word' id='word_1_144' title='bbox 271 2580 326 2645; x_wconf 87' lang='lat' dir='ltr'>Ita</span> <span class='ocrx_word' id='word_1_145' title='bbox 338 2579 420 2664; x_wconf 86' lang='lat' dir='ltr'>fuga</span> <span class='ocrx_word' id='word_1_146' title='bbox 432 2580 564 2645; x_wconf 90' lang='lat' dir='ltr'>timoris</span> <span class='ocrx_word' id='word_1_147' title='bbox 578 2579 676 2646; x_wconf 90' lang='lat' dir='ltr'>simul</span> <span class='ocrx_word' id='word_1_148' title='bbox 683 2580 951 2665; x_wconf 88' lang='lat' dir='ltr'>calliditatisque</span> <span class='ocrx_word' id='word_1_149' title='bbox 962 2578 1085 2665; x_wconf 81' lang='lat' dir='ltr'>plenae</span> 
     </span>
     <span class='ocr_line' id='line_1_24' title="bbox 84 2681 1064 2769; baseline -0.003 -20"><span class='ocrx_word' id='word_1_150' title='bbox 84 2687 157 2749; x_wconf 88' lang='lat' dir='ltr'>sine</span> <span class='ocrx_word' id='word_1_151' title='bbox 179 2683 249 2748; x_wconf 93' lang='lat' dir='ltr'>ullo</span> <span class='ocrx_word' id='word_1_152' title='bbox 274 2683 474 2749; x_wconf 90' lang='lat' dir='ltr'>detrimento</span> <span class='ocrx_word' id='word_1_153' title='bbox 498 2683 591 2751; x_wconf 87' lang='lat' dir='ltr'>milia</span> <span class='ocrx_word' id='word_1_154' title='bbox 614 2705 681 2749; x_wconf 93' lang='lat' dir='ltr'>non</span> <span class='ocrx_word' id='word_1_155' title='bbox 699 2683 841 2769; x_wconf 90' lang='lat' dir='ltr'>amplius</span> <span class='ocrx_word' id='word_1_156' title='bbox 859 2681 974 2748; x_wconf 91' lang='lat' dir='ltr'>decem</span> <span class='ocrx_word' id='word_1_157' title='bbox 988 2703 1064 2768; x_wconf 89' lang='lat' dir='ltr'>pro-</span> 
     </span>
     <span class='ocr_line' id='line_1_25' title="bbox 84 2786 1061 2872; baseline 0 -20"><span class='ocrx_word' id='word_1_158' title='bbox 84 2787 193 2872; x_wconf 84' lang='lat' dir='ltr'>gressi</span> <span class='ocrx_word' id='word_1_159' title='bbox 221 2786 336 2853; x_wconf 90' lang='lat' dir='ltr'>hostes</span> <span class='ocrx_word' id='word_1_160' title='bbox 365 2787 440 2852; x_wconf 92' lang='lat' dir='ltr'>loco</span> <span class='ocrx_word' id='word_1_161' title='bbox 470 2788 693 2854; x_wconf 89' lang='lat' dir='ltr'>munitissimo</span> <span class='ocrx_word' id='word_1_162' title='bbox 723 2795 837 2852; x_wconf 89' lang='lat' dir='ltr'>castra</span> <span class='ocrx_word' id='word_1_163' title='bbox 866 2797 1061 2872; x_wconf 88' lang='lat' dir='ltr'>posuerunt.</span> 
     </span>
     <span class='ocr_line' id='line_1_26' title="bbox 80 2889 1086 2976; baseline -0.003 -19"><span class='ocrx_word' id='word_1_164' title='bbox 80 2891 165 2957; x_wconf 90' lang='lat' dir='ltr'>Inde</span> <span class='ocrx_word' id='word_1_165' title='bbox 188 2912 267 2956; x_wconf 93' lang='lat' dir='ltr'>cum</span> <span class='ocrx_word' id='word_1_166' title='bbox 294 2911 395 2976; x_wconf 87' lang='lat' dir='ltr'>saepe</span> <span class='ocrx_word' id='word_1_167' title='bbox 417 2892 453 2954; x_wconf 93' lang='lat' dir='ltr'>in</span> <span class='ocrx_word' id='word_1_168' title='bbox 476 2890 611 2955; x_wconf 89' lang='lat' dir='ltr'>insidiis</span> <span class='ocrx_word' id='word_1_169' title='bbox 635 2892 764 2976; x_wconf 90' lang='lat' dir='ltr'>equites</span> <span class='ocrx_word' id='word_1_170' title='bbox 780 2889 977 2976; x_wconf 90' lang='lat' dir='ltr'>peditesque</span> <span class='ocrx_word' id='word_1_171' title='bbox 995 2889 1086 2955; x_wconf 76' lang='lat' dir='ltr'>dis-4</span> 
     </span>
     <span class='ocr_line' id='line_1_27' title="bbox 81 2991 1060 3080; baseline -0.001 -21"><span class='ocrx_word' id='word_1_172' title='bbox 81 3001 257 3080; x_wconf 82' lang='lat' dir='ltr'>ponerent,</span> <span class='ocrx_word' id='word_1_173' title='bbox 280 3012 404 3077; x_wconf 84' lang='lat' dir='ltr'>magna</span> <span class='ocrx_word' id='word_1_174' title='bbox 429 2991 632 3059; x_wconf 87' lang='lat' dir='ltr'>detrimenta</span> <span class='ocrx_word' id='word_1_175' title='bbox 661 2993 822 3058; x_wconf 88' lang='lat' dir='ltr'>Romanis</span> <span class='ocrx_word' id='word_1_176' title='bbox 853 2994 888 3058; x_wconf 91' lang='lat' dir='ltr'>in</span> <span class='ocrx_word' id='word_1_177' title='bbox 919 2992 1060 3079; x_wconf 89' lang='lat' dir='ltr'>pabula·</span> 
     </span>
     <span class='ocr_line' id='line_1_28' title="bbox 81 3095 460 3163; baseline -0.008 -2"><span class='ocrx_word' id='word_1_178' title='bbox 81 3097 233 3163; x_wconf 91' lang='lat' dir='ltr'>tionibus</span> <span class='ocrx_word' id='word_1_179' title='bbox 257 3095 460 3163; x_wconf 88' lang='lat' dir='ltr'>inferebant.</span> 
     </span>
    </p>

    <p class='ocr_par' dir='ltr' id='par_1_4' title="bbox 84 3199 1064 3495">
     <span class='ocr_line' id='line_1_29' title="bbox 186 3199 1062 3286; baseline 0 -20"><span class='ocrx_word' id='word_1_180' title='bbox 186 3201 237 3266; x_wconf 79' lang='lat'>17.</span> <span class='ocrx_word' id='word_1_181' title='bbox 254 3199 354 3282; x_wconf 80' lang='lat' dir='ltr'>Quod</span> <span class='ocrx_word' id='word_1_182' title='bbox 373 3221 449 3265; x_wconf 90' lang='lat' dir='ltr'>oum</span> <span class='ocrx_word' id='word_1_183' title='bbox 472 3201 624 3267; x_wconf 87' lang='lat' dir='ltr'>crebrius</span> <span class='ocrx_word' id='word_1_184' title='bbox 653 3200 834 3285; x_wconf 91' lang='lat' dir='ltr'>accideret,</span> <span class='ocrx_word' id='word_1_185' title='bbox 856 3223 900 3266; x_wconf 90' lang='lat' dir='ltr'>ex</span> <span class='ocrx_word' id='word_1_186' title='bbox 920 3203 1062 3286; x_wconf 88' lang='lat' dir='ltr'>captivo</span> 
     </span>
     <span class='ocr_line' id='line_1_30' title="bbox 84 3301 1064 3391; baseline 0 -22"><span class='ocrx_word' id='word_1_187' title='bbox 84 3304 229 3391; x_wconf 88' lang='lat' dir='ltr'>quodam</span> <span class='ocrx_word' id='word_1_188' title='bbox 257 3304 421 3391; x_wconf 91' lang='lat' dir='ltr'>comperit</span> <span class='ocrx_word' id='word_1_189' title='bbox 452 3301 581 3370; x_wconf 77' lang='lat' dir='ltr'>Caesar</span> <span class='ocrx_word' id='word_1_190' title='bbox 604 3303 772 3388; x_wconf 83' lang='lat' dir='ltr'>Correum,</span> <span class='ocrx_word' id='word_1_191' title='bbox 803 3303 1064 3370; x_wconf 87' lang='lat' dir='ltr'>Bellovacorum</span> 
     </span>
     <span class='ocr_line' id='line_1_31' title="bbox 85 3406 1063 3495; baseline 0 -22"><span class='ocrx_word' id='word_1_192' title='bbox 85 3408 213 3493; x_wconf 88' lang='lat' dir='ltr'>ducem,</span> <span class='ocrx_word' id='word_1_193' title='bbox 236 3408 496 3474; x_wconf 87' lang='lat' dir='ltr'>fortissimorum</span> <span class='ocrx_word' id='word_1_194' title='bbox 518 3406 613 3473; x_wconf 82' lang='lat' dir='ltr'>milia</span> <span class='ocrx_word' id='word_1_195' title='bbox 637 3430 698 3473; x_wconf 87' lang='lat' dir='ltr'>sex</span> <span class='ocrx_word' id='word_1_196' title='bbox 719 3407 871 3495; x_wconf 90' lang='lat' dir='ltr'>peditum</span> <span class='ocrx_word' id='word_1_197' title='bbox 894 3406 1063 3491; x_wconf 84' lang='lat' dir='ltr'>delegisse</span> 
     </span>
    </p>
   </div>
   <div class='ocr_carea' id='block_1_3' title="bbox 84 3509 1060 3672">
    <p class='ocr_par' dir='ltr' id='par_1_5' title="bbox 84 3509 1060 3672">
     <span class='ocr_line' id='line_1_32' title="bbox 84 3509 1060 3599; baseline -0.002 -22"><span class='ocrx_word' id='word_1_198' title='bbox 84 3513 279 3599; x_wconf 85' lang='lat' dir='ltr'>equitesque</span> <span class='ocrx_word' id='word_1_199' title='bbox 303 3534 346 3577; x_wconf 89' lang='lat' dir='ltr'>ex</span> <span class='ocrx_word' id='word_1_200' title='bbox 368 3510 458 3576; x_wconf 89' lang='lat' dir='ltr'>omni</span> <span class='ocrx_word' id='word_1_201' title='bbox 480 3533 617 3578; x_wconf 91' lang='lat' dir='ltr'>numero</span> <span class='ocrx_word' id='word_1_202' title='bbox 641 3510 744 3594; x_wconf 88' lang='lat' dir='ltr'>mille,</span> <span class='ocrx_word' id='word_1_203' title='bbox 768 3532 851 3596; x_wconf 91' lang='lat' dir='ltr'>quos</span> <span class='ocrx_word' id='word_1_204' title='bbox 875 3511 910 3576; x_wconf 94' lang='lat' dir='ltr'>in</span> <span class='ocrx_word' id='word_1_205' title='bbox 925 3509 1060 3575; x_wconf 91' lang='lat' dir='ltr'>insidiis</span> 
     </span>
     <span class='ocr_line' id='line_1_33' title="bbox 135 3613 915 3672; baseline 0 -2"><span class='ocrx_word' id='word_1_206' title='bbox 135 3630 219 3671; x_wconf 66' lang='lat' dir='ltr'>cassu.</span> <span class='ocrx_word' id='word_1_207' title='bbox 233 3628 252 3672; x_wconf 91' lang='lat'>1.</span> <span class='ocrx_word' id='word_1_208' title='bbox 265 3628 287 3672; x_wconf 80' lang='lat' dir='ltr'>n.</span> <span class='ocrx_word' id='word_1_209' title='bbox 302 3629 327 3671; x_wconf 86' lang='lat' dir='ltr'>o.</span> <span class='ocrx_word' id='word_1_210' title='bbox 878 3613 915 3663; x_wconf 73' lang='lat' dir='ltr'>tt</span> 
     </span>
    </p>
   </div>
   <div class='ocr_carea' id='block_1_4' title="bbox 0 0 1192 3924">
    <p class='ocr_par' dir='ltr' id='par_1_6' title="bbox 0 0 1192 3924">
     <span class='ocr_line' id='line_1_34' title="bbox 0 0 1192 3924; baseline 0 0"><span class='ocrx_word' id='word_1_211' title='bbox 0 0 1192 3924; x_wconf 95' lang='lat' dir='ltr'> </span> 
     </span>
    </p>
   </div>
  </div>
 </body>
</html>
