2376 3924
95 233 145 281 XX
401 229 611 280 ADNO'PATIO
631 228 776 278 CRlTlCA

199 420 281 480 cti,
302 421 328 468 1:
357 417 549 486 [ud]uquundi
567 415 673 486 consul!
702 433 763 466 cum
785 418 899 466 verbum
928 415 1076 484 adaquari

95 508 175 573 plane
193 507 332 556 insolitum
351 508 386 556 sit
404 521 492 570 neque
511 505 570 554 ulla
587 505 691 554 ratione
715 502 824 553 defendi
850 504 949 568 possit,
977 502 1018 555 ud
1036 504 1076 553 in-

95 594 172 644 clusi.
199 592 297 643 vocula
323 591 362 643 ud
389 607 422 642 ex
449 591 541 656 glossa
572 589 689 655 quadam
721 589 906 654 superscripta
939 590 1076 640 restitisse

95 679 210 729 videtur.

198 781 220 814 c.
239 766 281 827 67,
299 766 329 812 3:
357 760 517 831 corisuerit]
541 763 581 812 sic
598 759 614 814 f
630 766 656 811 et
673 761 798 811 Diibneri
816 760 893 811 codd.
913 767 1027 827 excepto
1046 775 1077 834 a,

96 855 142 917 qui
160 849 337 905 consueuerit
354 851 444 912 hebet,
469 849 540 915 qnod
553 848 708 913 Nipperdey
729 849 840 913 recepit.
857 875 893 885 -
911 845 936 916 ᾖ.
950 849 981 897 6:
1000 845 1075 900 euin·

95 938 134 991 cu
158 955 191 988 ex
214 937 338 987 codicum
361 952 496 986 consensu
519 934 693 986 scribendum
716 951 776 984 esse
795 934 873 993 duxi3
901 932 991 986 uincit
1009 935 1075 1001 Nip-

94 1024 196 1090 perdey
216 1029 242 1072 et
260 1024 433 1074 recentiores.

198 1125 221 1158 c.
246 1111 291 1171 72,
315 1108 344 1156 5:
371 1106 528 1174 prciesidiis
555 1105 696 1158 'tisernitius
724 1104 895 1175 dispositis]
926 1108 966 1156 sic
995 1107 1074 1157 codd.

93 1199 201 1258 praeter
220 1193 287 1242 duos
306 1192 462 1256 deteriores,
487 1195 540 1257 qui,
567 1192 639 1256 quod
656 1192 739 1257 vulgo
760 1190 804 1241 edi
822 1192 900 1252 solet,
919 1191 952 1243 in
971 1191 1073 1244 monti·

95 1279 146 1330 bus
166 1278 274 1328 habent.
294 1294 354 1328 cum
373 1279 538 1344 Nipperdcio
557 1279 787 1343 praepositionem
809 1294 863 1327 non
888 1279 1074 1344 recipiendam

97 1380 155 1414 esse
173 1365 246 1418 duxi.
264 1363 357 1433 (snpra
375 1380 482 1430 qnoque
501 1381 523 1414 c.
536 1367 577 1426 21,
591 1366 620 1414 3:
639 1363 700 1430 ipse
718 1363 756 1416 iis
774 1363 1074 1430 operibus...ntilites

96 1450 235 1518 disponit,
263 1466 326 1516 pars
345 1451 477 1501 editorum
495 1452 589 1501 invitis
608 1450 686 1500 libris
705 1449 737 1501 iu
754 1456 914 1516 posuerunt.
942 1451 976 1500 cf.
994 1452 1023 1502 b.
1043 1451 1074 1502 G.

96 1540 236 1601 s,1s,1.)

199 1641 220 1673 c.
241 1623 282 1683 75,
301 1626 330 1673 2:
359 1621 557 1691 deprehendit]
582 1640 642 1672 cum
667 1638 687 1676 a
712 1631 739 1672 et
757 1623 835 1672 codd.
854 1623 945 1674 Ursin.
966 1629 993 1672 et
1011 1623 1072 1673 Ric-

95 1709 178 1776 card.)
198 1709 292 1773 (famil.
305 1709 403 1774 Havn.)
424 1707 572 1775 deprendit
592 1710 719 1772 habeant,
737 1711 792 1758 iam
811 1723 892 1773 aegre
911 1710 978 1772 fero,
1001 1711 1073 1776 quod

94 1811 142 1860 pro
162 1795 214 1844 hac
230 1795 316 1843 forma
333 1795 483 1858 pleniorem
503 1793 738 1860 deprehendit
757 1795 880 1859 reposui,
906 1810 988 1858 quam
1010 1796 1027 1849 i
1048 1802 1075 1847 et

96 1881 179 1930 ceteri
199 1879 263 1929 libri
281 1879 420 1945 praebent.

198 1983 220 2016 c.
239 1967 281 2027 80,
300 1969 328 2017 4:
356 1980 412 2031 quu
434 1981 465 2017 re
489 1965 615 2018 uuiiuuun
643 1965 763 2017 udoersu
788 1965 893 2018 Cuesur
920 1966 1073 2031 refectis

96 2052 249 2121 lepiouibus
268 2050 465 2120 subsequitur]
486 2069 534 2118 pro
554 2054 645 2116 inepto
664 2051 771 2104 relictis
790 2053 844 2101 iam
861 2054 890 2101 in
909 2053 1000 2118 priore
1019 2054 1076 2104 edi·

95 2139 168 2188 tione
199 2140 296 2204 scripsi
324 2138 481 2203 refectis.
517 2124 596 2189 idem¹
618 2139 716 2189 deinde
742 2139 856 2189 Dtibner
884 2140 969 2190 edidit
1000 2137 1074 2192 ‘cum

96 2218 220 2287 criticis’,
239 2230 269 2274 nt
287 2225 405 2288 adnotat,
423 2223 573 2290 ‘pluribus'
593 2225 628 2290 (i)
664 2227 769 2285 Dinter,
788 2225 834 2290 qni
853 2226 882 2275 in
902 2227 966 2276 edit.
985 2227 1073 2278 Teub.

98 2312 163 2361 1870
187 2329 212 2377 p.
234 2312 323 2362 XXVI
347 2310 496 2375 refectis
523 2319 553 2362 ut
580 2328 675 2377 parum
702 2312 844 2377 probabile
871 2313 1074 2380 repudiaverat,

95 2400 196 2447 iamin
220 2398 261 2448 ed.
279 2414 304 2448 a.
324 2400 390 2450 1888
413 2401 530 2464 recepit,
558 2398 605 2448 sed
629 2399 740 2448 Deitero
765 2415 837 2448 nnnc
861 2399 998 2462 vindicat,
1026 2402 1075 2466 qui

95 2485 150 2534 sere
168 2485 280 2550 triginta
298 2487 378 2535 annis
397 2491 458 2550 post
476 2484 585 2550 (Philol.
604 2489 622 2535 t.
642 2487 684 2546 44,
703 2499 728 2533 a.
747 2486 822 2545 isso,
840 2502 866 2549 p.
879 2485 941 2548 368)
960 2485 990 2534 in
1009 2501 1074 2537 ean-

80 2571 156 2621 dem
175 2571 392 2621 emendationem
410 2570 514 2620 incidit
541 2570 697 2635 Nipperdey
715 2569 896 2636 superlitis
915 2570 1074 2636 legionibus

95 2658 266 2707 scribendum
280 2673 339 2707 esse
353 2659 518 2719 coniecerat3
537 2658 642 2706 Kraner
658 2673 754 2722 parum
773 2658 870 2707 anxius
890 2657 923 2708 de
940 2657 1075 2709 librorum

94 2741 147 2791 fide
164 2741 271 2794 relictis
289 2741 548 2809 incpedintentis
567 2742 659 2807 edidit,
676 2742 747 2808 quod
760 2743 790 2790 F.
802 2743 938 2793 Hofmann
952 2745 1074 2797 retinuit

198 2844 220 2877 c.
232 2829 273 2889 81,
287 2830 316 2878 6:
334 2827 378 2879 lu‘s
397 2842 441 2880 eos
459 2827 656 2895 suppliciis
674 2827 745 2879 niele
757 2827 871 2897 liabent]
890 2830 930 2879 sic
941 2830 998 2880 ism
1010 2847 1074 2882 cnm

96 2913 290 2963 recentioribus
310 2914 457 2963 editoribus
477 2915 581 2979 scripsi,
600 2931 659 2963 cunr
680 2915 748 2965 haec
767 2921 794 2964 et
811 2916 922 2980 propius
935 2915 970 2964 ad
987 2915 1074 2968 libro·

95 3014 153 3047 rum
183 2999 267 3048 verba
293 2999 434 3065 supplices
461 3000 531 3052 nrule
557 3000 655 3052 liuberi
683 3001 815 3051 accedant
840 3008 866 3051 et
889 3002 1075 3067 respondeant

93 3084 198 3133 Afranii
217 3084 307 3135 verbis
326 3102 348 3134 c.
367 3087 408 3145 84,
427 3086 451 3138 4.
471 3092 551 3136 antea
569 3104 629 3137 cum
648 3087 812 3152 Nipperdeio
832 3103 864 3136 ex
881 3087 990 3138 Davisii
1008 3103 1074 3141 con-

93 3170 198 3221 iectura
216 3168 260 3222 his
279 3185 323 3222 eos
342 3171 482 3237 supplices
500 3172 582 3225 usulis
600 3172 699 3225 liubere
718 3173 864 3224 edideram.
882 3201 917 3212 -
935 3175 959 3236 5.
970 3175 1000 3224 i:
1020 3174 1074 3245 [ud

93 3255 136 3324 id]
157 3256 268 3306 seclusit
285 3257 317 3307 F.
335 3257 480 3309 Hofmann.

198 3358 220 3392 c.
233 3344 274 3406 82,
289 3345 317 3392 1:
336 3341 380 3394 uu
391 3341 586 3410 impediendae
603 3345 762 3412 reliquus
780 3344 948 3399 irtiuu'tiouis
961 3346 1074 3421 cam]

93 3446 160 3480 corr.
179 3429 402 3489 Forchhammer;
430 3432 508 3486 codd.
533 3433 575 3484 rei
599 3447 669 3498 quae
693 3432 860 3486 munitionis
877 3431 962 3498 nbat
979 3446 1075 3489 cam

91 3515 138 3566 vel
160 3530 246 3568 cuusu
263 3514 347 3579 fietu
367 3518 503 3569 exhibent.
