2376 3924
136 214 201 277 ,146
438 215 489 263 Du
507 214 627 264 sunno
647 214 806 266 onnmoo

116 405 201 470 4His
235 404 440 469 confirmatis
474 403 575 469 rebus
605 402 789 469 Commium
812 403 1011 472 Atrebatem
1040 431 1115 476 cum

139 510 291 594 equitatu
314 506 465 572 custodis
488 504 563 572 loco
586 508 621 571 in
644 507 810 593 Menapiis
833 508 1009 596 relinquit3
1044 514 1116 599 ipse

138 616 172 677 in
195 612 359 677 Treveros
382 611 615 696 proficiscitur.

242 716 270 777 l.
283 714 464 781 Dumhaeo
472 713 647 781 aansare
654 726 825 800 geruntur,
834 716 972 783 Treveri
981 723 1114 804 magnis

137 821 265 885 coactis
281 818 454 905 peditatus
472 820 707 904 equitatusque
718 820 825 906 copiis
837 818 1027 887 Labienum
1039 846 1116 889 oum

137 921 355 1006 unalegione,
364 922 492 1008 quaein
501 920 743 987 eorumfinibus
756 921 974 1008 hiemaverat,
988 925 1116 991 adoriri

116 1024 458 1112 ²parabant,iamque
465 1024 509 1091 ab
518 1046 555 1090 eo
564 1047 632 1090 non
640 1023 775 1108 longius
788 1023 885 1090 bidui
891 1028 947 1091 via
960 1026 1115 1113 aberant,

137 1152 213 1194 oum
237 1128 321 1193 duas
344 1130 479 1194 venisse
501 1127 653 1212 legiones
682 1130 788 1194 missu
809 1127 968 1195 Caesaris
991 1153 1114 1216 eogno-

115 1241 245 1299 ³sount.
269 1233 393 1297 Positis
417 1233 541 1298 eastris
558 1255 579 1297 a
594 1231 730 1298 milibus
745 1253 907 1317 passuum
921 1251 969 1297 xv
984 1236 1114 1301 auxilie

115 1337 383 1403 4Germanorum
408 1346 608 1422 exspectare
625 1337 844 1405 constituunt.
867 1337 1040 1403 Labienus
1058 1339 1115 1404 ho-

137 1445 238 1507 stium
250 1441 388 1523 cognito
401 1439 553 1524 consilio,
568 1462 707 1527 sperans
720 1441 1031 1506 temeritateeorum
1044 1443 1115 1508 fore

137 1545 284 1631 aliquam
299 1541 484 1608 dimicandi
496 1541 706 1627 facultatem,
717 1543 889 1628 praesidio
902 1546 1047 1631 quinquo
1060 1569 1114 1611 co-

136 1649 282 1713 hortium
306 1645 554 1731 impedimentis
578 1645 697 1712 relicto
722 1669 798 1712 oum
821 1647 946 1731 viginti
968 1651 1115 1736 quinque

136 1750 331 1816 cohortibus
355 1768 544 1834 magnoque
567 1749 720 1835 equitatu
736 1759 856 1816 contra
870 1749 1002 1817 hostem
1016 1754 1114 1839 profi·

137 1857 278 1920 cisoitur
301 1863 334 1919 et
358 1852 450 1918 mille
472 1875 633 1939 passuum
656 1855 848 1919 intermisso
871 1855 982 1940 spatio
998 1866 1114 1921 castra

114 1960 329 2024 scommunit.
353 1957 438 2022 Erat
453 1958 542 2023 inter
557 1956 748 2023 Labienum
764 1967 866 2044 atquo
881 1957 1011 2024 hostem
1029 1959 1113 2025 diffi-

137 2062 194 2128 cili
218 2062 366 2127 transitu
381 2061 502 2126 flumen
519 2062 668 2147 ripisque
691 2063 892 2148 praeruptis.
915 2062 991 2127 Hoc
1006 2084 1114 2150 neque

137 2169 208 2251 ipse
231 2165 377 2231 transire
392 2163 541 2229 habebat
557 2166 592 2229 in
609 2165 720 2230 animo
736 2187 844 2252 neque
859 2165 975 2232 hostes
990 2169 1114 2233 transi-

115 2280 230 2335 sturos
255 2268 485 2334 existimabat.
530 2267 730 2352 Augebatur
761 2267 966 2335 auxiliorum
987 2271 1114 2337 cotidie

137 2397 222 2459 spes.
267 2372 434 2459 Loquitur
462 2373 497 2437 in
520 2370 664 2438 concilio
691 2371 815 2460 palam,
850 2375 1007 2459 quoniam
1031 2372 1111 2439 Ger·

135 2477 226 2542 mani
240 2479 508 2562 appropinquare
522 2476 690 2561 dieantur,
704 2499 779 2543 sese
791 2498 869 2543 suas
878 2480 1113 2565 exercitusque

134 2583 287 2647 fortunas
305 2583 338 2645 in
357 2579 493 2645 dubium
515 2601 583 2645 non
601 2579 841 2646 devocaturum
858 2590 891 2646 et
906 2590 1041 2667 postero
1059 2581 1114 2647 die

114 2688 242 2770 aprima
255 2683 329 2749 luce
341 2693 456 2749 castra
468 2693 643 2749 moturum.
660 2682 824 2750 Celeriter
838 2684 923 2750 haec
939 2685 985 2751 ad
998 2685 1112 2752 hostes

137 2789 341 2870 deferuntur,
364 2797 402 2853 ut
418 2811 461 2853 ex
477 2809 600 2872 magno
618 2785 795 2854 Gallorum
811 2789 961 2875 equitum
975 2810 1113 2855 numero

114 2888 467 2956 snonnullosGalliois
480 2890 580 2957 rebus
597 2891 711 2956 favere
728 2901 850 2957 natura
867 2892 1022 2976 cogebat.
1045 2893 1113 2958 La-

134 2995 255 3060 bienus
278 3005 381 3060 noctu
403 2992 549 3060 tribunis
573 2995 716 3060 militum
739 2996 922 3082 primisque
938 2996 1113 3063 ordinibus

136 3101 343 3181 convocatis,
373 3098 455 3184 quid
478 3100 529 3164 sui
554 3101 598 3163 sit
622 3097 767 3182 consilii,
794 3100 952 3186 proponit
975 3109 1019 3183 et,
1048 3122 1113 3187 quo

136 3202 272 3268 facilius
295 3201 449 3267 hostibus
478 3204 608 3267 timoris
634 3202 690 3267 det
715 3204 952 3289 suspicionem,
985 3205 1113 3269 maiore

136 3309 278 3392 strepitu
291 3317 324 3371 et
335 3306 490 3390 tumultu,
504 3328 603 3392 quam
614 3306 730 3393 populi
741 3307 883 3374 Romani
895 3307 961 3373 fert
974 3327 1113 3374 eonsue-

134 3411 228 3494 tudo,
251 3421 367 3476 castra
383 3411 511 3476 moveri
527 3410 630 3476 iubet.
655 3410 718 3476 His
735 3411 836 3477 rebus
852 3411 955 3496 fugae
971 3410 1112 3478 similem

112 3515 375 3599 sprofeotionem
398 3513 517 3580 effecit.
540 3514 635 3579 Haec
659 3535 790 3602 quoque
804 3536 865 3602 per
881 3514 1113 3602 exploratores
