2376 3924
312 215 360 264 AD
380 215 478 266 CAES.
497 215 602 265 BELL.
622 216 691 269 CIV.
709 216 758 279 ΙΙΙ,
778 217 870 266 7-15,
992 216 1080 266 XXXI

205 406 341 465 c.10,5:
369 404 408 457 ool
427 403 571 458 Curictam
598 421 646 470 pro
671 403 710 458 ool
729 402 881 472 Oorcpram
907 404 1079 455 scribendum

99 507 161 542 esse
180 490 273 541 docuit
290 493 449 542 Mommsen.
468 520 503 529 -
521 494 545 552 ξ.
563 493 593 540 b:
612 489 691 560 euml]
710 491 847 556 supplevit
864 491 1028 556 Nipperdey.
1046 519 1080 530 -

100 578 126 644 ς.
144 579 174 627 9:
202 575 311 628 iuterec
334 592 348 628 e
370 575 556 643 republica
575 592 636 628 esse
659 580 686 628 et
707 575 780 643 ipsis
800 574 912 642 placere
935 573 1080 643 oportere]

100 664 211 729 propius
229 662 297 712 haec
315 664 400 713 verbs
418 663 452 713 sd
475 663 605 714 librorum
630 664 791 728 scripturam
815 661 924 715 imtcrea
942 666 968 713 et
985 660 1080 729 reipu-

96 747 229 816 publicae
247 752 274 801 et
292 747 365 815 ipsis
380 747 494 815 placere
512 753 639 816 oportere
662 747 793 801 secedere
816 755 881 814 puto
905 764 987 814 quum
1011 762 1080 812 quse

102 851 135 886 ex
153 835 287 900 Madvigii
306 836 464 885 coniectura
480 836 513 884 F.
531 835 668 886 Hoimsnn
696 836 817 901 scripsit:
844 833 882 886 iri
905 833 1082 886 iuteresse

100 918 272 986 reipublicae
290 924 317 972 et
335 919 407 987 ipsis
423 919 536 987 placere
553 924 688 987 oportere.
715 920 877 971 vocabulum
896 919 1005 972 iutereo
1023 921 1081 985 ipso

101 1022 192 1056 rerum
210 1005 306 1055 habitu
325 1005 485 1070 postulatur.
504 1033 539 1044 —
557 1008 641 1067 §.10:
659 1005 726 1058 liuec
744 1021 797 1072 quo
815 1004 933 1070 facilius
951 1004 1082 1072 Pompeio

99 1090 219 1158 probari
239 1095 371 1158 possuit,
399 1105 492 1143 omues
512 1105 581 1143 suos
600 1094 747 1143 terrestres
769 1089 896 1157 ubique
918 1090 1016 1158 copias
1038 1088 1082 1142 eli-

101 1175 256 1229 missurum
268 1215 273 1226 .
284 1215 291 1228 .
303 1214 308 1226 .
318 1174 348 1244 .ss
367 1176 469 1242 ubique
487 1178 542 1227 ism
556 1193 588 1228 ex
600 1177 748 1227 Woelffelii
763 1178 920 1228 coniectura
937 1178 1016 1242 posui
1033 1193 1082 1242 pro

101 1261 282 1328 urbiumque,
311 1263 383 1328 quod
408 1265 436 1312 in
465 1264 554 1328 priore
578 1263 697 1313 editione
721 1265 822 1313 frustra
846 1279 863 1313 a
881 1281 922 1314 rue
943 1263 1082 1314 defensum

102 1364 162 1399 esse
186 1348 315 1399 concedo.
345 1348 502 1414 Nipperdey
526 1355 553 1399 et
578 1349 683 1399 Kraner
709 1347 877 1414 urbiumque
904 1354 934 1399 ut
962 1351 1082 1415 spurium

102 1440 241 1484 notarunt.
259 1434 357 1483 Dinter
374 1433 428 1498 (ed.
441 1434 551 1497 Dober.)
570 1434 707 1500 supplevit
725 1432 890 1499 urbiumque
907 1435 1084 1499 praesidia

103 1521 219 1569 statim
240 1535 272 1569 so
292 1518 486 1571 dimissurum.
504 1520 618 1570 Dttbner
631 1524 658 1568 et
670 1519 701 1568 F.
712 1519 850 1569 Hoimsnn
863 1520 983 1585 Hugium
997 1523 1084 1571 secuti

103 1612 187 1657 totam
207 1606 371 1656 sententiam
389 1611 419 1655 ut
437 1607 558 1670 spurium
575 1607 654 1656 uncis
672 1604 852 1655 incluserunt.
881 1611 910 1656 st
927 1605 1012 1656 verbs
1029 1622 1083 1656 non

103 1708 137 1743 es
159 1698 235 1754 sunt,
263 1707 333 1757 quus
361 1692 395 1741 ab
419 1691 613 1756 interpolatore
641 1689 758 1756 quodum
786 1689 903 1740 conficta
926 1691 1084 1750 videantur;

102 1779 184 1828 immo
204 1778 326 1843 suspicor
345 1776 478 1828 excidisse
490 1777 584 1837 verbu,
603 1778 702 1842 quibus
720 1775 935 1844 significabatur,
954 1792 1009 1841 qus
1021 1793 1083 1829 con·

103 1863 209 1912 dicione
224 1862 324 1913 Caesar
337 1865 429 1928 copias
449 1878 511 1913 suas
530 1865 622 1913 statim
641 1863 802 1912 dimissurus
820 1868 901 1928 esset,
920 1878 957 1913 so.
973 1856 1008 1914 ‘si
1026 1865 1084 1930 qui·

102 1949 164 1998 dem
177 1949 322 2013 Pompeius
335 1948 407 1998 idem
420 1964 449 1998 se
463 1965 522 1999 esse
535 1949 666 1999 facturum
686 1948 861 1999 iureiurando
881 1947 1084 2001 confirmasset?

207 2050 230 2083 c.
250 2036 290 2094 11,
312 2037 340 2083 1:
368 2031 529 2102 [Corcyrae]
555 2041 586 2084 ut
609 2040 672 2084 ante
690 2033 856 2099 Nipperdeio
875 2034 1020 2086 obsecutus
1044 2037 1084 2084 in·

103 2120 186 2179 clusi;
205 2119 375 2170 retinuerunt
387 2121 509 2181 Dttbner,
526 2121 559 2169 F.
571 2120 718 2172 Hofmsnn.
748 2120 860 2185 Madvig
877 2136 926 2184 pro
945 2119 1084 2172 Vibullius

102 2204 147 2258 bis
160 2203 297 2272 expositis
312 2202 451 2271 Corcyrae
469 2206 609 2271 proposuit
624 2203 764 2258 Vibullius
778 2204 923 2271 expositus
938 2202 1084 2272 Corcyrae,

104 2291 177 2356 quod
194 2292 292 2341 Dinter
316 2292 344 2338 in
368 2292 518 2341 novissime
536 2292 600 2342 edit.
618 2291 723 2341 Teubn.
750 2293 860 2356 recepit.
884 2319 917 2328 -
941 2292 977 2340 ib.
1002 2295 1085 2356 atque

105 2375 244 2444 [omuibus
269 2374 370 2444 copiis]
393 2376 512 2429 mutatis
533 2376 572 2429 ad
590 2376 759 2429 celeritatem
777 2374 929 2445 iumeutisq
957 2376 1085 2430 omuibus

103 2460 193 2528 copiis
213 2462 265 2512 del.
284 2462 454 2528 Nipperdey,
483 2464 637 2528 superiores
663 2463 780 2512 editores
799 2462 869 2512 Aldo
892 2467 1001 2512 auctore
1026 2468 1087 2528 post

105 2545 254 2600 Caesarem
278 2546 376 2599 adesse
400 2549 582 2598 inseruerunt.
611 2548 724 2599 Diibner
742 2547 830 2611 Lipsii
853 2549 956 2612 recepit
980 2549 1084 2598 coniec-

104 2638 192 2684 turam
206 2633 334 2686 ouirribus
348 2632 473 2700 oppidis.
485 2661 520 2672 -
531 2634 581 2684 ib.:
595 2638 634 2686 ut
647 2632 745 2685 adesse
759 2631 906 2686 Caesarem
918 2631 1085 2704 rurutiaretll

105 2721 145 2769 sic
163 2720 179 2772 f
195 2726 222 2769 et
233 2718 358 2785 plerique
373 2718 560 2785 Oudendorpii
578 2720 655 2782 libri3
674 2723 706 2770 et
724 2718 823 2771 adesse
837 2717 984 2771 Caesarum
1001 2734 1086 2772 muu-

105 2804 219 2856 tiuret
243 2805 314 2858 ahl.
333 2806 490 2870 Nipperdey
513 2804 610 2857 etad.
631 2803 876 2871 euuuttaau,
902 2806 1017 2856 Diibner
1040 2807 1087 2856 Al-

106 2890 169 2940 dum
190 2898 299 2942 secutus
319 2891 415 2943 etad.
435 2889 463 2944 G.
481 2891 638 2944 uumtiut.

210 2979 331 3040 e.12,1:
351 2993 453 3044 aquom
472 2981 647 3044 comportare
664 2976 696 3028 iu
714 2975 844 3045 urcem]
864 2978 941 3027 codd.
961 2979 1005 3032 ab
1024 2993 1087 3031 arce

92 3061 215 3122 ⁵habent,
235 3063 307 3128 quod
325 3079 395 3114 unus
408 3064 564 3130 Nipperdey
576 3065 687 3129 recepit.
717 3065 745 3113 in
764 3064 861 3118 force
879 3072 1018 3115 exaratum
1038 3070 1086 3126 est,

104 3147 177 3197 unde
204 3155 291 3213 petet,
321 3151 454 3216 quomodo
481 3152 589 3215 ineptus
613 3150 660 3201 ille
686 3151 827 3201 auferendi
851 3167 930 3202 casus
954 3150 1087 3211 inlibris,

106 3248 173 3298 quos
192 3235 256 3298 dixi,
279 3242 354 3286 ortus
374 3237 417 3286 sit,

209 3323 330 3383 e.15‚6:
353 3320 419 3374 uelle
436 3337 466 3374 se
485 3321 518 3374 cle
536 3321 670 3374 maximis
688 3321 771 3375 rebus
789 3338 852 3375 cum
866 3320 986 3375 Caesare
1004 3319 1087 3388 loqui,

106 3402 134 3456 si
151 3403 279 3470 facultas
299 3406 400 3477 rieturll
419 3410 459 3459 sio
478 3425 510 3458 ex
529 3409 588 3459 cod.
606 3409 744 3474 iscripsi.
773 3409 800 3461 si
818 3409 844 3461 ei
863 3409 921 3468 sb;
941 3409 1087 3458 deteriores

106 3488 133 3542 si
151 3489 207 3542 sibi
225 3491 286 3546 eius
305 3493 420 3552 habeon
443 3494 526 3560 vulgo
546 3493 572 3546 si
590 3493 661 3561 sibi;
683 3495 840 3560 Nipperdey
858 3494 884 3547 si
902 3493 951 3546 eis.
