2376 3924
107 261 168 327 182
406 259 515 310 sunu
533 259 784 310 ALEXANDRle

83 464 238 538 ,possent
269 450 465 536 adaequare.
509 447 645 534 Capitur
677 448 739 512 boc
772 447 892 533 proelio
924 452 1096 538 quinque-

106 558 204 619 remis
231 578 296 620 una
324 564 357 619 et
383 553 516 618 biremis
543 574 618 618 cum
639 551 862 617 defensoribus
893 555 1097 640 remigibus-

109 682 188 745 que,
222 670 255 725 et
284 659 510 744 deprimuntur
540 666 607 720 tres
634 658 752 720 nostris
778 655 994 722 incolumibus
1025 683 1097 726 om-

87 763 213 832 inibus.
258 763 414 848 Reliquae
451 763 666 848 propinquam
702 761 814 845 fugam
849 760 893 825 ad
929 763 1097 849 oppidum

109 871 255 953 capiunt3
289 889 371 952 quas
399 875 612 952 protexerunt
638 886 682 928 ex
708 863 846 929 molibus
873 875 974 951 atque
1002 869 1098 934 aedi·

109 972 190 1036 ficiis
219 968 462 1035 imminentibus
488 980 522 1035 et
549 978 676 1035 nostros
703 968 794 1034 adire
822 971 955 1055 propius
982 971 1098 1056 probi·

110 1075 261 1140 buerunt.

200 1179 248 1242 17.
287 1178 360 1242 Hoc
381 1199 423 1241 ne
445 1176 505 1242 sibi
529 1179 657 1263 saepius
679 1177 827 1242 accidere
848 1186 968 1263 posset,
1002 1183 1099 1246 omni

111 1283 236 1347 ratione
269 1280 391 1347 Caesar
423 1280 685 1346 contendendum
717 1282 928 1361 existimarit,
967 1290 1008 1346 ut
1048 1284 1098 1348 in-

113 1385 216 1451 sulam
248 1383 430 1470 molemque
458 1383 501 1449 ad
528 1383 666 1449 insulam
698 1385 912 1469 pertinentem
939 1386 975 1448 in
996 1407 1099 1452 suam

93 1490 277 1575 aredigeret
292 1496 492 1575 potestatem.
520 1487 676 1552 Perfectis
691 1489 777 1552 enim
791 1509 911 1572 magna
932 1509 976 1552 ex
998 1500 1099 1575 parte

114 1592 345 1660 munitionibus
374 1595 408 1658 in
437 1591 555 1678 oppido
577 1613 621 1655 cx
642 1590 696 1655 illa
722 1588 837 1654 urbem
859 1612 924 1654 uno
945 1600 1100 1679 tempore

94 1699 266 1783 atemptari
294 1718 388 1782 posse
418 1692 611 1759 confidebat.
656 1694 731 1776 Quo
759 1702 854 1780 capto
882 1693 1017 1760 oonsilio
1045 1719 1100 1762 co

115 1801 224 1866 hortes
241 1817 262 1862 x
279 1808 313 1864 et
334 1798 413 1863 levis
436 1807 621 1862 armaturae
643 1796 771 1878 electos,
794 1818 939 1883 quosque
960 1797 1101 1867 idoneos

117 1927 159 1968 ox
182 1901 343 1987 equitibus
366 1901 467 1967 Gallis
490 1899 726 1982 arbitrabatur,
755 1902 788 1964 in
815 1903 946 1985 navigia
967 1905 1102 1970 minora

118 2007 321 2093 scaphaeque
354 2007 504 2090 imponit;
537 2004 673 2069 alteram
700 2003 824 2069 insulae
853 2013 979 2089 partem
1008 2006 1101 2073 disti-

118 2110 245 2176 nendae
272 2131 387 2173 manus
416 2131 514 2174 cansa
541 2112 712 2174 constratis
739 2107 878 2173 navibus
905 2108 1102 2193 aggreditur

121 2216 270 2301 praemiis
298 2216 425 2298 magnis
447 2215 632 2298 propositis,
664 2215 718 2298 qui
741 2215 863 2297 primus
886 2211 1026 2277 insulam
1049 2237 1102 2279 cc

97 2320 227 2405 spissat.
272 2318 323 2382 Ac
345 2320 448 2403 primo
470 2318 625 2402 impetum
647 2326 830 2382 nostrorum
858 2317 979 2401 pariter
1005 2320 1102 2384 susti-

119 2432 268 2488 nuerunt.
294 2423 366 2489 Uno
382 2424 468 2486 enim
483 2431 627 2506 tempore
650 2430 683 2485 et
703 2442 746 2484 cx
768 2421 860 2485 tectis
876 2418 1103 2488 aedificiorum

121 2526 371 2615 propugnabant
382 2536 415 2591 et
425 2526 519 2590 litora
526 2525 642 2590 armati
649 2523 877 2607 defendebant,
890 2534 1104 2612 quopropter

121 2633 329 2718 asperitatem
362 2630 421 2694 loci
449 2652 514 2695 non
542 2627 644 2693 facilis
672 2629 789 2693 nostris
817 2627 923 2692 aditus
945 2627 1103 2714 dabatur,

122 2745 156 2801 et
181 2734 309 2821 scaphis
338 2733 541 2819 navibusque
569 2732 672 2818 longis
702 2733 844 2817 quinque
877 2730 1039 2797 mobiliter
1067 2742 1105 2799 ct

102 2841 260 2903 escienter
283 2839 448 2922 angustias
470 2837 530 2901 loci
553 2835 737 2901 tuebantur.
783 2836 848 2903 Sed
875 2834 932 2900 ubi
959 2837 1105 2922 primum

125 2942 201 3006 locis
230 2942 365 3023 cognitis
388 2940 545 3025 vadisque
574 2940 797 3026 pertemptatis
827 2940 921 3025 pauci
943 2940 1046 3005 nostri
1066 2942 1104 3007 in

125 3044 217 3109 litore
240 3045 452 3108 constiterunt
474 3052 572 3128 atque
594 3043 653 3108 hos
676 3051 751 3108 sunt
774 3042 826 3107 alii
842 3043 1006 3108 subsecuti
1028 3064 1105 3111 con·

125 3157 313 3233 stanterque
342 3150 374 3212 in
403 3170 473 3231 eos,
505 3150 559 3235 qui
588 3151 621 3212 in
643 3149 735 3213 litore
769 3171 873 3234 aequo
906 3149 1104 3234 institerant,

126 3256 281 3339 impetum
304 3253 465 3333 fecerunt,
495 3275 605 3317 omncs
628 3254 780 3318 Pharitae
810 3262 902 3340 terga
922 3260 1105 3320 verterunt

105 3357 186 3421 ollis
217 3355 315 3442 pulsis
344 3355 488 3420 custodia
517 3364 626 3440 portus
649 3356 759 3422 relicta
787 3354 902 3437 reliqui
929 3376 1031 3420 naves
1059 3355 1107 3423 ad

128 3463 220 3527 litora
253 3470 286 3525 et
318 3462 426 3524 vicum
459 3458 661 3544 applicarunt
694 3482 792 3545 seque
821 3482 864 3524 ex
892 3455 993 3524 navib‘
1091 3458 1104 3472 '

129 3564 249 3629 tuenda
271 3562 419 3628 aedilicia
441 3563 614 3627 eiecerunt.
