2376 3924
490 236 565 290 CAP.
585 239 642 292 ta*
654 241 695 290 78.
1012 239 1076 304 223

187 428 238 494 78.
285 431 337 494 Ita
371 452 431 516 per
466 429 725 516 Gallograeciam
754 429 1006 515 Bithyniamque
1041 431 1075 495 in

99 532 214 597 Asiam
248 535 309 598 iter
342 533 422 598 facit
455 535 662 619 omniumque
695 554 807 597 earum
835 535 1074 618 provinciarum

100 635 139 699 de
163 639 388 701 controversiis
411 638 576 723 cognoscit
598 645 631 700 et
659 637 784 719 statuit3
814 637 884 700 iura
907 637 939 699 in
962 644 1074 701 tetrar-

100 739 187 822 chas,
219 762 323 824 reges,
354 741 499 806 civitates
524 739 696 805 distribuit.
719 738 934 805 Mithridaten
956 740 1097 825 Perga-a

99 847 244 926 menum,
274 869 295 910 a
324 868 387 932 quo
410 867 480 911 rem
503 844 638 910 feliciter
662 844 872 929 celeriterque
895 852 1020 927 gestam
1041 845 1074 908 iu

98 947 251 1035 Aegypto
272 972 372 1036 supra
395 951 596 1036 scripsimus,
627 950 716 1034 regio
737 970 861 1034 genere
884 957 1006 1032 ortum,
1030 948 1074 1012 di-

98 1053 238 1137 sciplinis
273 1055 374 1117 etiam
407 1054 505 1137 regiis
533 1051 708 1116 educatum
743 1048 833 1138 (nam
856 1050 1073 1134 Mithridates,

96 1179 156 1220 rcx
179 1156 279 1221 Asiae
303 1158 416 1240 totius,
441 1164 572 1241 propter
594 1154 794 1220 nobilitatem
818 1155 980 1240 Pergamo
1003 1178 1073 1241 par·

97 1262 207 1325 vulum
230 1283 341 1325 secum
363 1269 589 1346 asportaverat
611 1262 644 1324 in
667 1269 774 1324 castra
797 1260 979 1344 multosque
1001 1261 1073 1323 reti-

96 1375 212 1429 nuerat
234 1361 351 1450 annos)
381 1385 492 1450 regem
513 1364 649 1450 Bospori
673 1364 852 1447 constituit,
882 1362 989 1448 quoad
1012 1362 1073 1426 sub

96 1469 229 1552 imperio
252 1468 430 1533 Pharnacis
453 1469 575 1553 fuerat,
605 1470 853 1554 provinciasque
882 1467 990 1554 populi
1012 1469 1073 1532 Ro-

95 1572 182 1634 mani
212 1594 231 1634 a
258 1570 407 1637 barbaris
436 1581 533 1659 atque
563 1574 701 1637 inimicis
733 1569 863 1657 regibus
886 1572 1072 1657 interposito

96 1676 288 1739 amicissimo
304 1697 381 1761 rege
396 1678 542 1742 munivit.
578 1676 695 1741 Eidem
710 1673 908 1741 tetrarchian
925 1669 1095 1760 [legibusla

95 1775 384 1863 Gallograecorum
417 1781 486 1844 iure
520 1781 625 1864 gentis
658 1789 692 1844 et
722 1779 921 1864 cognationis
950 1777 1072 1843 adiudi-

96 1882 183 1945 cavit
206 1892 396 1968 occupatam
417 1892 451 1948 ct
472 1904 653 1970 possessam
684 1885 794 1970 paucis
824 1890 898 1946 ante
927 1885 1021 1948 annis
1053 1907 1073 1947 a

94 1985 259 2051 Deiotaro,
287 1986 402 2074 Neque
424 1996 534 2053 tamen
552 2009 691 2074 usquam
714 1987 834 2052 diutius
856 1998 1001 2054 moratus
1023 1998 1095 2053 esta

94 2111 192 2174 quam
226 2094 403 2156 necessitas
435 2091 637 2158 urbanarum
672 2093 865 2158 seditionum
893 2094 960 2179 pati
982 2090 1072 2156 vide-

94 2191 198 2257 batur.
243 2194 354 2259 Rebus
382 2194 564 2262 felicissime
592 2194 822 2283 celerrimeque
850 2197 1009 2261 confectis
1038 2198 1094 2260 ino

95 2294 226 2359 Italiam
248 2297 388 2363 celerius
410 2302 553 2364 omnium
576 2301 725 2385 opinione
747 2303 846 2365 venit.
