2376 3924
112 236 173 299 126
413 235 463 284 ua
481 235 601 286 nanno
622 234 781 286 oltmco

110 426 251 492 Romani
269 426 427 510 impetum
443 425 596 508 fecerint,
610 424 734 490 cedant
750 424 901 505 (levitate
919 447 1089 492 armorum

112 538 145 593 et
169 528 343 595 cotidiana
368 527 614 593 exercitatione
638 527 721 593 nihil
751 529 792 593 iis
821 532 934 594 noceri
964 531 1090 616 posse),

112 653 229 696 rursus
252 653 288 696 se
312 631 357 696 ad
380 633 480 714 signa
502 633 704 718 recipientes
728 634 958 719 insequantur.

214 733 265 798 35.
290 734 364 816 Quo
387 744 567 820 praecepto
584 733 627 800 ab
645 736 685 800 iis
704 734 960 819 diligentissime
977 738 1091 804 obser-

113 850 202 919 vato,
237 861 312 904 cum
342 840 520 923 quaepiam
548 839 668 903 cohors
703 862 746 903 ex
781 839 860 905 orbe
895 853 1091 907 excesserat

113 951 214 1027 atque
239 944 399 1027 impetum
421 940 559 1023 fecerat,
583 941 696 1006 hostes
713 940 924 1007 velocissime
947 943 1091 1027 refugie-

92 1045 207 1110 sbant.
230 1045 370 1109 Interim
394 1054 620 1129 campartem
649 1043 771 1109 nudari
800 1067 938 1112 necesse
962 1055 1034 1112 erat
1059 1058 1093 1113 ct

92 1149 157 1214 aab
181 1148 288 1213 latere
312 1155 428 1233 aperto
451 1146 521 1211 tela
544 1149 659 1232 recipi.
698 1147 836 1230 Rursus,
860 1170 936 1214 cum
959 1152 992 1215 in
1016 1173 1093 1215 eum

113 1252 232 1334 locum,
257 1251 345 1316 unde
368 1259 464 1316 erant
481 1252 620 1334 egressi,
643 1253 766 1315 reverti
783 1261 974 1336 coeperant,
998 1263 1031 1318 et
1048 1254 1093 1318 ab

115 1358 167 1439 iis,
192 1357 248 1440 qui
272 1362 456 1437 cesserant,
481 1363 514 1421 et
538 1353 582 1418 ab
606 1355 658 1436 iis,
683 1355 738 1440 qui
754 1356 900 1439 proximi
916 1365 1093 1438 steterant,

94 1457 483 1539 tcircumvcniebantur3
507 1458 559 1520 sin
575 1466 686 1522 autem
702 1457 811 1523 locum
825 1458 939 1522 tenere
955 1459 1094 1542 vellent,

116 1587 177 1629 nec
208 1563 327 1628 virtuti
357 1560 449 1627 locus
483 1560 747 1647 relinquebatur,
784 1583 893 1648 neque
922 1561 965 1627 ab
995 1571 1094 1628 tanta

116 1666 332 1732 multitudine
356 1667 510 1732 coniecta
535 1665 603 1731 tela
627 1665 769 1730 conferti
792 1667 902 1732 vitare
924 1674 1094 1752 poterant.

95 1772 243 1837 ⁶Tamen
258 1779 309 1836 tot
325 1769 546 1835 incommodis
560 1769 755 1851 conflictati,
771 1768 884 1834 multis
897 1768 1094 1836 vulneribus

117 1877 266 1961 acceptis
283 1874 487 1940 resistebant
505 1884 538 1938 et
552 1893 677 1956 magna
692 1881 788 1957 parte
806 1872 871 1937 diei
884 1883 1095 1959 consumpta,

117 2002 192 2045 cum
216 2002 236 2044 a
258 1979 366 2063 prima
390 1977 465 2042 luce
489 1976 534 2042 ad
555 1976 672 2042 horam
696 1985 852 2040 octavam
874 1986 1096 2061 pugnaretur,

117 2081 211 2165 nihil,
245 2080 335 2166 quod
369 2081 451 2166 ipsis
486 2089 574 2146 esset
608 2078 794 2163 indignum,
828 2079 1096 2146 committebant.

96 2186 203 2251 oTum
225 2186 301 2252 Tito
325 2184 515 2267 Balventio‚
550 2186 607 2272 qui
631 2185 801 2270 superiore
835 2206 923 2249 anno
951 2185 1095 2269 primum

118 2290 221 2376 pilum
245 2288 400 2371 duxerat,
425 2289 496 2353 viro
520 2288 599 2352 sorti
631 2295 664 2353 et
692 2305 837 2371 magnae
867 2289 1099 2372 auctoritatis,

98 2404 294 2479 antrumque
317 2393 424 2458 femur
446 2390 583 2476 tragula
607 2394 778 2474 traicitur3
817 2390 962 2471 Quintus
985 2392 1096 2457 Luca-

117 2499 204 2580 nius,
229 2497 377 2562 eiusdem
394 2495 532 2578 ordinis,
555 2495 738 2560 fortissime
753 2515 919 2580 pugnans,
937 2495 1015 2562 dum
1031 2499 1097 2563 cir·
1131 2524 1134 2529 ·

97 2609 296 2666 scumvento
320 2599 389 2665 filio
413 2598 580 2682 subvenit,
603 2599 822 2681 interficitur,
845 2598 972 2665 Lucius
992 2597 1097 2668 (totta

119 2705 252 2790 legatus
284 2726 398 2768 omnes
427 2703 582 2769 cohortes
613 2702 815 2788 ordinesque
844 2703 1030 2771 adhortans
1061 2706 1097 2772 in

120 2808 299 2873 adversum
323 2829 359 2871 os
384 2806 488 2873 funda
511 2805 719 2872 vulneratur.

223 2909 274 2975 36.
299 2911 361 2975 His
377 2909 478 2975 rebus
494 2918 664 2996 permotus
681 2910 825 2992 Quintus
842 2910 1003 2997 Titurius,
1021 2935 1098 2980 cum

120 3013 237 3102 procul
254 3014 483 3096 Ambiorigem
507 3036 585 3079 suos
601 3014 835 3080 cohortantem
851 3017 1097 3102 conspexisset,

122 3122 336 3205 interpretem
361 3140 455 3182 suum
472 3115 602 3183 (insum
618 3118 810 3203 Pompeium
835 3119 879 3184 ad
903 3142 977 3186 eum
992 3122 1099 3186 mittit

101 3233 288 3307 erogatum,
301 3230 338 3286 ut
351 3221 416 3286 sibi
432 3221 662 3307 militibusque
677 3231 807 3308 parcat.
831 3222 893 3289 llle
905 3223 1099 3310 appellatus

121 3326 311 3414 respondit:
335 3327 363 3390 si
387 3325 469 3390 velit
493 3346 608 3389 seeum
630 3325 788 3412 colloqui,
812 3326 930 3409 licere3
959 3348 1099 3413 sperare

122 3456 142 3497 a
159 3431 372 3498 multitudine
395 3431 568 3517 impetrari
585 3451 693 3516 posse,
717 3430 806 3516 quod
822 3429 867 3495 ad
883 3429 1028 3497 militum
1044 3452 1100 3497 ss·

121 3536 224 3601 lutcm
247 3538 430 3622 pertineat3
454 3536 518 3622 ipsi
542 3557 621 3600 vero
644 3532 727 3599 nihil
751 3535 898 3599 nocitum
920 3535 972 3617 iri,
995 3535 1101 3621 inquo
