2376 3924
391 218 655 282 praearmare.
672 221 745 269 1-2.
1015 218 1057 285 63

75 414 239 487 traretur,
263 407 313 470 uti
330 407 364 471 in
380 406 433 471 his
456 406 541 472 locis
566 407 734 492 legionem
755 408 927 475 hiemandi
951 434 1055 477 causa

73 509 270 575 collocaret.
310 507 422 575 Galba
446 509 605 576 secundis
629 509 758 597 aliquot
786 513 925 598 proeliis
954 515 1078 584 faetisa

75 613 295 701 castellisque
318 613 546 700 compluribus
564 636 678 680 eorum
702 619 918 701 expugnatis,
941 621 1054 683 missis

74 719 117 783 ad
140 740 219 783 eum
235 716 382 802 undique
398 715 523 802 legatis
541 716 783 805 obsidibusque
800 718 890 785 datis
915 731 947 784 et
971 743 1054 806 pace

72 823 176 906 facta,
194 822 374 887 constituit
389 819 545 886 cohortes
559 821 642 887 duas
659 825 694 887 in
707 823 935 888 Nantuatibus
953 823 1053 888 collo·

72 949 148 992 care
173 936 207 990 et
232 928 304 1011 ipse
328 946 403 990 cum
427 924 565 1010 reliquis
590 927 662 991 eius
686 925 829 1010 legionis
859 926 1053 993 cohortibus

71 1033 105 1095 in
138 1032 218 1095 vico
252 1029 498 1113 Veragrorum,
533 1031 590 1114 qui
625 1028 814 1115 appellatur
850 1030 1052 1114 Octodurus,

70 1134 237 1215 hiemara3
272 1135 329 1219 qui
359 1134 455 1200 vicus
484 1135 615 1219 positus
639 1136 673 1197 in
696 1134 801 1217 valle,
838 1158 904 1199 non
928 1156 1075 1218 magnas

71 1238 208 1303 adiecta
224 1236 380 1323 planicie,
405 1237 580 1303 altissimis
604 1236 775 1302 montibus
805 1239 954 1325 undique
977 1261 1055 1305 con·

69 1344 209 1406 tinctur.
234 1339 318 1405 Oum
332 1340 388 1407 hic
405 1342 537 1406 induas
553 1350 668 1426 partes
684 1342 818 1407 flumine
832 1342 1074 1426 divideretur-,s

72 1445 217 1511 alteram
246 1455 378 1529 partem
410 1447 481 1510 eius
511 1447 579 1510 vici
603 1442 713 1511 Gallis
748 1445 804 1525 [ad
825 1445 1052 1531 hiemandum]

71 1550 253 1632 concessit,
261 1547 405 1614 alteram
416 1571 562 1615 vacuam
582 1548 626 1614 ab
637 1552 679 1614 iis
692 1550 846 1616 relictam
860 1550 1054 1616 cohortibus

71 1651 239 1718 attribuit.
273 1651 359 1717 Eum
382 1652 491 1718 locum
516 1653 608 1718 vallo
632 1654 790 1740 fossaque
812 1655 967 1720 munivit.

156 1755 187 1821 2.
211 1753 296 1821 Cum
312 1755 384 1821 dies
400 1755 615 1823 hibernorum
632 1758 818 1845 complures
835 1760 1050 1841 transissent,

70 1861 338 1944 frumentumque
362 1880 400 1923 co
424 1861 628 1944 comportari
652 1862 824 1945 iussisset,
855 1860 967 1925 subito
994 1884 1054 1947 per

70 1962 304 2050 exploratores
327 1963 452 2027 certior
474 1962 586 2027 factus
617 1972 667 2028 est
698 1986 741 2028 ex
775 1986 815 2029 ea
845 1974 942 2050 parto
975 1968 1042 2030 vici

71 2090 170 2154 quam
196 2064 306 2131 Gallis
329 2077 557 2151 concesserat,
582 2089 695 2131 omnes
715 2076 819 2134 noctu
844 2045 1052 2163 discessisse:

69 2180 277 2256 montesque,
302 2171 358 2256 qui
371 2171 613 2255 impenderent,
632 2195 652 2236 a
669 2175 817 2237 maxima
834 2171 1053 2239 multitudine

70 2274 282 2341 Sedunorum
307 2297 347 2339 ac
370 2274 580 2359 Veragorum
603 2279 720 2341 teneri.
765 2276 806 2342 Id
841 2275 968 2361 aliquot
1005 2278 1069 2344 de2

68 2380 185 2445 causis
201 2376 392 2460 acciderat,
426 2387 462 2443 ut
494 2378 604 2444 subito
629 2378 720 2445 Galli
752 2379 833 2445 belli
862 2383 1049 2447 renovandi
1082 2394 1086 2403 ’

68 2480 1073 2571 legionisqueopprimendaeconsiliumcaperent3primum3

70 2584 161 2673 quod
189 2583 357 2668 legionem
385 2607 494 2673 neque
524 2609 597 2652 eam
624 2587 858 2673 plenissimam
888 2587 1051 2655 detractis

18 2686 51 2731 ἱ
71 2687 268 2754 cohortibus
294 2686 425 2753 duabus
450 2698 483 2753 et
506 2690 734 2775 compluribus
760 2692 970 2775 singillatim,
995 2695 1050 2777 qui

71 2801 280 2858 commeatus
293 2791 431 2877 petendi
443 2814 548 2859 causa
560 2795 655 2859 missi
668 2803 776 2876 erant,
789 2804 926 2882 propter
937 2799 1051 2880 pauci·

70 2906 178 2962 tatem
192 2894 442 2981 despiciebant3
458 2907 528 2961 tum
544 2899 658 2981 etiam,
674 2898 912 2984 quodpropter
931 2901 1072 2985 iniqui-4

69 3008 175 3065 tatem
192 2997 269 3083 loci,
295 3021 370 3065 cum
392 3001 456 3086 ipsi
479 3023 523 3066 ex
544 3001 715 3066 montibus
739 3005 773 3066 in
792 3001 916 3067 vallem
934 3003 1050 3068 decur-

70 3111 184 3168 rerent
208 3111 240 3167 et
264 3102 335 3169 tela
357 3106 561 3189 conicerent,
584 3129 627 3170 ne
643 3108 785 3191 primum
802 3106 936 3191 quidem
951 3129 1049 3192 posse
1125 3110 1129 3115 '

70 3207 232 3293 impetum
255 3228 351 3271 suum
374 3209 533 3273 sustineri
551 3208 806 3274 existimabant.
841 3208 1070 3291 Accedebat,5

69 3309 160 3397 quod
175 3331 254 3376 suos
272 3309 315 3376 ab
331 3332 368 3377 se
382 3309 508 3378 liberos
530 3311 724 3378 abstractos
743 3311 897 3378 obsidum
913 3315 1048 3378 nomine

69 3412 230 3481 dolebant
260 3422 294 3479 et
316 3414 486 3480 Romanos
516 3438 584 3482 non
615 3416 722 3483 solum
747 3419 906 3483 itinerum
930 3440 1045 3500 eausa,

68 3518 128 3584 sed
152 3518 256 3584 etiam
278 3528 462 3605 perpetuae
483 3523 708 3605 possessionis
740 3521 887 3588 culmina
910 3520 1047 3606 Alpium
