2376 3924
375 223 486 275 urana
505 224 577 288 vm,
597 223 673 274 our.
692 223 802 274 sa-42.
1013 223 1076 289 255

184 415 236 482 41.
253 414 402 497 Quorum
418 415 524 480 omnis
540 423 659 501 postea
675 413 854 481 multitudo
878 423 1077 501 aquatorum

98 543 201 586 unum
214 521 248 585 in
260 517 370 584 locum
381 517 605 599 conveniebat
618 518 679 584 sub
692 520 797 605 ipsius
811 519 925 605 oppidi
936 541 1076 603 murum,

99 622 159 689 ubi
179 644 324 706 magnus
346 621 421 687 fons
445 643 552 707 aquae
574 621 814 709 prorumpebat
837 622 881 688 ab
906 645 945 687 ea
967 631 1076 708 parte,

100 726 271 812 quaesere
286 724 409 812 pedum
424 734 650 791 trecentorum
666 725 847 792 intervallo
859 725 1003 791 fluminis
1016 728 1089 790 cir:

100 831 193 897 cuitu
208 828 366 896 vacabat.
390 829 464 895 Hoc
480 830 573 895 fonte
589 829 759 917 prohiberi
775 851 874 916 posse
890 830 1097 917 oppidanos2

99 957 174 999 cum
191 943 347 1022 optarent
361 932 492 1019 reliqui,
507 931 635 999 Caesar
649 956 735 999 unus
747 933 889 1017 videret,
906 957 924 998 c
939 935 1077 1019 regione

101 1040 171 1104 eius
194 1039 312 1103 vineas
327 1058 439 1120 agere
455 1035 618 1104 adversus
641 1048 788 1103 montem
803 1046 836 1103 et
852 1058 1012 1121 aggerem
1028 1040 1077 1103 in·

101 1152 230 1208 struere
251 1143 362 1228 coepit
385 1163 508 1225 magno
524 1163 600 1206 cum
622 1141 739 1208 labore
756 1152 789 1207 et
806 1144 966 1208 continua
984 1142 1077 1207 dimi·

99 1249 243 1312 catione.
268 1243 439 1331 Oppidani
462 1246 551 1310 enim
565 1244 640 1311 loco
657 1246 828 1331 superiore
845 1245 1026 1310 decurrunt
1043 1254 1098 1310 ets

100 1351 229 1415 eminus
254 1350 327 1413 sine
348 1347 497 1435 periculo
521 1348 730 1434 proeliantur
758 1348 947 1436 multosque
975 1351 1076 1437 perti·

88 1455 230 1521 nauiter
238 1451 738 1536 succedentesvulnerant3non
746 1452 1078 1520 deterrenturtamen

99 1557 222 1623 milites
245 1558 354 1622 nostri
377 1557 495 1622 vineas
519 1557 669 1642 proferre
693 1566 726 1621 et
750 1555 867 1622 labore
883 1567 985 1643 atque
1001 1580 1077 1645 ope·

99 1661 191 1728 ribus
206 1660 358 1728 locorum
373 1660 509 1727 vincere
527 1660 758 1726 difficultates.
782 1659 911 1727 Eodem
927 1671 1099 1748 tempores

100 1764 272 1831 cuniculos
296 1761 405 1833 tectos
428 1764 473 1831 ab
495 1767 603 1831 vineis
628 1774 734 1850 agunt
757 1764 803 1831 ad
825 1775 927 1852 caput
955 1766 1077 1852 fontis3

100 1868 190 1956 quod
204 1889 310 1954 genus
323 1870 433 1955 operis
451 1870 523 1935 sine
535 1868 603 1934 ullo
619 1867 780 1957 periculo,
801 1871 874 1935 sine
887 1871 1078 1956 suspicione

99 1973 245 2040 hostium
268 1973 383 2039 facere
405 1971 544 2038 licebat.
566 1970 766 2038 Exstruitur·
789 1993 896 2057 agger
912 1973 947 2038 in
963 1972 1099 2039 altitu-r

101 2077 213 2143 dinem
244 2076 368 2164 pedum
402 2077 596 2160 sexaginta,
629 2074 820 2142 collocatur
848 2078 883 2142 in
908 2098 945 2142 eo
974 2078 1077 2143 turris

100 2180 217 2247 decem
250 2179 491 2263 tabulatorum,
525 2201 593 2245 non
624 2177 758 2266 quidem
785 2202 870 2266 quae
902 2181 1077 2246 moenibus
1167 2253 1169 2257 ,

54 2369 57 2373 ¹
99 2292 262 2372 aequaret
278 2283 328 2368 (id
343 2285 432 2349 enim
446 2282 548 2349 nullis
565 2282 723 2369 operibus
740 2283 827 2348 effici
842 2285 1001 2369 poterat),
1018 2285 1078 2350 sed

100 2410 186 2474 quae
209 2410 368 2475 superare
390 2387 495 2453 fontis
517 2388 692 2472 fastigium
713 2396 838 2473 posset.
860 2386 916 2452 Ex
939 2408 979 2452 ea
1002 2410 1099 2453 cume

99 2491 167 2557 tela
182 2492 359 2558 tormentis
382 2493 573 2558 iacerentur
588 2491 633 2556 ad
647 2491 751 2557 fontis
767 2491 908 2576 aditum,
924 2512 987 2556 nec
1004 2493 1078 2558 sine

98 2595 248 2682 periculo
261 2605 399 2683 possent
412 2597 531 2683 aquari
548 2595 719 2683 oppidani,
731 2617 799 2661 non
811 2604 944 2661 tantum
954 2617 1078 2684 pecora

99 2709 201 2788 atque
216 2699 377 2783 iumenta,
401 2699 462 2765 sed
478 2700 580 2765 etiam
595 2721 721 2784 magna
737 2699 884 2765 hostium
896 2698 1077 2766 multitudo

100 2804 158 2868 siti
180 2801 451 2869 consumebatur.

185 2905 237 2972 42.
261 2903 336 2986 Quo
359 2905 449 2972 malo
471 2906 644 2993 perterriti
667 2904 829 2992 oppidani
851 2926 956 2993 cupas
986 2929 1078 2994 sevo,

98 3008 184 3095 pice,
197 3006 371 3075 scandulis
383 3007 569 3095 complent,
593 3030 650 3074 eas
669 3006 827 3074 ardentes
841 3009 875 3073 in
888 3028 991 3095 opera
1002 3033 1078 3099 pro·

49 3133 53 3142 ¹
99 3111 240 3178 volvunt
264 3111 448 3200 eodemque
462 3122 613 3199 tempore
628 3113 791 3178 acerrime
806 3113 1025 3200 proeliantur,
1039 3122 1078 3180 ut

100 3213 144 3280 ab
167 3214 324 3281 incendio
347 3215 589 3301 restinguendo
610 3215 838 3283 dimicationis
853 3218 1004 3303 periculo
1021 3217 1077 3284 de·

99 3326 251 3385 terreant
264 3319 444 3387 Romanos.
467 3319 595 3406 Magna
611 3330 749 3407 repente
765 3322 800 3386 in
821 3323 903 3409 ipsis
920 3321 1100 3409 operibusr

98 3420 232 3489 flamma
256 3424 400 3490 exstitit.
423 3423 662 3513 Quaecumque
679 3427 767 3491 enim
782 3448 842 3512 per
857 3424 966 3492 locum
980 3447 1077 3513 prae-

99 3527 236 3612 cipitem
250 3527 356 3593 missa
379 3535 487 3613 erant,
509 3550 551 3594 ea
564 3529 674 3594 vineis
698 3537 732 3595 et
755 3549 882 3615 aggere
898 3549 1079 3619 suppressa
