2376 3924
156 232 219 282 xlv
454 230 666 283 ADNOTATIO
686 230 832 282 CRITICA

157 421 308 471 scribendo.
340 421 388 471 sed
406 420 463 470 alis
479 420 579 470 restitit
597 419 757 484 difficultas,
785 419 857 485 quod
876 437 937 471 cum
956 420 1078 486 Selhes,
1107 427 1136 470 ut

157 507 312 572 Nipperdey
331 505 430 566 docuit,
449 522 503 555 non
522 522 538 556 e
558 505 675 556 Caesare
688 504 736 555 sed
750 520 767 555 a
778 505 908 571 Pompeio
920 506 989 555 victi
1001 512 1029 556 et
1040 507 1136 557 Messi·

158 592 289 643 liensibus
308 593 432 642 attributi
449 607 509 642 esse
527 592 646 657 possint,
674 591 829 643 distributio
847 607 896 657 per
919 590 993 644 alter
1010 619 1048 632 —
1064 591 1136 645 alter

157 678 229 728 fecte
246 679 343 728 mirum
361 679 390 728 in
409 677 518 728 modum
536 679 644 728 inverso
663 679 758 729 ordine
777 685 849 730 esset
866 679 1035 745 accipienda.
1060 678 1137 729 adest

157 781 221 815 vero
240 766 321 815 etiem
340 763 429 825 eliud,
457 764 529 829 quod
551 764 579 812 in
602 764 654 814 hec
673 764 825 830 legatorum
844 766 965 816 oratione
983 765 1064 815 valde
1085 764 1137 814 dis·

159 852 249 917 plicet,
268 850 341 916 quod
358 850 388 899 hi
406 855 449 900 sat
466 848 582 900 ridicule
600 852 689 916 ipsum
703 850 847 902 Caesarem
867 850 972 912 docent,
988 849 1137 918 praecipat

154 936 292 1004 partium,
310 938 339 986 in
358 951 425 1000 ques
444 935 548 986 divisus
567 938 603 987 sit
620 937 738 1003 populus
755 937 902 999 Romanus,
921 951 980 990 esse
992 935 1042 989 Cn.
1055 937 1136 991 Pom-

156 1022 252 1090 peium
274 1027 301 1074 et
324 1021 353 1074 C.
373 1020 529 1074 Caesarem.
560 1022 588 1071 id
605 1023 685 1072 modo
709 1039 741 1073 ex
765 1039 858 1074 eorum
885 1039 914 1073 re
942 1030 1002 1074 erut
1027 1039 1137 1075 monere

155 1107 302 1175 principes
320 1123 417 1161 earam
432 1107 563 1175 partium
581 1122 639 1160 esse
653 1113 832 1175 patronos
850 1107 1026 1162 ciuitatis.
1044 1112 1136 1176 itaque

162 1193 212 1247 Cn.
229 1193 344 1261 Pompei
368 1199 395 1246 et
419 1192 447 1246 O.
467 1191 598 1246 Caesaris
625 1196 737 1245 nomina
764 1196 798 1245 ab
825 1197 973 1260 interprete
1000 1195 1138 1263 adscripta

159 1295 219 1331 esse
237 1296 343 1342 censeo,
366 1281 464 1347 quibus
483 1281 580 1332 deletis
599 1297 654 1331 non
673 1281 857 1346 ampliasset,
880 1296 929 1331 cur
946 1281 975 1330 in
995 1283 1137 1333 sententiis

158 1383 207 1432 per
224 1366 296 1419 alter
314 1397 348 1405 --
366 1366 438 1420 alter
457 1367 592 1418 adiunctis
610 1369 780 1419 haereamus.

260 1469 283 1503 c.
302 1455 343 1515 ³8,
364 1458 392 1504 1:
418 1468 538 1520 quorum
554 1468 630 1506 unus
649 1453 826 1520 Hispaniam
845 1452 1001 1506 citeriorem
1024 1455 1138 1505 tribus

159 1540 369 1605 legionibus,
388 1540 477 1591 alter
494 1540 698 1592 ulteriorem
717 1555 735 1591 a
753 1539 832 1592 saltu
846 1538 1063 1610 Castulonensi]
1076 1557 1138 1607 eup-

158 1626 297 1691 plemente
313 1625 478 1691 Nipperdeio
497 1626 637 1676 debentur.

261 1713 344 1774 c.39‚
364 1714 394 1760 1:
424 1712 530 1762 removi
557 1714 612 1762 ism
638 1728 737 1773 uncos,
764 1712 863 1777 quibus
888 1712 953 1761 olim
971 1711 1138 1777 Nipperdeio

159 1801 269 1846 auctore
287 1796 372 1846 verbe
391 1795 543 1864 [citerioris
558 1796 749 1865 provinciae]‚
779 1795 936 1865 [ulterioris
954 1795 1139 1867 Hispaniael,

162 1881 320 1950 [utriusque
339 1880 515 1951 prouinciae]
544 1883 718 1934 incluseram.
736 1911 770 1922 -
789 1884 813 1950 §-
832 1885 861 1933 2:
890 1881 995 1936 Caesar
1018 1883 1139 1953 lepiuues

159 1967 191 2019 in
213 1967 390 2035 Hispaniam
414 1967 605 2035 praemiserat
625 1969 673 2022 VI.
704 1968 748 2021 aa
774 1968 843 2020 illa
871 1967 984 2021 auxilia
1007 1969 1140 2036 peditum

163 2052 295 2120 Vmilia,
324 2053 448 2120 equitum
474 2054 532 2107 ΠΙ
549 2054 644 2123 milia,
674 2071 760 2122 puae
787 2055 915 2108 ominbus
942 2055 1140 2122 superioribus

159 2138 236 2192 bellis
254 2138 406 2204 babuerat,
437 2144 464 2193 et
477 2155 579 2208 parem
596 2156 630 2194 en
651 2140 748 2194 Gallia
766 2133 926 2208 numerum,
956 2157 1053 2208 quem
1078 2141 1141 2210 ipse

156 2229 357 2291 parauerat
383 2225 551 2280 inominatim
574 2227 759 2281 enormibus
783 2226 947 2281 civitatibus
964 2226 1141 2282 nobilissimo

159 2325 265 2378 piraque
283 2316 403 2374 euocato,
427 2316 460 2364 et
482 2311 563 2365 binc
586 2312 687 2381 optimi
709 2313 818 2383 perieris
836 2313 979 2366 bominum
997 2327 1032 2366 ea
1050 2313 1142 2380 Aqui·

159 2396 237 2449 tanis
255 2397 458 2464 montanisque,
477 2396 526 2465 qui
547 2396 670 2451 Galliam
685 2398 864 2466 prouinciam
883 2398 1031 2467 uttinpumt
1049 2399 1141 2450 eddi-

159 2483 264 2534 derat.
287 2482 449 2553 Audierat]
468 2486 509 2534 sic
527 2484 616 2534 locum
634 2486 690 2536 inm
708 2487 845 2551 inpriore
863 2485 981 2535 editione
1000 2486 1142 2536 constitui.

162 2568 215 2622 VI.
234 2569 279 2622 aa
296 2569 365 2622 illa
389 2572 486 2636 scripsi
503 2587 552 2637 pro
577 2570 622 2623 aa
643 2571 693 2624 VI
706 2569 823 2637 milia,
850 2572 924 2637 quod
941 2570 1019 2621 codd.
1037 2571 1143 2624 hebent

159 2653 247 2721 (nulla
265 2655 299 2723 f).
309 2684 347 2704 e-
356 2655 488 2723 peditum
500 2656 527 2709 V
535 2654 633 2725 milia]
648 2658 823 2708 numerumV
836 2657 972 2723 supplevit
984 2657 1143 2723 Nipperdey

159 2757 193 2792 ex
210 2741 268 2792 Cic.
286 2743 321 2792 ad
339 2744 394 2793 Att.
412 2744 437 2804 9,
458 2744 499 2804 13,
517 2743 543 2792 4.
560 2770 596 2781 -
612 2757 697 2808 quae
716 2743 793 2793 deest
810 2744 840 2792 in
859 2743 1012 2803 codicibus;
1039 2744 1144 2795 exscidit

159 2829 280 2891 unisse,
298 2830 371 2893 quod
389 2829 480 2879 verbis
496 2827 542 2880 V1
559 2827 604 2880 aa
622 2826 689 2880 ill-a
707 2829 737 2878 in
755 2828 799 2881 ad
815 2829 864 2882 VI
877 2827 978 2882 milia
994 2830 1144 2895 perversin

160 2913 334 2967 babuerat
364 2916 524 2980 primarium
555 2915 707 2965 sententiae
738 2916 851 2966 verbum
880 2915 1004 2970 habitum
1030 2921 1083 2967 est.
1108 2944 1144 2955 -

162 3013 254 3064 quem
274 3001 333 3065 ipse
353 3005 551 3067 parauerat
577 3001 692 3067 vulgate
715 3002 798 3052 lectio
817 3007 858 3053 est
876 3017 963 3066 eaque
980 3002 1063 3053 unice
1079 3017 1145 3068 pro-

161 3084 260 3135 banda.
290 3088 372 3136 miror
399 3088 576 3154 Nipperdeio‚
604 3089 742 3150 Kranero,
771 3088 898 3151 Dintero,
928 3088 959 3136 F.
982 3086 1144 3141 Hoimsnuo

160 3171 283 3222 codicum
296 3171 379 3222 verba
391 3172 527 3237 placuisse
546 3186 630 3240 quum
644 3173 823 3239 (quamquam
835 3171 888 3239 af)
904 3170 965 3239 ipse
974 3178 1145 3242 paraveram

159 3272 221 3307 cum
237 3256 319 3322 plene
338 3259 428 3322 inepte
447 3257 492 3307 hic
510 3263 661 3318 moneatur,
681 3256 800 3307 Galliam
813 3273 830 3308 e
843 3257 960 3308 Caesare
978 3258 1038 3324 ipso
1057 3274 1145 3326 pace·

158 3348 213 3394 tem
233 3358 300 3405 esee,
320 3348 346 3393 et
365 3344 507 3408 sequentia
525 3344 609 3393 verbe
627 3341 797 3395 nominatim
815 3341 994 3397 examinibus
1013 3342 1144 3401 civitati·

158 3429 209 3484 bus
226 3429 400 3483 nobilissimo
419 3444 525 3498 quoque
543 3434 655 3484 evocato
680 3431 842 3483 documento
868 3433 935 3493 sint,
962 3446 1017 3482 nou
1040 3430 1076 3484 de
1095 3449 1147 3500 ps·

108 3554 112 3558 -
157 3523 219 3569 cete
232 3517 323 3568 Gellia
336 3517 384 3568 sed
396 3519 429 3568 de
443 3518 564 3584 parendo
584 3517 701 3568 militum
720 3533 833 3570 numero
853 3532 1005 3569 sermonem
1024 3534 1095 3574 esse.
1108 3532 1148 3561 ⁴⁴-
