2376 3924
481 265 558 315 oar.
578 267 685 316 rr-re.
1005 268 1067 332 237

93 458 197 522 silium
230 457 378 538 hostium,
414 478 467 520 eos
500 456 562 520 hac
594 466 702 521 mente
731 465 763 520 et
791 467 909 522 conatu
930 460 1068 541 venisse,

93 564 140 624 uti
161 583 245 624 novo
274 569 371 645 atque
404 562 555 625 inusitato
588 582 708 644 genere
742 560 853 646 proelii
886 563 1005 625 tirones
1028 562 1068 625 le-

93 667 228 749 gionarii
262 667 420 749 paucique
454 664 634 749 perturbati
668 663 815 729 Curionis
849 665 997 750 exemplo
1026 667 1067 731 ab

94 772 238 854 equitatu
261 771 472 833 circumventi
487 770 754 855 opprimerentur,
778 778 810 834 et
825 772 869 833 ita
885 770 1068 835 Labienum

94 876 214 939 dixisse
237 897 295 960 pro
318 874 475 949 contione,
505 883 629 938 tantam
657 896 726 938 sese
754 873 992 938 multitudinem
1015 897 1068 938 au·

94 979 244 1043 xiliorum
267 976 462 1042 adversariis
485 977 811 1060 subministraturum,
836 988 871 1041 ut
887 980 984 1042 etiam
1000 1001 1068 1042 cae-

94 1083 200 1147 dendo
228 1084 262 1145 in
290 1083 360 1167 ipsa
382 1082 518 1145 victoria
547 1080 713 1165 defatigati
735 1084 943 1146 vincerentur
971 1092 1068 1167 atque

94 1189 201 1251 asuis
235 1195 482 1272 superarentur3
521 1187 640 1271 quippe
675 1187 730 1270 qui
764 1181 819 1272 [in]
852 1185 904 1250 illo
938 1208 1090 1251 rumores

94 1288 176 1375 [sibi]
205 1289 382 1354 confideret
409 1291 558 1374 primum,
593 1288 680 1373 quod
708 1289 856 1353 audierat
883 1290 1006 1354 Rornae
1028 1289 1069 1353 le·

93 1398 204 1479 giones
227 1403 399 1457 veteranas
429 1391 598 1456 dissentire
627 1415 734 1478 neque
762 1395 795 1457 in
818 1393 964 1457 Africam
986 1393 1069 1457 velle

93 1499 246 1579 transiro;
271 1495 398 1578 deinde,
422 1495 508 1581 quod
531 1498 668 1560 triennio
688 1498 721 1560 in
736 1495 849 1560 Africa
865 1518 939 1560 suos
953 1496 1069 1561 milites

94 1600 325 1665 consuetudine
369 1609 511 1665 retentos
555 1601 667 1666 fideles
704 1601 765 1666 sibi
800 1604 865 1666 iam
902 1602 1068 1683 effecisset,

93 1706 237 1768 maxima
259 1712 368 1767 autem
391 1704 511 1768 auxilia
533 1703 671 1769 haberet
685 1705 901 1770 Numidarum
924 1707 1070 1790 equitum

94 1810 238 1893 levisque
273 1817 467 1891 armaturae,
506 1818 675 1894 praeterea
704 1832 747 1873 cx
775 1810 854 1895 fuga
883 1808 1091 1895 proelioquer

93 1914 289 1999 Pompeiano
313 1932 393 1997 quos
416 1933 526 1977 secum
548 1935 568 1976 a
590 1912 763 1977 Brundisio
790 1922 1071 1999 transportaverat

93 2019 218 2101 equites
242 2017 423 2084 Germanos
446 2017 620 2104 Gallosque
642 2018 752 2104 ibique
774 2027 886 2104 postea
909 2041 951 2082 ex
973 2019 1070 2084 hibri-

94 2121 152 2202 dis,
190 2120 347 2186 libertinis
384 2124 551 2207 servisque
589 2125 834 2208 conscripserat,
873 2132 1069 2205 armaverat,

93 2223 150 2304 (μοι’
172 2226 218 2288 uti
241 2225 366 2289 frenato
383 2225 635 2308 condidicerant,
659 2235 829 2311 praeterea
844 2228 934 2309 regia
949 2224 1092 2289 auxilias

95 2327 273 2412 elephantis
310 2344 381 2390 cxx
418 2330 628 2413 equitatuque
671 2328 907 2411 innumerabili,
952 2327 1070 2392 deinde

93 2431 236 2515 legiones
269 2432 467 2515 conscriptas
501 2452 544 2494 ex
577 2431 821 2515 cuiusquemodi
854 2432 982 2516 generis
1004 2454 1069 2496 am·

95 2534 177 2619 plius
206 2551 258 2597 XII
285 2533 423 2598 milibus.
467 2534 541 2599 Hac
574 2556 631 2619 spe
665 2543 763 2619 atque
796 2556 836 2598 ea
869 2534 1008 2599 audacia
1025 2536 1090 2600 ine

94 2640 277 2703 flammatus
311 2637 477 2703 Labienus
509 2660 583 2703 cum
616 2637 778 2724 equitibus
805 2636 907 2705 Gallis
936 2638 1071 2705 Germa-

94 2746 208 2827 nisque
242 2759 324 2825 unc,
359 2742 575 2807 Numidarum
608 2744 677 2806 sine
710 2742 810 2807 frenis
844 2758 894 2805 v11
929 2740 1069 2825 milibus,

77 2856 263 2931 'praetcrea
286 2848 458 2911 Petreiano
481 2845 601 2910 auxilio
629 2844 774 2910 adhibito
802 2844 965 2931 equitibus
986 2862 1070 2929 unc,

94 2950 240 3036 peditum
262 2973 301 3015 ae
323 2950 403 3015 levis
425 2959 610 3014 armaturae
633 2958 749 3034 quater
770 2958 872 3031 tanto,
894 2950 1070 3037 sagittariis

95 3077 134 3118 ac
170 3053 386 3119 funditoribus
429 3054 712 3139 hippotoxotieque
756 3052 983 3139 compluribus,
1020 3054 1092 3119 hier

95 3160 193 3242 copiis
216 3158 319 3243 pridie
342 3159 424 3223 Non.
440 3158 510 3222 Ian.
526 3165 600 3243 post
621 3156 708 3221 diem
729 3174 787 3241 v1.,
810 3178 909 3243 quam
922 3156 1071 3223 Afi'ieam

95 3262 216 3327 Caesar
250 3265 365 3346 attigit,
389 3263 422 3325 in
445 3262 568 3347 campis
600 3261 794 3347 planissimis
827 3262 1071 3349 purissimisque

95 3366 137 3431 ab
171 3367 252 3431 hora
285 3366 349 3431 diei
383 3368 495 3451 quinta
527 3386 631 3451 usque
664 3364 708 3429 ad
740 3364 815 3431 solis
848 3384 1000 3431 oceasum
1021 3374 1071 3431 est

96 3471 306 3536 decertatum.
329 3470 369 3535 In
391 3490 429 3534 eo
451 3468 572 3555 proelio
587 3468 736 3535 Petreius
756 3469 902 3555 graviter
922 3468 1006 3535 iotue
1027 3488 1071 3535 ex

96 3577 164 3639 acie
186 3577 328 3640 recessit.
1005 3574 1029 3615 ·’
