2376 3924
116 229 180 294 314
412 224 521 278 anani
539 226 792 277 marturensis

203 417 255 481 32.
296 466 413 483 ......
427 439 470 482 ex
491 417 570 502 fuga
593 418 657 484 hac
679 419 735 503 qui
759 416 913 504 oppidum
934 417 1104 484 Mundam

116 520 178 586 sibi
201 521 441 586 constituissent
462 518 672 604 praesidium,
702 521 868 605 nostrique
891 518 1099 604 cogebantur

95 627 299 692 snccessario
333 646 387 689 eos
422 622 675 689 circumvallare.
731 624 785 688 Ex
817 623 958 688 hostium
995 629 1098 690 armis

116 739 208 794 scuta
230 737 263 793 et
285 727 349 814 pila
372 726 547 813 provallo,
570 748 629 813 pro
652 729 793 812 caespite
816 726 979 793 cadauera
1002 728 1098 794 collo·

117 832 291 912 cabantur,
328 833 460 916 insuper
493 829 621 894 abscisa
654 831 687 893 in
720 829 902 913 gladiorum
939 852 1097 897 mucrone

116 938 223 1021 capita
245 935 411 999 hominum
434 932 583 997 ordinata
605 931 648 996 ad
671 930 826 1017 oppidum
849 954 1006 998 conversa
1013 983 1021 1016 ,
1057 945 1096 1001 ut

116 1048 149 1103 et
181 1038 224 1103 ad
257 1037 397 1102 hostium
427 1038 575 1100 timorem
602 1037 797 1120 virtutisque
819 1038 958 1121 insignia
980 1061 1096 1124 propo-

116 1146 178 1208 sita
201 1143 351 1206 viderent
378 1150 411 1205 et
439 1139 524 1205 vallo
547 1139 880 1205 circumcluderentur
903 1141 1095 1208 adversarii.

115 1247 225 1326 Itaque
247 1243 333 1311 Galli
356 1243 489 1328 tragulis
512 1243 688 1328 iaculisque
711 1243 866 1329 oppidum
888 1267 932 1308 ex
954 1244 1096 1312 hostium

115 1349 330 1415 cadaveribus
353 1345 452 1436 [sunt]
476 1348 686 1434 circumplexi
702 1370 891 1434 oppugnare
907 1361 1094 1434 coeperunt.

92 1454 170 1518 sEx
192 1453 254 1518 hoc
276 1452 396 1539 proelio
418 1452 570 1519 Valerius
593 1451 783 1517 adulescens
806 1451 994 1517 Cordubam
1018 1443 1094 1519 cum

115 1559 228 1642 paucis
253 1556 415 1642 equitibus
437 1556 530 1641 fugit,
554 1556 630 1622 Sex.
654 1555 818 1640 Pompeia,
842 1558 898 1640 qui
920 1554 1094 1622 Cordubae

93 1659 246 1743 cluisset,
280 1682 350 1725 rem
383 1668 511 1746 gestam
544 1659 653 1723 refert.
699 1656 836 1742 Cognito
869 1658 931 1724 boc
963 1662 1094 1743 negotio

116 1784 196 1847 quos
225 1766 350 1850 equites
377 1784 488 1828 secum
516 1760 646 1843 habuit,
681 1760 768 1846 quod
798 1763 954 1846 pecuniae
983 1783 1094 1827 secum

121 1866 244 1949 habuit,
267 1869 313 1930 eis
336 1864 500 1929 distribuit
527 1872 560 1928 et
589 1864 758 1949 oppidanis
781 1864 864 1929 dixit
892 1887 927 1929 se
949 1864 990 1930 de
1012 1888 1094 1952 pace

118 1969 161 2034 ad
189 1968 363 2035 Caesarem
397 1967 556 2052 proficisci
589 1976 622 2031 et
654 1966 797 2030 secunda
830 1967 940 2052 vigilia
969 1968 1010 2034 ab
1041 1993 1094 2055 op

94 2073 191 2160 opido
214 2071 369 2136 discessit.
415 2067 473 2134 Cn.
497 2069 670 2154 Pompeius
692 2091 767 2134 cum
796 2071 958 2156 equitibus
981 2076 1093 2158 paucis

114 2174 338 2258 nonnullisque
362 2172 523 2258 peditibus
558 2174 601 2239 ad
634 2174 750 2239 navale
779 2175 977 2262 praesidium
1000 2186 1093 2262 parte

115 2280 217 2344 altera
246 2277 410 2344 Carteiam
439 2278 619 2363 contendit,
655 2280 742 2367 quod
770 2279 924 2366 oppidum
951 2278 1045 2344 abest
1073 2302 1093 2345 a

92 2382 268 2448 oCorduba
290 2381 377 2446 milia
399 2405 553 2468 passuum
577 2399 680 2451 CLXX.
728 2384 802 2466 Quo
836 2405 909 2447 cum
937 2382 979 2447 ad
1008 2391 1092 2447 octa-

113 2510 191 2552 vum
225 2488 397 2553 miliarium
425 2489 582 2571 venisset,
616 2488 654 2552 P.
683 2486 859 2569 Caueilius,
894 2488 949 2571 qui
977 2489 1092 2551 castris

115 2599 212 2655 antea
228 2592 362 2676 Pompei
377 2594 579 2677 praepositus
602 2599 696 2672 esset,
719 2591 789 2654 eius
811 2588 921 2654 verbis
943 2592 1092 2655 nuntium

114 2698 220 2778 mittit,
245 2718 319 2759 eum
342 2699 447 2760 minus
469 2695 552 2761 belle
574 2694 711 2761 habere:
744 2702 781 2758 ut
811 2696 976 2759 mitterent
1003 2693 1089 2758 lecti·

115 2821 197 2881 eam,
222 2801 341 2883 quain
365 2798 519 2885 oppidum
541 2797 661 2863 deferri
684 2805 800 2882 posset.
839 2797 971 2862 Litteris
986 2799 1091 2862 missis

91 2903 287 2988 rPompeius
310 2900 475 2966 Carteiam
497 2901 651 2966 defertur.
698 2901 763 2982 Qui
793 2899 920 2965 illarum
950 2903 1090 2987 partium

113 3007 256 3070 fautores
290 3012 412 3085 essent,
447 3006 644 3069 conveniunt
676 3007 709 3067 in
743 3003 884 3086 domum,
922 3026 986 3089 quo
1020 3014 1091 3070 erat

113 3110 238 3174 delatus
262 3105 333 3195 (qui
355 3107 504 3172 arbitrati
526 3116 601 3173 sunt
617 3106 798 3172 clanculum
813 3104 966 3193 venisse),
989 3118 1025 3173 nt
1047 3109 1090 3173 ab

113 3236 167 3297 eo,
203 3234 286 3297 quae
312 3211 449 3292 vellent,
484 3210 525 3275 de
555 3210 638 3275 bello
666 3212 878 3296 requirerent.
924 3210 1007 3276 Cum
1028 3212 1090 3276 fre-

113 3319 245 3403 quentia
268 3317 485 3398 convenisset,
519 3313 561 3379 de
588 3314 701 3380 lectica
723 3315 896 3401 Pompeius
919 3337 1032 3381 eorum
1054 3320 1088 3382 in

115 3420 214 3485 fidem
236 3419 388 3504 confugit.
