<?xml version="1.0" encoding="UTF-8"?>
<!DOCTYPE html PUBLIC "-//W3C//DTD XHTML 1.0 Transitional//EN"
    "http://www.w3.org/TR/xhtml1/DTD/xhtml1-transitional.dtd">
<html xmlns="http://www.w3.org/1999/xhtml" xml:lang="en" lang="en">
 <head>
  <title>
</title>
<meta http-equiv="Content-Type" content="text/html;charset=utf-8" />
  <meta name='ocr-system' content='tesseract 3.04.00' />
  <meta name='ocr-capabilities' content='ocr_page ocr_carea ocr_par ocr_line ocrx_word'/>
</head>
<body>
  <div class='ocr_page' id='page_1' title='image "./ciuliicaesarisc00hoffgoog/ciuliicaesarisc00hoffgoog_0159.png"; bbox 0 0 2376 3924; ppageno 0'>
   <div class='ocr_carea' id='block_1_1' title="bbox 116 242 786 308">
    <p class='ocr_par' dir='ltr' id='par_1_1' title="bbox 116 242 786 308">
     <span class='ocr_line' id='line_1_1' title="bbox 116 242 786 308; baseline -0.003 -12"><span class='ocrx_word' id='word_1_1' title='bbox 116 243 177 308; x_wconf 81' lang='grc'>106</span> <span class='ocrx_word' id='word_1_2' title='bbox 417 243 467 295; x_wconf 82' lang='lat' dir='ltr'>DE</span> <span class='ocrx_word' id='word_1_3' title='bbox 486 243 606 294; x_wconf 84' lang='lat' dir='ltr'>BELLO</span> <span class='ocrx_word' id='word_1_4' title='bbox 626 242 786 295; x_wconf 68' lang='lat' dir='ltr'>Ganulco</span> 
     </span>
    </p>
   </div>
   <div class='ocr_carea' id='block_1_2' title="bbox 91 433 1109 3633">
    <p class='ocr_par' dir='ltr' id='par_1_2' title="bbox 91 433 1109 3633">
     <span class='ocr_line' id='line_1_2' title="bbox 114 433 1093 521; baseline -0.003 -19"><span class='ocrx_word' id='word_1_5' title='bbox 114 438 209 502; x_wconf 91' lang='lat' dir='ltr'>cuius</span> <span class='ocrx_word' id='word_1_6' title='bbox 226 457 325 521; x_wconf 88' lang='lat' dir='ltr'>supra</span> <span class='ocrx_word' id='word_1_7' title='bbox 343 435 656 519; x_wconf 84' lang='lat' dir='ltr'>demonstravimus,</span> <span class='ocrx_word' id='word_1_8' title='bbox 671 457 776 500; x_wconf 89' lang='lat' dir='ltr'>naves</span> <span class='ocrx_word' id='word_1_9' title='bbox 794 443 827 500; x_wconf 90' lang='lat' dir='ltr'>et</span> <span class='ocrx_word' id='word_1_10' title='bbox 843 433 963 519; x_wconf 90' lang='lat' dir='ltr'>longas</span> <span class='ocrx_word' id='word_1_11' title='bbox 979 453 1093 499; x_wconf 83' lang='lat' dir='ltr'>xxvm</span> 
     </span>
     <span class='ocr_line' id='line_1_3' title="bbox 113 537 1092 628; baseline 0.002 -23"><span class='ocrx_word' id='word_1_12' title='bbox 113 542 243 606; x_wconf 88' lang='lat' dir='ltr'>invenit</span> <span class='ocrx_word' id='word_1_13' title='bbox 264 541 448 605; x_wconf 89' lang='lat' dir='ltr'>instructas</span> <span class='ocrx_word' id='word_1_14' title='bbox 470 561 577 625; x_wconf 90' lang='lat' dir='ltr'>neque</span> <span class='ocrx_word' id='word_1_15' title='bbox 593 539 733 605; x_wconf 92' lang='lat' dir='ltr'>multum</span> <span class='ocrx_word' id='word_1_16' title='bbox 752 537 873 605; x_wconf 89' lang='lat' dir='ltr'>abesse</span> <span class='ocrx_word' id='word_1_17' title='bbox 889 540 932 605; x_wconf 90' lang='lat' dir='ltr'>ab</span> <span class='ocrx_word' id='word_1_18' title='bbox 949 563 998 624; x_wconf 86' lang='lat' dir='ltr'>eo,</span> <span class='ocrx_word' id='word_1_19' title='bbox 1013 543 1092 628; x_wconf 91' lang='lat' dir='ltr'>quin</span> 
     </span>
     <span class='ocr_line' id='line_1_4' title="bbox 92 641 1093 732; baseline -0.002 -22"><span class='ocrx_word' id='word_1_20' title='bbox 92 646 231 732; x_wconf 79' lang='lat' dir='ltr'>³paucis</span> <span class='ocrx_word' id='word_1_21' title='bbox 256 641 373 708; x_wconf 87' lang='lat' dir='ltr'>diebus</span> <span class='ocrx_word' id='word_1_22' title='bbox 398 641 520 709; x_wconf 86' lang='lat' dir='ltr'>deduci</span> <span class='ocrx_word' id='word_1_23' title='bbox 535 644 676 729; x_wconf 84' lang='lat' dir='ltr'>possint.</span> <span class='ocrx_word' id='word_1_24' title='bbox 701 641 913 709; x_wconf 78' lang='lat' dir='ltr'><strong>Collaudatis</strong></span> <span class='ocrx_word' id='word_1_25' title='bbox 929 644 1093 709; x_wconf 80' lang='lat' dir='ltr'>militibus</span> 
     </span>
     <span class='ocr_line' id='line_1_5' title="bbox 113 747 1094 834; baseline 0 -21"><span class='ocrx_word' id='word_1_26' title='bbox 113 758 214 834; x_wconf 90' lang='lat' dir='ltr'>atque</span> <span class='ocrx_word' id='word_1_27' title='bbox 250 749 301 830; x_wconf 88' lang='lat' dir='ltr'>iis,</span> <span class='ocrx_word' id='word_1_28' title='bbox 324 747 381 834; x_wconf 95' lang='lat' dir='ltr'>qui</span> <span class='ocrx_word' id='word_1_29' title='bbox 404 748 540 829; x_wconf 90' lang='lat' dir='ltr'>negotio</span> <span class='ocrx_word' id='word_1_30' title='bbox 563 747 790 832; x_wconf 82' lang='lat' dir='ltr'><strong>praefuerant,</strong></span> <span class='ocrx_word' id='word_1_31' title='bbox 814 747 895 832; x_wconf 92' lang='lat' dir='ltr'>quid</span> <span class='ocrx_word' id='word_1_32' title='bbox 916 748 988 812; x_wconf 88' lang='lat' dir='ltr'>fieri</span> <span class='ocrx_word' id='word_1_33' title='bbox 1011 748 1094 813; x_wconf 91' lang='lat' dir='ltr'>velit</span> 
     </span>
     <span class='ocr_line' id='line_1_6' title="bbox 114 849 1094 935; baseline 0 -19"><span class='ocrx_word' id='word_1_34' title='bbox 114 850 261 916; x_wconf 80' lang='lat' dir='ltr'>ostendit</span> <span class='ocrx_word' id='word_1_35' title='bbox 291 859 392 934; x_wconf 88' lang='lat' dir='ltr'>atque</span> <span class='ocrx_word' id='word_1_36' title='bbox 421 870 534 913; x_wconf 90' lang='lat' dir='ltr'>omnes</span> <span class='ocrx_word' id='word_1_37' title='bbox 564 849 608 914; x_wconf 90' lang='lat' dir='ltr'>ad</span> <span class='ocrx_word' id='word_1_38' title='bbox 631 859 762 935; x_wconf 91' lang='lat' dir='ltr'>portum</span> <span class='ocrx_word' id='word_1_39' title='bbox 790 851 891 916; x_wconf 92' lang='lat' dir='ltr'>Itium</span> <span class='ocrx_word' id='word_1_40' title='bbox 914 853 1094 916; x_wconf 90' lang='lat' dir='ltr'>convenire</span> 
     </span>
     <span class='ocr_line' id='line_1_7' title="bbox 113 952 1094 1039; baseline 0.001 -20"><span class='ocrx_word' id='word_1_41' title='bbox 113 953 220 1036; x_wconf 62' lang='lat' dir='ltr'>iubet5</span> <span class='ocrx_word' id='word_1_42' title='bbox 240 975 303 1039; x_wconf 93' lang='lat' dir='ltr'>quo</span> <span class='ocrx_word' id='word_1_43' title='bbox 328 976 371 1017; x_wconf 86' lang='lat' dir='ltr'>ex</span> <span class='ocrx_word' id='word_1_44' title='bbox 386 961 483 1037; x_wconf 87' lang='lat' dir='ltr'>portu</span> <span class='ocrx_word' id='word_1_45' title='bbox 503 952 809 1018; x_wconf 90' lang='lat' dir='ltr'>commodissimum</span> <span class='ocrx_word' id='word_1_46' title='bbox 832 955 865 1019; x_wconf 94' lang='lat' dir='ltr'>in</span> <span class='ocrx_word' id='word_1_47' title='bbox 882 955 1094 1020; x_wconf 86' lang='lat' dir='ltr'>Britanniam</span> 
     </span>
     <span class='ocr_line' id='line_1_8' title="bbox 113 1056 1095 1143; baseline 0.001 -21"><span class='ocrx_word' id='word_1_48' title='bbox 113 1060 292 1123; x_wconf 88' lang='lat' dir='ltr'>traiectum</span> <span class='ocrx_word' id='word_1_49' title='bbox 316 1078 389 1120; x_wconf 88' lang='lat' dir='ltr'>esse</span> <span class='ocrx_word' id='word_1_50' title='bbox 407 1064 624 1140; x_wconf 83' lang='lat' dir='ltr'>cognoverat,</span> <span class='ocrx_word' id='word_1_51' title='bbox 641 1058 777 1123; x_wconf 82' lang='lat' dir='ltr'>circiter</span> <span class='ocrx_word' id='word_1_52' title='bbox 793 1056 921 1122; x_wconf 91' lang='lat' dir='ltr'>milium</span> <span class='ocrx_word' id='word_1_53' title='bbox 936 1080 1095 1143; x_wconf 83' lang='lat' dir='ltr'><strong>passuum</strong></span> 
     </span>
     <span class='ocr_line' id='line_1_9' title="bbox 113 1156 1094 1247; baseline 0.001 -22"><span class='ocrx_word' id='word_1_54' title='bbox 113 1180 186 1225; x_wconf 78' lang='lat' dir='ltr'>xxx</span> <span class='ocrx_word' id='word_1_55' title='bbox 205 1156 463 1245; x_wconf 84' lang='lat' dir='ltr'>[transmissum]</span> <span class='ocrx_word' id='word_1_56' title='bbox 481 1182 501 1224; x_wconf 93' lang='lat' dir='ltr'>a</span> <span class='ocrx_word' id='word_1_57' title='bbox 517 1161 721 1225; x_wconf 89' lang='lat' dir='ltr'>continenti:</span> <span class='ocrx_word' id='word_1_58' title='bbox 745 1160 823 1225; x_wconf 87' lang='lat' dir='ltr'>huic</span> <span class='ocrx_word' id='word_1_59' title='bbox 840 1160 888 1226; x_wconf 89' lang='lat' dir='ltr'>roi</span> <span class='ocrx_word' id='word_1_60' title='bbox 905 1161 994 1247; x_wconf 92' lang='lat' dir='ltr'>quod</span> <span class='ocrx_word' id='word_1_61' title='bbox 1010 1163 1094 1226; x_wconf 90' lang='lat' dir='ltr'>satis</span> 
     </span>
     <span class='ocr_line' id='line_1_10' title="bbox 92 1262 1094 1351; baseline -0.002 -20"><span class='ocrx_word' id='word_1_62' title='bbox 92 1282 187 1331; x_wconf 62' lang='lat' dir='ltr'>lesse</span> <span class='ocrx_word' id='word_1_63' title='bbox 204 1266 312 1329; x_wconf 89' lang='lat' dir='ltr'>visum</span> <span class='ocrx_word' id='word_1_64' title='bbox 330 1272 380 1328; x_wconf 93' lang='lat' dir='ltr'>est</span> <span class='ocrx_word' id='word_1_65' title='bbox 397 1263 540 1328; x_wconf 87' lang='lat' dir='ltr'>militum</span> <span class='ocrx_word' id='word_1_66' title='bbox 557 1262 702 1350; x_wconf 89' lang='lat' dir='ltr'>reliquit.</span> <span class='ocrx_word' id='word_1_67' title='bbox 718 1264 795 1351; x_wconf 89' lang='lat' dir='ltr'>lpse</span> <span class='ocrx_word' id='word_1_68' title='bbox 811 1286 887 1329; x_wconf 89' lang='lat' dir='ltr'>cum</span> <span class='ocrx_word' id='word_1_69' title='bbox 904 1264 1094 1348; x_wconf 80' lang='lat' dir='ltr'>legionibus</span> 
     </span>
     <span class='ocr_line' id='line_1_11' title="bbox 115 1366 1096 1454; baseline 0.002 -22"><span class='ocrx_word' id='word_1_70' title='bbox 115 1368 282 1454; x_wconf 85' lang='lat' dir='ltr'>expeditis</span> <span class='ocrx_word' id='word_1_71' title='bbox 298 1385 353 1431; x_wconf 86' lang='lat'>1111</span> <span class='ocrx_word' id='word_1_72' title='bbox 377 1376 409 1432; x_wconf 90' lang='lat' dir='ltr'>et</span> <span class='ocrx_word' id='word_1_73' title='bbox 426 1366 595 1453; x_wconf 89' lang='lat' dir='ltr'>equitibus</span> <span class='ocrx_word' id='word_1_74' title='bbox 612 1383 701 1432; x_wconf 76' lang='lat' dir='ltr'>Duco</span> <span class='ocrx_word' id='word_1_75' title='bbox 723 1370 759 1433; x_wconf 92' lang='lat' dir='ltr'>in</span> <span class='ocrx_word' id='word_1_76' title='bbox 774 1368 858 1433; x_wconf 89' lang='lat' dir='ltr'>finos</span> <span class='ocrx_word' id='word_1_77' title='bbox 875 1368 1096 1434; x_wconf 84' lang='lat' dir='ltr'>Treverorum</span> 
     </span>
     <span class='ocr_line' id='line_1_12' title="bbox 113 1469 1094 1558; baseline 0.002 -22"><span class='ocrx_word' id='word_1_78' title='bbox 113 1472 349 1557; x_wconf 83' lang='lat' dir='ltr'>proficiscitur,</span> <span class='ocrx_word' id='word_1_79' title='bbox 373 1470 462 1558; x_wconf 93' lang='lat' dir='ltr'>quod</span> <span class='ocrx_word' id='word_1_80' title='bbox 484 1469 518 1535; x_wconf 95' lang='lat' dir='ltr'>hi</span> <span class='ocrx_word' id='word_1_81' title='bbox 541 1491 649 1555; x_wconf 89' lang='lat' dir='ltr'>neque</span> <span class='ocrx_word' id='word_1_82' title='bbox 673 1471 718 1536; x_wconf 86' lang='lat' dir='ltr'>ad</span> <span class='ocrx_word' id='word_1_83' title='bbox 741 1472 886 1538; x_wconf 88' lang='lat' dir='ltr'>concilia</span> <span class='ocrx_word' id='word_1_84' title='bbox 910 1473 1094 1539; x_wconf 89' lang='lat' dir='ltr'>veniebant</span> 
     </span>
     <span class='ocr_line' id='line_1_13' title="bbox 113 1571 1095 1660; baseline 0 -21"><span class='ocrx_word' id='word_1_85' title='bbox 113 1596 221 1660; x_wconf 90' lang='lat' dir='ltr'>neque</span> <span class='ocrx_word' id='word_1_86' title='bbox 234 1571 1095 1660; x_wconf 81' lang='lat' dir='ltr'>imperioparebantGermanosqueTransrhenanos</span> 
     </span>
     <span class='ocr_line' id='line_1_14' title="bbox 115 1677 535 1744; baseline 0 -1"><span class='ocrx_word' id='word_1_87' title='bbox 115 1678 300 1744; x_wconf 89' lang='lat' dir='ltr'>sollicitare</span> <span class='ocrx_word' id='word_1_88' title='bbox 325 1677 535 1743; x_wconf 80' lang='lat' dir='ltr'>dicebantur.</span> 
     </span>
     <span class='ocr_line' id='line_1_15' title="bbox 199 1779 1097 1867; baseline 0.001 -21"><span class='ocrx_word' id='word_1_89' title='bbox 199 1782 229 1846; x_wconf 90' lang='lat'>3.</span> <span class='ocrx_word' id='word_1_90' title='bbox 252 1781 347 1847; x_wconf 89' lang='lat' dir='ltr'>Haec</span> <span class='ocrx_word' id='word_1_91' title='bbox 371 1783 493 1846; x_wconf 91' lang='lat' dir='ltr'>civitas</span> <span class='ocrx_word' id='word_1_92' title='bbox 517 1781 617 1865; x_wconf 90' lang='lat' dir='ltr'>longe</span> <span class='ocrx_word' id='word_1_93' title='bbox 638 1780 818 1867; x_wconf 90' lang='lat' dir='ltr'>plurimum</span> <span class='ocrx_word' id='word_1_94' title='bbox 841 1783 944 1847; x_wconf 90' lang='lat' dir='ltr'>totius</span> <span class='ocrx_word' id='word_1_95' title='bbox 962 1779 1097 1847; x_wconf 79' lang='lat' dir='ltr'>Galliae</span> 
     </span>
     <span class='ocr_line' id='line_1_16' title="bbox 117 1884 1109 1972; baseline -0.004 -21"><span class='ocrx_word' id='word_1_96' title='bbox 117 1887 268 1971; x_wconf 91' lang='lat' dir='ltr'>equitatu</span> <span class='ocrx_word' id='word_1_97' title='bbox 301 1884 394 1951; x_wconf 88' lang='lat' dir='ltr'>valet</span> <span class='ocrx_word' id='word_1_98' title='bbox 429 1905 636 1972; x_wconf 88' lang='lat' dir='ltr'>magnasque</span> <span class='ocrx_word' id='word_1_99' title='bbox 665 1884 768 1950; x_wconf 88' lang='lat' dir='ltr'>habet</span> <span class='ocrx_word' id='word_1_100' title='bbox 798 1885 915 1970; x_wconf 91' lang='lat' dir='ltr'>copias</span> <span class='ocrx_word' id='word_1_101' title='bbox 944 1886 1109 1971; x_wconf 82' lang='lat' dir='ltr'>peditum</span> 
     </span>
     <span class='ocr_line' id='line_1_17' title="bbox 93 1989 1098 2076; baseline 0.001 -22"><span class='ocrx_word' id='word_1_102' title='bbox 93 1989 340 2076; x_wconf 70' lang='lat' dir='ltr'>tRbenumque</span> <span class='ocrx_word' id='word_1_103' title='bbox 358 1999 396 2055; x_wconf 92' lang='lat' dir='ltr'>ut</span> <span class='ocrx_word' id='word_1_104' title='bbox 413 2011 513 2074; x_wconf 88' lang='lat' dir='ltr'>supra</span> <span class='ocrx_word' id='word_1_105' title='bbox 531 1990 847 2073; x_wconf 84' lang='lat' dir='ltr'>demonstravimus,</span> <span class='ocrx_word' id='word_1_106' title='bbox 863 1990 985 2073; x_wconf 89' lang='lat' dir='ltr'>tangit.</span> <span class='ocrx_word' id='word_1_107' title='bbox 1001 1991 1041 2054; x_wconf 94' lang='lat' dir='ltr'>In</span> <span class='ocrx_word' id='word_1_108' title='bbox 1057 2013 1098 2055; x_wconf 93' lang='lat' dir='ltr'>ea</span> 
     </span>
     <span class='ocr_line' id='line_1_18' title="bbox 115 2092 1096 2180; baseline -0.002 -20"><span class='ocrx_word' id='word_1_109' title='bbox 115 2097 256 2160; x_wconf 88' lang='lat' dir='ltr'>civitate</span> <span class='ocrx_word' id='word_1_110' title='bbox 280 2095 345 2159; x_wconf 92' lang='lat' dir='ltr'>duo</span> <span class='ocrx_word' id='word_1_111' title='bbox 370 2093 412 2158; x_wconf 91' lang='lat' dir='ltr'>de</span> <span class='ocrx_word' id='word_1_112' title='bbox 434 2095 627 2180; x_wconf 87' lang='lat' dir='ltr'>principatu</span> <span class='ocrx_word' id='word_1_113' title='bbox 650 2094 739 2157; x_wconf 88' lang='lat' dir='ltr'>inter</span> <span class='ocrx_word' id='word_1_114' title='bbox 768 2114 804 2157; x_wconf 90' lang='lat' dir='ltr'>se</span> <span class='ocrx_word' id='word_1_115' title='bbox 833 2092 1096 2178; x_wconf 86' lang='lat' dir='ltr'>contendebant,</span> 
     </span>
     <span class='ocr_line' id='line_1_19' title="bbox 93 2195 1096 2283; baseline 0.001 -20"><span class='ocrx_word' id='word_1_116' title='bbox 93 2199 365 2265; x_wconf 77' lang='lat' dir='ltr'>³Indutiomarus</span> <span class='ocrx_word' id='word_1_117' title='bbox 389 2208 422 2264; x_wconf 89' lang='lat' dir='ltr'>et</span> <span class='ocrx_word' id='word_1_118' title='bbox 439 2196 652 2282; x_wconf 77' lang='lat' dir='ltr'>Cingetorix3</span> <span class='ocrx_word' id='word_1_119' title='bbox 676 2196 837 2283; x_wconf 90' lang='lat' dir='ltr'>equibus</span> <span class='ocrx_word' id='word_1_120' title='bbox 861 2195 958 2280; x_wconf 87' lang='lat' dir='ltr'>alter,</span> <span class='ocrx_word' id='word_1_121' title='bbox 983 2198 1096 2264; x_wconf 90' lang='lat' dir='ltr'>simul·</span> 
     </span>
     <span class='ocr_line' id='line_1_20' title="bbox 115 2299 1098 2389; baseline -0.001 -22"><span class='ocrx_word' id='word_1_122' title='bbox 115 2312 216 2389; x_wconf 89' lang='lat' dir='ltr'>atque</span> <span class='ocrx_word' id='word_1_123' title='bbox 240 2303 281 2369; x_wconf 89' lang='lat' dir='ltr'>de</span> <span class='ocrx_word' id='word_1_124' title='bbox 305 2301 463 2369; x_wconf 77' lang='lat' dir='ltr'>Caesaris</span> <span class='ocrx_word' id='word_1_125' title='bbox 487 2301 722 2387; x_wconf 84' lang='lat' dir='ltr'>legionumque</span> <span class='ocrx_word' id='word_1_126' title='bbox 745 2299 895 2366; x_wconf 89' lang='lat' dir='ltr'>adventu</span> <span class='ocrx_word' id='word_1_127' title='bbox 924 2303 1098 2385; x_wconf 90' lang='lat' dir='ltr'>cognitum</span> 
     </span>
     <span class='ocr_line' id='line_1_21' title="bbox 116 2405 1099 2492; baseline -0.002 -19"><span class='ocrx_word' id='word_1_128' title='bbox 116 2417 177 2492; x_wconf 87' lang='lat' dir='ltr'>est,</span> <span class='ocrx_word' id='word_1_129' title='bbox 201 2407 246 2472; x_wconf 90' lang='lat' dir='ltr'>ad</span> <span class='ocrx_word' id='word_1_130' title='bbox 270 2430 343 2473; x_wconf 90' lang='lat' dir='ltr'>eum</span> <span class='ocrx_word' id='word_1_131' title='bbox 367 2407 471 2491; x_wconf 87' lang='lat' dir='ltr'>venit,</span> <span class='ocrx_word' id='word_1_132' title='bbox 496 2429 531 2472; x_wconf 90' lang='lat' dir='ltr'>se</span> <span class='ocrx_word' id='word_1_133' title='bbox 556 2427 699 2492; x_wconf 91' lang='lat' dir='ltr'>suosque</span> <span class='ocrx_word' id='word_1_134' title='bbox 724 2426 836 2470; x_wconf 92' lang='lat' dir='ltr'>omnes</span> <span class='ocrx_word' id='word_1_135' title='bbox 861 2405 895 2470; x_wconf 88' lang='lat' dir='ltr'>in</span> <span class='ocrx_word' id='word_1_136' title='bbox 919 2405 1030 2472; x_wconf 88' lang='lat' dir='ltr'>officio</span> <span class='ocrx_word' id='word_1_137' title='bbox 1052 2407 1099 2471; x_wconf 87' lang='lat' dir='ltr'>fu-</span> 
     </span>
     <span class='ocr_line' id='line_1_22' title="bbox 116 2508 1100 2597; baseline -0.001 -21"><span class='ocrx_word' id='word_1_138' title='bbox 116 2521 209 2576; x_wconf 91' lang='lat' dir='ltr'>turos</span> <span class='ocrx_word' id='word_1_139' title='bbox 233 2534 340 2597; x_wconf 89' lang='lat' dir='ltr'>neque</span> <span class='ocrx_word' id='word_1_140' title='bbox 364 2511 406 2576; x_wconf 92' lang='lat' dir='ltr'>ab</span> <span class='ocrx_word' id='word_1_141' title='bbox 432 2512 582 2576; x_wconf 86' lang='lat' dir='ltr'>amicitia</span> <span class='ocrx_word' id='word_1_142' title='bbox 604 2509 718 2596; x_wconf 93' lang='lat' dir='ltr'>populi</span> <span class='ocrx_word' id='word_1_143' title='bbox 742 2510 884 2575; x_wconf 89' lang='lat' dir='ltr'>Romani</span> <span class='ocrx_word' id='word_1_144' title='bbox 909 2508 1100 2575; x_wconf 83' lang='lat' dir='ltr'>defecturos</span> 
     </span>
     <span class='ocr_line' id='line_1_23' title="bbox 115 2613 1100 2700; baseline 0.002 -22"><span class='ocrx_word' id='word_1_145' title='bbox 115 2616 337 2698; x_wconf 85' lang='lat' dir='ltr'>confirmavit,</span> <span class='ocrx_word' id='word_1_146' title='bbox 345 2636 495 2700; x_wconf 88' lang='lat' dir='ltr'>quaeque</span> <span class='ocrx_word' id='word_1_147' title='bbox 510 2614 544 2679; x_wconf 94' lang='lat' dir='ltr'>in</span> <span class='ocrx_word' id='word_1_148' title='bbox 556 2613 713 2679; x_wconf 85' lang='lat' dir='ltr'>Treveris</span> <span class='ocrx_word' id='word_1_149' title='bbox 727 2621 924 2697; x_wconf 88' lang='lat' dir='ltr'>gererentur</span> <span class='ocrx_word' id='word_1_150' title='bbox 939 2613 1100 2680; x_wconf 88' lang='lat' dir='ltr'>ostendit.</span> 
     </span>
     <span class='ocr_line' id='line_1_24' title="bbox 91 2716 1100 2803; baseline 0.001 -21"><span class='ocrx_word' id='word_1_151' title='bbox 91 2716 161 2782; x_wconf 76' lang='lat' dir='ltr'>⁴At</span> <span class='ocrx_word' id='word_1_152' title='bbox 192 2717 442 2782; x_wconf 78' lang='lat' dir='ltr'>indutiomarus</span> <span class='ocrx_word' id='word_1_153' title='bbox 473 2718 659 2803; x_wconf 86' lang='lat' dir='ltr'>equitatum</span> <span class='ocrx_word' id='word_1_154' title='bbox 693 2716 947 2802; x_wconf 89' lang='lat' dir='ltr'>peditatumque</span> <span class='ocrx_word' id='word_1_155' title='bbox 978 2738 1100 2802; x_wconf 90' lang='lat' dir='ltr'>cogere</span> 
     </span>
     <span class='ocr_line' id='line_1_25' title="bbox 117 2821 1100 2907; baseline 0.003 -24"><span class='ocrx_word' id='word_1_156' title='bbox 117 2821 234 2906; x_wconf 82' lang='lat' dir='ltr'>iisque,</span> <span class='ocrx_word' id='word_1_157' title='bbox 251 2823 307 2906; x_wconf 92' lang='lat' dir='ltr'>qui</span> <span class='ocrx_word' id='word_1_158' title='bbox 330 2843 391 2907; x_wconf 90' lang='lat' dir='ltr'>per</span> <span class='ocrx_word' id='word_1_159' title='bbox 407 2830 554 2886; x_wconf 89' lang='lat' dir='ltr'>aetatem</span> <span class='ocrx_word' id='word_1_160' title='bbox 578 2823 612 2886; x_wconf 90' lang='lat' dir='ltr'>in</span> <span class='ocrx_word' id='word_1_161' title='bbox 630 2821 733 2886; x_wconf 88' lang='lat' dir='ltr'>armis</span> <span class='ocrx_word' id='word_1_162' title='bbox 751 2843 824 2886; x_wconf 87' lang='lat' dir='ltr'>esso</span> <span class='ocrx_word' id='word_1_163' title='bbox 847 2842 914 2886; x_wconf 93' lang='lat' dir='ltr'>non</span> <span class='ocrx_word' id='word_1_164' title='bbox 928 2830 1100 2906; x_wconf 84' lang='lat' dir='ltr'>poterant,</span> 
     </span>
     <span class='ocr_line' id='line_1_26' title="bbox 116 2923 1102 3010; baseline 0.004 -23"><span class='ocrx_word' id='word_1_165' title='bbox 116 2924 150 2987; x_wconf 93' lang='lat' dir='ltr'>in</span> <span class='ocrx_word' id='word_1_166' title='bbox 175 2923 295 2989; x_wconf 89' lang='lat' dir='ltr'>silvam</span> <span class='ocrx_word' id='word_1_167' title='bbox 311 2924 529 2990; x_wconf 81' lang='lat' dir='ltr'>Arduennam</span> <span class='ocrx_word' id='word_1_168' title='bbox 545 2924 682 3008; x_wconf 86' lang='lat' dir='ltr'>abditis,</span> <span class='ocrx_word' id='word_1_169' title='bbox 708 2946 793 3010; x_wconf 91' lang='lat' dir='ltr'>quae</span> <span class='ocrx_word' id='word_1_170' title='bbox 818 2926 947 3008; x_wconf 83' lang='lat' dir='ltr'>ingenti</span> <span class='ocrx_word' id='word_1_171' title='bbox 970 2927 1102 3010; x_wconf 84' lang='lat' dir='ltr'>magni·</span> 
     </span>
     <span class='ocr_line' id='line_1_27' title="bbox 116 3026 1100 3113; baseline 0.003 -22"><span class='ocrx_word' id='word_1_172' title='bbox 116 3026 233 3092; x_wconf 91' lang='lat' dir='ltr'>tudine</span> <span class='ocrx_word' id='word_1_173' title='bbox 249 3050 308 3113; x_wconf 91' lang='lat' dir='ltr'>per</span> <span class='ocrx_word' id='word_1_174' title='bbox 324 3027 452 3093; x_wconf 88' lang='lat' dir='ltr'>medios</span> <span class='ocrx_word' id='word_1_175' title='bbox 468 3028 551 3092; x_wconf 91' lang='lat' dir='ltr'>fines</span> <span class='ocrx_word' id='word_1_176' title='bbox 564 3027 785 3093; x_wconf 84' lang='lat' dir='ltr'>Treverorum</span> <span class='ocrx_word' id='word_1_177' title='bbox 801 3050 821 3093; x_wconf 98' lang='lat' dir='ltr'>a</span> <span class='ocrx_word' id='word_1_178' title='bbox 835 3028 972 3093; x_wconf 91' lang='lat' dir='ltr'>flumine</span> <span class='ocrx_word' id='word_1_179' title='bbox 983 3027 1100 3094; x_wconf 89' lang='lat' dir='ltr'>Rheno</span> 
     </span>
     <span class='ocr_line' id='line_1_28' title="bbox 116 3130 1103 3218; baseline 0.003 -24"><span class='ocrx_word' id='word_1_180' title='bbox 116 3130 161 3195; x_wconf 86' lang='lat' dir='ltr'>ad</span> <span class='ocrx_word' id='word_1_181' title='bbox 173 3131 304 3195; x_wconf 90' lang='lat' dir='ltr'>initium</span> <span class='ocrx_word' id='word_1_182' title='bbox 311 3130 490 3196; x_wconf 90' lang='lat' dir='ltr'>Remorum</span> <span class='ocrx_word' id='word_1_183' title='bbox 506 3130 797 3216; x_wconf 84' lang='lat' dir='ltr'>pertinet,bellum</span> <span class='ocrx_word' id='word_1_184' title='bbox 805 3153 927 3218; x_wconf 88' lang='lat' dir='ltr'>parare</span> <span class='ocrx_word' id='word_1_185' title='bbox 940 3131 1103 3197; x_wconf 90' lang='lat' dir='ltr'>instituit.</span> 
     </span>
     <span class='ocr_line' id='line_1_29' title="bbox 93 3231 1102 3321; baseline 0.003 -23"><span class='ocrx_word' id='word_1_186' title='bbox 93 3231 183 3298; x_wconf 63' lang='lat' dir='ltr'>used</span> <span class='ocrx_word' id='word_1_187' title='bbox 205 3243 426 3320; x_wconf 91' lang='lat' dir='ltr'>posteaquam</span> <span class='ocrx_word' id='word_1_188' title='bbox 448 3234 602 3300; x_wconf 91' lang='lat' dir='ltr'>nonnulli</span> <span class='ocrx_word' id='word_1_189' title='bbox 624 3236 794 3321; x_wconf 87' lang='lat' dir='ltr'>principes</span> <span class='ocrx_word' id='word_1_190' title='bbox 826 3258 868 3300; x_wconf 88' lang='lat' dir='ltr'>ex</span> <span class='ocrx_word' id='word_1_191' title='bbox 896 3258 936 3300; x_wconf 90' lang='lat' dir='ltr'>ea</span> <span class='ocrx_word' id='word_1_192' title='bbox 960 3235 1102 3301; x_wconf 90' lang='lat' dir='ltr'>civitate</span> 
     </span>
     <span class='ocr_line' id='line_1_30' title="bbox 116 3336 1102 3422; baseline 0.002 -19"><span class='ocrx_word' id='word_1_193' title='bbox 116 3348 149 3403; x_wconf 92' lang='lat' dir='ltr'>et</span> <span class='ocrx_word' id='word_1_194' title='bbox 179 3338 414 3404; x_wconf 85' lang='lat' dir='ltr'>familiaritate</span> <span class='ocrx_word' id='word_1_195' title='bbox 448 3336 676 3422; x_wconf 81' lang='lat' dir='ltr'>Cingetorigis</span> <span class='ocrx_word' id='word_1_196' title='bbox 711 3338 850 3405; x_wconf 89' lang='lat' dir='ltr'>adducti</span> <span class='ocrx_word' id='word_1_197' title='bbox 886 3348 919 3404; x_wconf 90' lang='lat' dir='ltr'>et</span> <span class='ocrx_word' id='word_1_198' title='bbox 950 3337 1102 3405; x_wconf 84' lang='lat' dir='ltr'>adventu</span> 
     </span>
     <span class='ocr_line' id='line_1_31' title="bbox 115 3440 1102 3527; baseline 0.003 -22"><span class='ocrx_word' id='word_1_199' title='bbox 115 3443 222 3506; x_wconf 89' lang='lat' dir='ltr'>nostri</span> <span class='ocrx_word' id='word_1_200' title='bbox 251 3442 421 3507; x_wconf 87' lang='lat' dir='ltr'>exercitus</span> <span class='ocrx_word' id='word_1_201' title='bbox 448 3442 621 3527; x_wconf 90' lang='lat' dir='ltr'>perterriti</span> <span class='ocrx_word' id='word_1_202' title='bbox 650 3441 695 3507; x_wconf 91' lang='lat' dir='ltr'>ad</span> <span class='ocrx_word' id='word_1_203' title='bbox 724 3440 904 3508; x_wconf 82' lang='lat' dir='ltr'>Caesarem</span> <span class='ocrx_word' id='word_1_204' title='bbox 935 3451 1102 3508; x_wconf 87' lang='lat' dir='ltr'>venerunt</span> 
     </span>
     <span class='ocr_line' id='line_1_32' title="bbox 116 3544 1102 3633; baseline 0.002 -24"><span class='ocrx_word' id='word_1_205' title='bbox 116 3555 148 3609; x_wconf 90' lang='lat' dir='ltr'>et</span> <span class='ocrx_word' id='word_1_206' title='bbox 173 3544 214 3609; x_wconf 91' lang='lat' dir='ltr'>de</span> <span class='ocrx_word' id='word_1_207' title='bbox 238 3547 306 3610; x_wconf 90' lang='lat' dir='ltr'>suis</span> <span class='ocrx_word' id='word_1_208' title='bbox 330 3546 488 3631; x_wconf 87' lang='lat' dir='ltr'>privatim</span> <span class='ocrx_word' id='word_1_209' title='bbox 510 3544 612 3611; x_wconf 90' lang='lat' dir='ltr'>rebus</span> <span class='ocrx_word' id='word_1_210' title='bbox 636 3544 680 3610; x_wconf 92' lang='lat' dir='ltr'>ab</span> <span class='ocrx_word' id='word_1_211' title='bbox 704 3566 742 3611; x_wconf 92' lang='lat' dir='ltr'>eo</span> <span class='ocrx_word' id='word_1_212' title='bbox 765 3556 882 3633; x_wconf 90' lang='lat' dir='ltr'>petere</span> <span class='ocrx_word' id='word_1_213' title='bbox 905 3554 1102 3631; x_wconf 81' lang='lat' dir='ltr'>coeperunt,</span> 
     </span>
    </p>
   </div>
   <div class='ocr_carea' id='block_1_3' title="bbox 0 0 1202 3924">
    <p class='ocr_par' dir='ltr' id='par_1_3' title="bbox 0 0 1202 3924">
     <span class='ocr_line' id='line_1_33' title="bbox 0 0 1202 3924; baseline 0 0"><span class='ocrx_word' id='word_1_214' title='bbox 0 0 1202 3924; x_wconf 95' lang='lat' dir='ltr'> </span> 
     </span>
    </p>
   </div>
  </div>
 </body>
</html>
