2376 3924
139 215 201 280 134
440 218 490 267 ua
511 215 630 266 annno
651 214 810 266 cnnmoo

139 429 181 471 ex
205 405 373 492 equitibus
391 403 500 478 Gallis
517 407 650 489 magnis
672 406 830 490 praemiis
854 403 1047 491 persuadet,
1069 405 1121 466 uti

114 508 186 584 rad
202 507 397 574 Ciceronem
415 508 592 594 epistolam
607 509 747 575 deferat.
771 509 869 575 Hanc
884 506 1026 574 Graecis
1042 519 1122 571 con'·

138 614 298 697 scriptam
315 612 439 677 litteris
455 613 570 695 mittit,
583 635 625 676 ne
642 613 832 697 intercepta
845 609 987 698 epistola
1000 619 1119 676 nostra

116 715 181 801 sab
210 715 364 780 hostibus
394 715 536 780 consilia
568 725 827 799 cognoscantur.
874 713 910 779 Si
933 715 1029 780 adire
1051 737 1119 779 non

138 821 255 906 possit,
271 829 394 901 monet,
417 828 453 883 ut
478 817 648 906 tragulam
671 841 746 884 cum
769 818 913 905 epistola
937 819 983 884 ad
1005 841 1118 882 amen·

117 933 209 989 etum
223 922 373 1006 deligata
390 925 478 988 intra
494 925 712 988 munitionem
725 931 913 988 castrorum
925 921 1062 987 abiciat.
1080 923 1119 986 In

138 1026 262 1092 litteris
280 1025 397 1091 scribit
416 1049 451 1090 se
468 1049 543 1092 cum
559 1025 749 1110 legionibus
766 1026 952 1111 profectum
968 1025 1121 1091 celeriter

116 1132 257 1206 raffore3
272 1130 437 1210 hortatur,
454 1139 489 1194 ut
504 1132 683 1216 pristinam
695 1131 854 1194 virtutem
869 1131 1024 1194 retineat.
1040 1127 1120 1193 Gal-

140 1235 190 1299 lus
207 1231 390 1319 periculum
408 1235 546 1319 veritus,
563 1244 599 1299 ut
617 1243 690 1298 erat
708 1242 933 1320 praeceptum,
951 1232 1121 1316 tragulam

117 1337 356 1403 emittitHaec
369 1359 452 1402 casu
465 1336 509 1402 ad
521 1340 640 1404 turrim
653 1337 810 1405 adhaesit
822 1360 929 1423 neque
942 1335 1120 1402 abnostris

139 1440 241 1505 biduo
267 1439 504 1505 animadversa
521 1443 623 1506 tertio
641 1440 696 1506 die
714 1464 734 1505 a
758 1440 903 1526 quodam
918 1438 1025 1506 milite
1041 1461 1121 1504 con-

118 1543 444 1630 espicitur,'dempta
461 1544 506 1610 ad
522 1543 717 1610 Ciceronem
735 1545 893 1610 defertur.
917 1542 979 1608 Ille
995 1541 1121 1629 perlec-

139 1657 209 1712 tam
234 1650 266 1712 in
283 1657 450 1712 conventu
466 1648 610 1713 militum
635 1650 757 1713 recitat
775 1649 989 1732 maximaque
1006 1669 1121 1712 omnes

107 1750 273 1828 rolaetitia
298 1751 413 1816 afficit.
437 1750 522 1816 Tum
545 1751 625 1817 fumi
650 1752 880 1816 incendiorum
897 1748 1011 1836 procul
1027 1749 1121 1814 vide-

120 1918 123 1922 .
140 1855 280 1937 bantur3
304 1876 459 1940 quaeres
483 1879 612 1921 omnem
630 1855 876 1922 dubitationem
892 1854 1058 1920 adventus
1075 1853 1121 1918 le·

142 1959 277 2041 gionum
302 1958 442 2044 expulit.
1084 1966 1086 1971 ’

115 2105 118 2109 -
144 2077 147 2082 ·
225 2059 278 2125 49.
291 2060 383 2128 Galli
396 2086 432 2128 re
445 2065 583 2147 cognita
596 2086 655 2149 per
668 2062 898 2150 exploratores
912 2059 1121 2126 obsidionem

140 2165 343 2252 relinquunt,
357 2167 402 2230 ad
415 2165 596 2233 Caesarem
612 2166 766 2232 omnibus
783 2166 888 2251 copiis
901 2162 1122 2230 contendunt.

119 2269 235 2334 aHaec
260 2279 357 2335 erant
382 2281 512 2337 armata
535 2273 673 2337 circiter
695 2269 789 2336 milia
812 2287 867 2333 nx.
897 2266 1015 2333 Cicero
1040 2266 1123 2336 data

140 2374 307 2438 facultate
324 2371 461 2438 Gallum
485 2374 529 2439 ab
553 2374 670 2439 eodem
682 2374 875 2456 Vertieone,
899 2393 996 2457 quem
1020 2382 1123 2456 supra

142 2478 456 2562 demonstravimus,
480 2481 612 2564 repetit,
638 2481 693 2564 qui
716 2479 849 2544 litteras
873 2476 918 2541 ad
942 2474 1124 2541 Gaesarem

143 2579 1124 2666 deferat3huncadmonet,itercautediligenterquefaciat3

119 2707 131 2746 s
141 2683 320 2768 perscribit
339 2687 372 2749 in
385 2684 509 2750 litteris
521 2685 635 2751 hostes
653 2685 695 2752 ab
714 2708 750 2751 se
764 2684 962 2749 discessisse
978 2704 1122 2748 omnem-

120 2809 204 2872 4que
228 2787 362 2852 adeum
378 2786 627 2853 multitudinem
643 2789 862 2854 convertisse.
886 2784 1016 2867 Quibus
1034 2785 1140 2851 litte--

141 2893 188 2955 ris
205 2892 343 2956 circiter
355 2890 466 2956 media
483 2901 581 2956 nocte
595 2890 722 2957 Caesar
735 2891 850 2957 allatis
864 2912 941 2956 suos
956 2889 1039 2953 facit
1051 2910 1125 2954 cer-

120 2996 245 3058 stiores
263 3015 385 3078 eosque
409 2993 453 3058 ad
471 2993 698 3059 dimicandum
723 2995 835 3058 animo
852 2992 1038 3064 confirmat.
1061 2992 1124 3056 Po-

142 3107 231 3162 stero
257 3096 311 3160 die
335 3094 410 3162 luce
425 3098 534 3183 prima
557 3107 668 3162 movet
684 3106 800 3162 castra
823 3106 857 3161 et
880 3096 1015 3160 circiter
1030 3093 1125 3166 milia

142 3221 300 3285 passuum
317 3209 477 3285 quattuor
499 3220 698 3285 progressus
714 3209 809 3265 trans
825 3197 950 3265 vallem
966 3208 998 3264 et
1015 3181 1136 3267 rivum.

117 3303 392 3370 smultitudinem
404 3302 550 3368 hostium
564 3305 789 3390 conspicatur.
805 3303 891 3368 Erat
905 3303 1020 3385 magni
1036 3305 1125 3389 peri·

143 3407 211 3471 culi
235 3429 288 3472 res
311 3406 453 3473 tantulis
472 3408 579 3492 copiis
604 3409 716 3494 iniquo
740 3407 814 3472 loco
840 3406 1017 3488 dimicare3
1040 3414 1125 3492 tum,

144 3513 301 3595 quoniam
335 3508 510 3576 obsidione
543 3508 720 3577 liberatum
754 3509 947 3576 Ciceronem
984 3506 1126 3594 sciebat,
