2376 3924
499 259 574 311 ear.
595 260 703 312 ra-as.
1029 264 1092 329 221

110 454 216 515 minus
249 455 353 538 prima
387 455 456 518 acie
489 477 547 540 pro
577 454 660 519 vallo
683 456 840 519 instructa
868 455 993 541 reliqua
1015 477 1092 540 pars

111 558 272 620 exercitus
296 579 375 642 opus
398 557 529 622 faceret.
564 557 610 622 At
633 558 820 622 Pharnaces
843 559 999 644 impulsus
1023 561 1114 627 sires

110 660 169 724 loci
193 660 344 726 felicitate
373 664 441 726 sive
464 664 614 748 auspiciis
643 672 676 728 et
697 661 906 747 religionibus
928 663 1090 745 inductus,

110 764 227 849 quibus
251 765 491 853 obtemperasse
520 790 594 832 eum
622 777 735 854 postea
764 767 991 850 audiebamus,
1022 770 1090 831 sive

109 870 270 951 paucitate
293 879 491 954 nostrorum,
523 873 578 955 qui
599 867 753 935 inarmis
776 879 883 954 erant,
914 879 1089 955 comperta,

109 995 183 1035 cum
205 994 296 1037 more
319 977 423 1059 operis
447 973 600 1039 cotidiani
622 996 775 1059 magnam
803 973 891 1038 illam
921 995 1090 1038 servorum

107 1075 355 1160 multitudinem,
379 1099 463 1163 quae
487 1100 641 1162 aggerem
663 1078 823 1164 portabat,
855 1078 991 1143 militum
1019 1098 1089 1141 esse

107 1179 304 1263 credidisset,
329 1183 397 1245 sive
420 1184 517 1246 etiarn
539 1182 659 1247 fiducia
682 1185 826 1247 veterani
849 1184 1011 1246 exercitus
1027 1183 1087 1263 sui,

106 1305 203 1366 quem
226 1302 312 1347 xxm
336 1286 369 1348 in
398 1286 467 1348 acie
490 1285 673 1349 conflixisse
703 1294 736 1350 et
763 1287 878 1349 vicisse
901 1285 998 1369 legati
1020 1286 1088 1348 eius

104 1386 337 1470 gloriabantur,
360 1387 454 1450 simul
477 1398 663 1474 contemptu
679 1391 840 1454 exercitus
855 1392 966 1471 nostri,
991 1411 1088 1475 quern

106 1489 233 1573 pulsum
266 1513 286 1554 a
319 1512 353 1554 se
376 1492 520 1555 Domitio
554 1492 636 1557 duce
670 1493 808 1577 sciebat,
842 1495 921 1558 inito
956 1494 1086 1557 consilio

106 1592 281 1657 dimicandi
304 1594 502 1659 descendere
532 1604 708 1682 praerupta
730 1597 816 1662 valle
838 1599 952 1682 coepit.
987 1595 1109 1661 Ouiuss

105 1694 303 1780 aliquamdiu
332 1695 453 1761 Caesar
485 1697 642 1762 irridebat
674 1701 805 1763 inanem
839 1702 1087 1764 ostentationem

104 1807 136 1861 et
170 1821 207 1863 eo
241 1799 309 1865 loco
338 1801 475 1866 militurn
503 1804 749 1887 coartationem,
784 1824 881 1888 quem
914 1805 948 1867 in
980 1802 1087 1868 locum

103 1925 197 1967 nemo
220 1926 317 1969 sanus
333 1905 433 1970 hostis
449 1905 614 1971 subiturus
629 1917 730 1971 esset:
754 1928 827 1970 cum
842 1908 971 1971 interim
986 1907 1085 1971 Phar-

102 2029 199 2071 naces
222 2007 338 2072 eodem
361 2008 482 2093 gradu,
512 2031 576 2095 quo
603 2011 638 2074 in
665 2009 842 2095 proclivem
871 2009 1085 2075 descenderat

101 2110 228 2194 vallem,
253 2113 431 2178 ascendere
455 2112 613 2178 adversus
629 2113 768 2179 arduum
784 2113 897 2178 collem
919 2116 1084 2179 instructis

101 2216 200 2298 copiis
224 2218 339 2301 coepit.

187 2316 237 2380 75.
279 2317 400 2383 Caesar
433 2318 613 2384 incredibili
641 2323 710 2384 eius
738 2320 791 2384 vel
820 2323 1001 2385 temeritate
1031 2320 1084 2386 vel

101 2422 223 2485 fiducia
255 2430 433 2486 commotus
461 2443 567 2507 neque
597 2425 732 2509 opinans
758 2425 1002 2508 imparatusque
1031 2445 1083 2509 op-

99 2548 229 2611 pressus
265 2524 379 2589 eodem
413 2534 557 2611 tempore
590 2525 706 2590 milites
740 2524 783 2590 ab
812 2548 909 2612 opere
936 2537 1080 2611 revocat,

99 2652 190 2692 arma
222 2651 340 2714 capere
370 2628 475 2711 iubet,
510 2628 651 2714 legiones
680 2631 813 2716 opponit
842 2631 1009 2717 aciemque
1037 2633 1083 2695 in·

99 2736 207 2815 struit3
232 2733 324 2796 ouius
347 2735 394 2797 rei
417 2732 525 2796 subita
548 2732 722 2819 trepidatio
744 2754 902 2818 magnum
923 2742 1104 2798 terrorem

98 2836 204 2900 attulit
227 2838 356 2901 nostris.
394 2835 548 2900 Nondum
570 2835 737 2900 ordinibus
757 2837 921 2902 instructis
943 2837 1103 2902 falcatae³

97 2943 205 3023 regiae
229 2939 410 3025 quadrigae
433 2941 611 3025 permixtos
633 2939 749 3004 milites
764 2939 971 3026 perturbant,
997 2962 1080 3026 quae

96 3054 206 3108 tamen
242 3044 390 3107 celeriter
428 3042 632 3107 multitudine
669 3043 806 3109 telorum
843 3048 1079 3131 opprimuntur.

95 3148 286 3232 Insequitur
313 3146 372 3211 has
406 3133 492 3211 acies
524 3147 680 3232 hostium,
714 3156 747 3213 et
779 3146 919 3213 clamore
953 3147 1102 3213 sublato4

96 3252 284 3336 confligitur
306 3251 444 3315 multum
466 3251 644 3317 adiuvante
666 3261 785 3317 natura
807 3251 877 3334 loci,
906 3252 1080 3338 plurimum

95 3355 230 3420 deorum
255 3355 483 3419 immortalium
505 3354 720 3440 benignitate3
750 3357 805 3440 qui
834 3377 908 3419 cum
931 3354 1079 3419 omnibus

95 3458 225 3524 casibus
250 3457 327 3524 belli
350 3460 526 3542 intersunt,
556 3467 627 3523 tum
647 3460 839 3545 praecipue,
863 3457 981 3544 quibus
1002 3457 1082 3523 ¹nihil

93 3564 220 3628 ratione
245 3564 352 3650 potuit
374 3561 602 3627 administrari.
