2376 3924
271 224 320 274 ΑΙ)
340 223 439 273 CAES.
458 223 562 272 BELL.
582 222 687 272 GALL.
706 222 727 284 Ι,
747 223 867 284 11-49,
887 223 910 269 l.
1036 220 1077 270 III

95 412 141 466 tta
164 410 210 465 uu·
233 426 324 478 supra
348 409 596 473 se...coltocaret‚
622 425 691 474 quae
709 410 794 460 verba
816 413 873 459 tum
891 415 996 461 tantum
1014 415 1078 473 apta

94 504 198 558 essent,
216 498 240 548 si
258 513 306 562 per
323 495 367 548 ita
384 495 429 549 oti
450 497 519 546 ratio
544 495 733 561 explicaretur,
761 511 816 560 qua
840 497 921 545 trium
938 495 1076 560 legionum

97 592 290 636 veteranarum
310 585 383 634 acies
401 584 527 633 instituta
543 582 633 632 fuerit.

204 705 227 742 o.
247 691 288 749 31,
309 689 338 736 1:
358 684 531 754 [inocculto]
557 685 659 735 delevit
681 684 793 750 Frigell.
812 713 845 722 -
865 685 888 751 ς.
909 686 953 733 12:
971 682 1079 735 Adma-

95 771 276 843 9etobrt'9ae]
300 774 340 823 sio
352 774 448 838 optimi
462 772 553 836 codd.;
573 772 691 822 nominis
704 771 804 822 vindex
817 772 920 821 exstitit
929 771 1080 821 Mommsen

96 861 171 911 Hist.
189 860 221 910 R.
239 859 301 923 111⁷,
314 857 390 909 ew.
403 887 438 897 --
450 860 474 926 ξ.
488 860 534 908 13;
553 855 709 926 sustinere]
734 857 811 909 codd.
831 858 949 906 activam
967 857 1080 906 formam

96 947 247 1013 praebent3
266 961 352 1011 quam.
365 947 412 1010 qui
436 945 585 996 defendunt
607 959 704 1009 parum
727 943 874 993 attendisse
892 943 1028 1004 videntur,
1052 943 1081 989 in

97 1035 135 1084 iis
153 1033 222 1083 locis
240 1033 276 1082 ad
294 1047 360 1097 quoe
381 1037 538 1097 provocant,
564 1031 612 1081 ubi
630 1032 658 1080 in
678 1030 798 1080 oratione
818 1029 929 1093 obliqua
947 1027 1081 1077 infinitivo

97 1119 185 1169 activi
203 1120 310 1184 generis
335 1119 487 1168 subiectum
515 1133 570 1167 non
596 1122 637 1168 est
663 1116 784 1167 additum
809 1115 891 1180 (infra
909 1116 933 1182 ξ.
954 1115 997 1163 16:
1024 1128 1082 1164 tlon

100 1202 249 1263 dubitare3
269 1219 292 1254 c.
311 1206 335 1264 7,
354 1205 384 1253 3:
402 1206 523 1270 tonaret,
549 1203 637 1268 ipsum
663 1202 820 1266 loquentem
838 1202 989 1251 subiectum
1009 1215 1082 1257 esse;

99 1295 130 1340 at
148 1297 240 1339 nostro
258 1290 319 1339 loco
338 1294 461 1354 apertum
474 1295 523 1354 est,
546 1304 600 1338 non
612 1288 788 1348 Divitiacum,
808 1289 855 1351 qui
873 1286 1001 1350 loquitur,
1021 1300 1081 1334 eum

100 1391 173 1438 esse,
193 1377 239 1440 qui
257 1375 358 1425 diutius
377 1374 508 1424 Ariovisti
525 1375 642 1439 imperia
659 1375 793 1425 sustinere
811 1389 866 1422 non
884 1372 971 1437 possit
983 1373 1082 1420 -iam

100 1461 204 1512 dudum
232 1463 304 1511 enim
332 1477 365 1512 ex
392 1461 505 1510 civitate
532 1459 689 1525 profugerat
707 1487 739 1496 -
757 1460 840 1509 immo
868 1475 915 1508 eos
943 1473 1011 1517 esse,
1035 1472 1083 1521 pro

100 1547 203 1612 quibus
221 1547 349 1610 loquitur,
368 1547 505 1610 principes
519 1552 546 1596 et
557 1547 630 1610 ipsae
645 1544 752 1596 Galliae
772 1545 905 1595 civitates.
924 1545 1016 1606 itaque
1029 1558 1083 1592 non

104 1634 161 1683 nisi
178 1634 288 1698 passiva
306 1633 394 1682 forma
412 1629 550 1684 sustineri
568 1631 676 1681 admitti
693 1636 790 1696 potest

208 1754 231 1787 c.
249 1737 291 1798 38,
310 1737 339 1784 5:
356 1733 461 1802 pedum
479 1733 516 1786 M
532 1732 743 1804 sexcentorum]
772 1734 800 1782 M
818 1734 992 1783 inserendum
1017 1748 1084 1794 esse,

102 1828 134 1873 ut
152 1839 279 1873 mensura
297 1823 350 1888 ipsi
376 1821 430 1872 loci
457 1826 570 1872 naturae
594 1820 764 1886 respondeat
784 1819 876 1870 docuit
893 1820 1015 1885 Napoleo
1033 1818 1084 1880 ΙΙΙ,

103 1908 176 1958 Hist.
195 1908 228 1959 de
245 1908 300 1959 Jul.
320 1905 412 1969 Gdsar,
430 1908 467 1970 11,
486 1924 512 1973 p.
530 1909 572 1969 80,
590 1908 615 1957 3.

208 2027 231 2061 c.
249 2012 291 2074 42,
306 2013 334 2060 1:
354 2008 548 2079 eoeistimaret]
573 2011 699 2061 meliores
719 2010 827 2075 quidem
840 2009 905 2060 libri
924 2010 1085 2060 infinitivum

105 2097 215 2159 habent,
234 2096 283 2148 sed
300 2098 361 2163 ipsa
378 2096 432 2147 loci
451 2098 556 2147 ratione
576 2097 661 2147 altera
681 2097 799 2147 causalis
818 2097 952 2146 sententia
970 2097 1087 2161 flagitari

105 2183 223 2234 videtur.
251 2183 415 2249 respondent
443 2184 515 2232 enim
542 2183 593 2233 hae
618 2182 688 2233 duae
714 2197 812 2232 causae
831 2174 968 2247 ‘quoniam
987 2180 1088 2232 Caesar

105 2269 217 2336 propius
235 2269 396 2319 accessisset
419 2285 502 2334 seque
521 2268 550 2317 id
568 2270 628 2318 eine
646 2268 767 2334 periculo
786 2268 876 2319 facere
895 2283 974 2333 posse
995 2268 1087 2317 existi·

108 2352 203 2405 maret’
222 2355 265 2416 iis,
285 2356 383 2420 quibus
402 2371 485 2420 supra
504 2371 527 2404 c.
540 2356 611 2417 34,3
631 2354 783 2405 Ariovistus
802 2371 831 2405 se
849 2353 988 2419 prohiberi
1006 2355 1087 2403 simu—

105 2441 219 2502 laverat,
248 2441 392 2504 quominus
420 2441 454 2490 ad
482 2440 650 2504 colloquium
678 2441 792 2503 veniret,
816 2433 899 2505 ‘quod
923 2456 1010 2504 neque
1030 2441 1088 2489 eine

106 2527 228 2578 exercitu
253 2527 282 2575 in
310 2541 356 2576 eas
378 2531 469 2591 partes
495 2526 603 2576 Galliae
631 2528 725 2576 venire
753 2525 873 2589 auderet,
897 2541 964 2591 quas
988 2524 1089 2576 Caesar

107 2611 267 2678 possideret,
286 2627 374 2678 neque
394 2612 541 2662 exercitum
561 2613 619 2662 sine
645 2627 742 2677 magno
763 2617 915 2662 commeatu
934 2619 1014 2677 atque
1033 2628 1088 2662 mo-

106 2698 219 2748 limento
238 2698 266 2746 in
284 2713 368 2747 unum
386 2695 477 2747 locum
496 2697 654 2747 contrahere
674 2690 780 2762 posset'

212 2800 294 2862 ott,
315 2801 343 2849 1:
368 2814 455 2866 quare
477 2799 588 2868 nepotio
614 2799 748 2853 desistere
770 2815 828 2853 note
853 2805 963 2868 posset.-
980 2800 1090 2872 oeque]

107 2890 142 2940 et
160 2886 232 2953 quod
251 2886 369 2952 exceptis
393 2886 469 2937 codd.
488 2887 588 2950 Ursin„
607 2888 705 2948 llavn„
723 2887 802 2940 Vind.
823 2887 921 2953 reliqui
944 2887 1009 2936 libri
1028 2893 1090 2938 ante

109 2987 197 3040 neque
215 2973 325 3035 habent,
345 2989 405 3023 cum
424 2972 556 3038 Frigellio
575 2973 671 3024 delevi.

213 3092 235 3129 c.
253 3077 297 3138 4⁷,
311 3079 341 3128 1:
358 3075 404 3129 att
416 3105 449 3114 -
462 3092 475 3129 e
488 3075 549 3130 ouis
562 3076 715 3145 lepotum
728 3076 848 3144 oliqtsem
860 3077 999 3148 mitteret]
1014 3079 1083 3130 codd

109 3160 211 3230 leuatis
230 3162 339 3225 habent,
358 3163 430 3228 quod
448 3162 572 3229 plerique
592 3167 773 3215 recentiorum
800 3164 932 3214 editorum
952 3167 1092 3225 omittunt3

110 3247 198 3300 malui
215 3246 338 3316 deputata
355 3249 482 3315 seribere,
501 3249 574 3314 quod
593 3251 657 3300 olim
676 3250 820 3300 Doberenz
838 3255 1023 3315 proposuerat.

214 3349 237 3386 c.
255 3334 299 3400 49,
320 3337 348 3384 1:
367 3334 465 3387 abhis
488 3337 565 3385 utin
588 3337 679 3401 priore
703 3335 822 3387 editione
847 3337 995 3386 secundum
1014 3336 1092 3389 codd.

111 3422 220 3487 scripsi,
243 3422 316 3487 quod
336 3424 418 3473 etiam
436 3423 510 3488 Frig.
529 3423 620 3472 Diibn.
638 3421 722 3474 Hold.
741 3427 916 3488 receperunt3
930 3422 1094 3487 Nipperdey,

112 3507 341 3572 urm-Dinone„
359 3508 434 3561 Dint.
454 3505 544 3559 abiis
564 3507 716 3558 ediderunt.

914 3611 946 3661 a*
