2376 3924
300 209 349 258 AD
369 207 467 261 CAES.
486 210 592 262 BELL.
611 209 678 261 CIV.
696 211 748 275 111,
769 212 878 262 16—25.
961 211 1078 263 XXXIII

101 397 222 460 Vatinio,
251 395 359 448 dehac
383 414 411 448 re
435 398 632 449 consulendum
656 407 721 450 erat.
754 400 846 466 (antea
872 403 923 452 sub
952 403 1076 454 codicum

99 481 190 532 verbIs
215 497 274 534 nna
299 481 339 535 oia
362 483 448 535 latere
470 490 630 549 putaveram
653 485 737 538 rianio
761 487 937 550 vocabulum,
966 495 993 540 et
1016 506 1075 540 cum

98 568 169 618 inter
192 573 282 618 castra
299 569 413 634 Pompei
436 576 517 636 alque
539 570 665 621 Caesaris
686 571 787 622 flumen
810 573 900 638 Apsus
921 575 1077 638 interesset,

98 670 197 705 avero
216 670 271 704 non
289 655 422 705 absonum
439 656 598 720 videbatur,
625 657 670 708 vel
693 659 834 723 utriusque
859 659 993 710 exercitus
1018 677 1076 712 ora·

97 745 169 790 tores
195 756 228 790 er
250 741 366 790 navibus
391 740 557 808 colloquium
584 743 1076 812 instituturosfuisse[cf.e.1o‚6]‚

97 826 142 876 vel
162 825 278 876 alterum
296 831 369 876 certe
388 828 452 878 navi
470 844 597 892 usurum;
615 830 708 894 itaque
726 830 888 894 scripseram
907 834 991 896 atpne
1008 829 1077 885 naot'

96 925 156 964 esse
176 915 327 978 oectnrnm,
346 926 399 978 qno
418 912 569 966 admodum
588 917 649 966 into
664 912 750 982 lepati
761 913 856 967 oenire
869 919 931 968 cett.
941 916 1078 986 possent.)

202 1057 225 1091 c.
244 1045 286 1106 21,
304 1045 332 1092 δε
353 1041 413 1108 ipse
432 1058 494 1094 carn
507 1041 665 1095 Casilinnm
683 1043 810 1110 vertisset,
828 1059 938 1110 nnopne
957 1048 1078 1112 tempore

95 1128 181 1198 sipna
206 1127 267 1180 eins
289 1127 430 1179 militaria
453 1133 536 1194 atqae
560 1144 641 1181 arma
661 1127 775 1196 Capnae
799 1135 890 1183 essent
914 1145 1078 1198 comprensa

95 1213 262 1280 familiae
280 1213 403 1281 Neapoli
426 1215 550 1280 misem
579 1230 666 1280 qnae
685 1214 878 1281 proditionem
902 1217 1003 1284 oppidi
1025 1233 1076 1286 ap-

92 1299 234 1369 pararet]
254 1306 380 1366 corrupta
397 1301 521 1351 codicum
533 1302 618 1351 verba
636 1304 667 1352 ei
685 1299 830 1365 familia
846 1300 969 1368 Neapoli
986 1302 1077 1356 nisa?

96 1404 161 1454 qne
188 1386 240 1452 (ais
267 1391 351 1452 atpne
374 1393 428 1437 tres
453 1387 548 1449 deter.)
574 1384 784 1452 proditione
811 1386 911 1453 oppidi
937 1402 1078 1455 apparere

94 1476 173 1525 vario
191 1472 272 1524 modo
290 1479 422 1538 temptata
440 1480 511 1524 sunt.
543 1475 696 1539 superiores
715 1475 892 1538 scripserant:
917 1479 944 1526 el
961 1474 1077 1540 familia

95 1557 221 1626 Neapoli
249 1557 340 1625 nisa,
371 1563 454 1625 atqne
480 1557 650 1625 proditio
680 1558 780 1626 oppidi
810 1558 1019 1626 adpareret,
1042 1589 1077 1600 -—

94 1645 262 1712 Nipperdey,
291 1661 406 1710 quocum
431 1648 489 1711 ipse
514 1646 578 1696 olim
602 1645 734 1696 feceram:
762 1649 790 1696 et
813 1644 928 1710 familia
946 1646 1076 1714 Neapoli,

96 1731 149 1784 vis
177 1735 262 1797 atqne
284 1730 451 1798 proditio
478 1735 684 1798 appareret,
702 1759 738 1770 -
759 1732 880 1782 Kraner:
909 1736 936 1784 et
962 1731 1077 1798 familia

96 1817 232 1885 Neapoli,
259 1816 338 1869 nisa
356 1817 550 1884 proditionem
568 1817 669 1884 oppidi
693 1833 890 1885 apparare,
908 1847 941 1857 -
959 1819 991 1870 F.
1010 1821 1076 1870 Hof-

95 1921 180 1956 mann
199 1910 226 1954 et
243 1904 370 1954 Dubner:
389 1909 416 1956 et
433 1903 548 1969 familia
567 1903 690 1971 Neapoli
708 1904 829 1972 missa,
848 1920 919 1971 qnae
933 1906 1076 1973 proditio-

95 2007 159 2045 nem
184 1996 392 2058 appararet,
421 1993 533 2044 Dinter:
562 1996 588 2044 et
606 1990 722 2057 familia
740 1990 863 2060 Neapoli
886 1992 977 2060 oisa,
1005 2010 1076 2061 pilae

93 2077 288 2146 proditionem
306 2082 512 2144 appararet.
543 2079 571 2128 in
590 2079 739 2129 Hotmanni
756 2078 874 2129 lectione
895 2080 1076 2145 displiceant

95 2166 153 2215 alia
172 2165 306 2231 omittam,
335 2163 406 2229 quod
423 2179 519 2228 pamm
538 2164 686 2214 verisimile
704 2163 827 2228 videtur,
854 2164 987 2215 familiam
1004 2167 1074 2216 Nea·

96 2250 154 2316 poli
167 2249 288 2314 Capuam
307 2265 366 2299 esse
385 2250 503 2311 missam,
522 2265 584 2299 cum
602 2255 696 2300 notum
714 2251 757 2312 sit,
777 2250 887 2314 Capuae
905 2251 1076 2314 potissimum

95 2336 176 2387 ludos
203 2335 378 2401 gladiatorios
404 2335 503 2398 fuisse,
530 2335 612 2400 idque
640 2340 713 2385 certe
740 2336 770 2383 in
794 2349 877 2384 causa
903 2334 999 2396 fuerit,
1028 2351 1076 2385 eur

97 2421 208 2473 Caelius
222 2421 342 2487 Capuam
356 2423 408 2471 iter
420 2421 530 2473 faceret.
549 2422 639 2472 minus
657 2423 741 2471 etiam
758 2420 869 2485 probari
886 2425 985 2484 potest,
1004 2422 1075 2485 quod

96 2509 194 2558 Dinter
217 2509 325 2573 scripsit
350 2505 472 2574 Neapoli
495 2506 571 2574 nisa,
599 2513 736 2571 tamquam
754 2506 782 2555 id
801 2506 830 2554 in
849 2520 932 2555 causa
951 2521 1011 2556 esse
1028 2523 1076 2572 po·

96 2595 207 2657 luisset,
230 2610 278 2644 cur
297 2594 421 2660 Capuani
440 2593 563 2644 Caelium
582 2591 680 2658 oppido
700 2590 885 2641 excluderent.
903 2591 931 2639 in
951 2592 1076 2644 omnibus

98 2696 161 2730 vero
191 2695 257 2745 quas
286 2680 443 2730 enumeravi
469 2678 634 2728 lectionibus
662 2674 802 2740 displicet,
833 2674 905 2741 quod
932 2691 994 2726 curn
1020 2692 1075 2726 non

95 2765 277 2832 significatum
297 2767 340 2827 sit,
360 2766 436 2815 cuius
455 2769 483 2814 et
500 2762 573 2813 unde
591 2761 691 2812 fuerint
708 2760 757 2812 illa
775 2775 858 2812 arma
871 2758 988 2828 Capnae
1003 2776 1076 2815 com-

93 2866 209 2919 prensa,
230 2867 263 2901 ea
275 2851 363 2902 Caelii
379 2851 464 2901 fuisse
481 2847 633 2914 putandum
652 2851 732 2900 esset.
762 2845 811 2898 sed
828 2863 872 2898 res
890 2847 952 2913 ipsa
970 2848 1075 2914 suadet,

98 2954 132 2989 ea
149 2939 184 2988 ad
203 2937 359 2988 armandam
377 2936 508 2987 familiam
527 2935 611 2984 missa
628 2933 725 2998 fuisse;
748 2939 912 3000 quapropter
930 2935 1075 2986 lectionem

97 3039 179 3091 supra
197 3028 311 3089 positam
330 3023 469 3088 temptavi.

201 3161 223 3195 c.
242 3146 285 3205 24,
305 3149 332 3195 1:
356 3148 419 3195 erat
436 3158 467 3196 eo
486 3146 606 3209 tempore
624 3141 769 3196 Antonino
787 3141 958 3212 Brmidioii5
975 3145 1000 3195 is
1017 3143 1075 3197 air-

98 3231 175 3302 inte]
194 3234 222 3282 is
240 3231 295 3280 iarn
313 3237 424 3281 auctore
441 3227 670 3280 Forehhammero
689 3230 800 3295 scripsi;
829 3236 910 3280 antea
928 3246 990 3282 eum
1008 3229 1073 3296 Nip-

96 3319 207 3389 perdeio
226 3318 274 3384 qni
295 3318 493 3383 suppleveram.

201 3447 224 3480 o.
236 3431 279 3495 25,
292 3433 322 3480 3:
341 3426 497 3495 darinapne
515 3426 618 3480 cotidie
636 3431 745 3496 tempas
759 3426 798 3480 ad
816 3427 1075 3495 transportandmn

98 3516 251 3570 lenioribna
277 3512 352 3569 cents
497 3512 612 3584 'admrtl
639 3515 750 3566 restitui
776 3515 832 3564 iam
859 3515 910 3564 etsi
936 3514 1074 3568 haesitans

150 3628 227 3670 Caesar
247 3626 265 3667 J·
905 3635 921 3671 e
