2376 3924
293 931 605 1030 ADNOTATIO
643 931 867 1031 uuillen.

531 1143 633 1151 ——

192 1304 309 1379 Inuum
342 1327 691 1380 conunurnnronuu
720 1330 770 1378 nn
796 1328 918 1380 nunno
944 1327 1071 1393 crvnn,

89 1415 170 1483 quale
188 1415 267 1467 libris
286 1415 363 1465 nobis
383 1414 514 1464 traditum
533 1418 586 1477 est,
614 1416 751 1480 integrum
774 1431 848 1478 esse,
876 1431 963 1480 neque
991 1421 1073 1466 antea

88 1517 178 1568 neque
196 1517 269 1552 nunc
286 1499 450 1566 persuadere
469 1499 536 1548 mihi
553 1501 640 1564 potui.
671 1501 848 1561 concedatur,
878 1516 930 1565 quo
950 1501 996 1565 qui
1014 1515 1072 1550 ver-

88 1587 185 1638 borum
203 1587 388 1652 integritatem
410 1584 560 1636 defenduut
583 1586 635 1636 niti
658 1585 761 1648 solent,
791 1586 950 1647 Caesarem,
980 1586 1003 1634 si
1029 1601 1072 1635 res

89 1678 186 1724 octavo
206 1678 233 1724 et
251 1688 322 1722 nouo
341 1671 551 1737 proconsulatus
570 1687 642 1722 anno
661 1673 691 1721 in
710 1671 802 1722 Gallia
826 1677 916 1738 gestas
935 1687 1070 1721 commen-

89 1758 167 1809 tariis
185 1772 320 1822 exponere
339 1772 388 1822 per
405 1755 462 1806 fata
480 1757 506 1807 ei
524 1755 660 1818 licuisset,
681 1757 731 1807 sub
750 1755 831 1807 finem
850 1757 991 1807 novissimi
1008 1757 1072 1807 libri

89 1859 124 1895 ea
142 1843 234 1892 omnia
252 1847 425 1893 narraturum
442 1841 540 1904 fuisse,
569 1857 638 1906 quae
656 1844 764 1893 interim
782 1843 884 1893 Romae
903 1849 964 1894 acta
982 1849 1073 1895 essent

45 1972 48 1979 .
88 1935 237 1994 antequam
254 1930 286 1979 L.
300 1927 445 1978 Cornelius
458 1927 592 1978 Lentulus
611 1934 638 1978 et
657 1928 688 1978 C.
702 1928 835 1979 Claudius
848 1929 996 1979 Marcellus
1009 1945 1072 1980 con-

91 2016 183 2067 sulatu
200 2016 268 2065 inito
287 2015 405 2088 primum
434 2019 558 2064 senatum
584 2013 717 2064 haberent
740 2015 769 2063 in
789 2030 875 2080 eoque
894 2021 1026 2081 negarent
1044 2031 1073 2064 se

90 2100 225 2152 relaturos
238 2116 298 2151 esse
311 2099 345 2150 de
363 2099 463 2150 litteris
481 2099 536 2150 illis
550 2099 685 2164 Caesaris,
708 2116 777 2166 quae
797 2102 851 2152 iam
870 2103 898 2152 in
917 2102 976 2167 ipso
995 2101 1072 2150 initio

89 2188 171 2254 primi
189 2187 222 2237 de
241 2185 314 2237 bello
334 2185 411 2235 civili
428 2185 493 2236 libri
512 2191 766 2237 commemorantur.
791 2194 819 2237 at
836 2187 866 2236 id
883 2188 982 2252 ipsum,
1002 2185 1073 2250 quod

90 2274 193 2325 Caesar
220 2272 287 2323 duos
314 2271 378 2322 illos
407 2273 615 2323 commentarios
643 2288 698 2322 non
726 2273 845 2324 absolvit
871 2272 1011 2335 librosque
1039 2270 1073 2320 de

89 2359 164 2411 bello
183 2358 273 2422 civili,
301 2358 410 2424 quippe'
424 2359 471 2422 qui
492 2374 601 2409 causam
620 2375 697 2409 suam
715 2359 863 2424 probarent
881 2365 906 2410 et
925 2358 1073 2422 firmarent,

88 2445 164 2496 haud
182 2445 264 2496 dubie
282 2445 311 2495 in
328 2444 420 2494 lucem
439 2443 561 2495 editurus
580 2451 650 2507 erat,
679 2450 824 2510 antequam
844 2461 934 2495 rerum
954 2445 1072 2496 Gallica-

89 2548 149 2583 rum
167 2529 300 2582 adfinem
318 2530 498 2596 perduxisset,
517 2538 675 2596 argumento
695 2546 754 2581 esse
774 2531 863 2594 debet,
884 2530 996 2582 Caesari
1014 2537 1073 2582 tan-

88 2623 149 2668 tum
167 2620 239 2667 certe
258 2615 292 2665 de
316 2631 407 2666 rerum
431 2616 598 2667 urbanarum
622 2621 695 2667 statu
720 2616 953 2681 praemonendum
979 2617 1072 2680 fuisse,

89 2707 223 2768 quantum
241 2716 353 2752 necesse
372 2706 439 2764 erat,
457 2706 488 2751 ut
505 2700 657 2752 litterarum
676 2718 742 2768 quas
755 2703 791 2753 ad
809 2708 935 2754 senatum
954 2702 1074 2754 dedisset

89 2795 118 2840 et
136 2803 220 2839 causa
239 2793 265 2838 et
283 2792 473 2854 argumentum
491 2786 642 2852 patefieret.
660 2805 748 2854 nsque
767 2789 851 2840 ullius
870 2791 1001 2840 momenti
1014 2805 1073 2841 esse

88 2879 197 2940 potest,
228 2874 300 2939 quod
326 2875 380 2925 viri
407 2873 481 2924 docti
507 2890 556 2938 pro
583 2875 776 2940 impedimento
803 2875 899 2925 haberi
922 2876 1074 2940 voluerunt,

88 2960 235 3025 quominus
255 2960 356 3012 Caesar
374 2976 466 3011 rerum
484 2965 547 3010 ante
565 2962 655 3026 ipsum
674 2962 782 3012 initium
800 2963 867 3012 anni
891 2977 915 3012 a.
934 2978 961 3012 u.
981 2979 1004 3012 c.
1024 2963 1074 3012 '105

88 3052 213 3097 actarum
237 3048 383 3111 quicquam
409 3051 644 3108 commemoraret,
673 3046 745 3112 quod
772 3047 895 3112 singulos
915 3062 1001 3097 annos
1020 3048 1074 3097 sin-

89 3130 163 3198 gulis
190 3132 392 3184 commentariis
420 3131 563 3182 absolvers
591 3136 761 3192 consuesset3
788 3133 856 3184 haec
884 3134 957 3184 enim
985 3147 1074 3182 rerum

91 3221 229 3283 gestarum
247 3216 389 3284 dispositio
407 3218 548 3284 aptissima
567 3223 638 3280 erat,
666 3232 728 3268 cum
751 3218 921 3285 singulorum
941 3233 1074 3268 annorum

90 3307 230 3368 tamqnam
247 3303 318 3353 ratic
336 3301 476 3353 reddenda
494 3306 566 3352 esset
584 3307 612 3353 et
630 3318 692 3354 cum
710 3304 787 3368 ipsae
806 3319 848 3354 res
867 3304 934 3354 anni
957 3303 1009 3354 fine
1033 3305 1073 3354 in·

92 3388 290 3440 terciderentur
307 3417 340 3426 -
357 3388 431 3439 veris
450 3388 522 3437 enim
540 3389 619 3439 initio
638 3405 775 3440 armorum
793 3389 999 3455 capiendorum,
1017 3389 1075 3441 hie·

92 3473 144 3524 mis
162 3473 282 3525 adventu
301 3473 547 3540 componendorum
572 3475 680 3541 signum
699 3475 760 3526 dari
777 3475 884 3526 solebat
901 3494 949 3540 -;
974 3481 1003 3527 at
1020 3493 1074 3529 non

892 3581 924 3630 a*
