2376 3924
318 243 368 294 ab
387 244 486 296 CAES.
504 245 608 295 BELL.
629 245 698 295 CIV.
716 245 737 306 I,
757 247 859 298 7-11.
1043 248 1081 298 IX

99 434 219 496 invidia,
246 448 301 482 nou
328 438 370 483 est
394 449 443 483 cur
465 435 620 499 suspicione
643 441 788 499 prematur.
824 436 945 501 Diibner,
963 436 995 485 F.
1013 435 1079 486 Hof-

99 525 197 583 mann,
210 521 403 570 Dob.-Dinter
420 522 541 571 Victoria
560 527 588 571 ct
605 520 718 572 Hellero
738 523 861 572 obsecuti
881 521 954 574 borea
972 538 1080 586 recepe-

100 613 177 657 runt:
196 604 366 671 Pompeiam,
385 604 434 671 qai
447 605 554 658 aririssa
571 605 733 660 restituisse
745 606 877 659 rideatur
894 607 977 673 borea,
995 607 1080 659 etiam

98 706 173 759 qaae
199 695 266 742 arcte
292 690 443 743 leabacriat
470 691 622 759 adstitisse,
654 693 701 743 sed
728 709 789 743 cum
817 695 852 744 sit
875 694 980 759 aliquid
1008 694 1080 759 quod

100 778 245 845 displiceat
263 778 291 825 in
309 777 454 827 verborum
475 778 664 841 collocatione,
683 794 778 844 parum
798 785 891 845 aptum
908 781 1017 831 videtur
1034 797 1080 830 vo·

100 863 229 914 cabulum
251 860 324 913 borsa
347 864 376 911 in
401 879 430 912 re
453 863 488 912 ad
506 865 549 913 ius
568 864 709 930 publicum
726 867 886 931 pertinento.
921 865 997 918 dorca
1014 882 1079 915 vero

100 950 157 1000 dici
174 955 312 1014 poterant,
332 964 402 1013 quae
419 954 559 1014 tamquam
576 951 701 1016 precario
718 952 798 1001 modo
816 952 935 1002 tribunis
953 952 1003 1001 sub
1023 950 1079 1000 dic·

97 1043 187 1086 tatore
201 1033 278 1084 Sulla
291 1049 417 1085 exercere
429 1035 514 1085 licuit.
533 1063 568 1074 -
586 1036 609 1102 ς.
623 1040 654 1086 d:
674 1035 765 1105 [stalla
783 1027 828 1089 lea
839 1075 846 1088 .
856 1076 863 1089 .
873 1074 880 1090 .
891 1034 991 1104 facta]
1012 1036 1080 1087 haec

98 1121 242 1187 interpreti
261 1119 356 1170 deberi
374 1119 468 1170 docuit
479 1121 644 1186 Nipperdey.
662 1150 698 1160 —
715 1123 739 1190 g.
754 1125 782 1171 7:
803 1121 938 1191 [reliquas
955 1122 1080 1175 troadam

100 1205 243 1274 verterant]
268 1206 337 1257 haec
354 1207 418 1257 ferri
437 1224 491 1257 non
510 1224 604 1273 posse,
627 1225 689 1260 cum
709 1211 800 1260 statim
819 1227 842 1263 c.
861 1211 886 1273 8,
905 1211 918 1258 1
938 1216 1080 1273 sequatur:

97 1292 225 1359 reliquas
243 1291 363 1360 lepioaes
381 1308 416 1345 erc
432 1292 557 1346 biberitis
576 1298 671 1347 evocat
688 1299 715 1347 et
737 1295 869 1361 subsequi
891 1293 980 1360 iabet,
1007 1302 1079 1346 recte

98 1380 205 1432 monuit
214 1378 363 1430 Vielhaber
375 1380 481 1445 ephem.
494 1396 585 1445 gymn.
598 1386 682 1433 austr.
695 1386 714 1430 t.
728 1383 769 1444 19,
788 1398 813 1446 p.
825 1382 885 1432 840.
903 1383 1003 1431 iniuria
1015 1397 1079 1431 vero

98 1472 229 1532 suspecta
252 1465 347 1515 habuit
371 1466 453 1515 ctiam
475 1466 665 1516 antecedentia
683 1468 782 1517 verba:
808 1465 882 1519 barto
900 1466 973 1518 caim
991 1495 1023 1503 -
1043 1484 1080 1517 sc.

98 1553 235 1618 legionem
248 1551 324 1603 XllI.
342 1577 377 1592 ·-
394 1551 479 1603 aritio
498 1551 637 1604 taraaltas
657 1557 827 1605 evocaverat.
845 1557 1000 1604 necessaria
1012 1552 1080 1603 haec

99 1644 172 1703 sunt,
192 1645 223 1687 nt
241 1637 398 1702 explicetur,
423 1638 471 1703 qui
487 1637 591 1687 factum
610 1639 645 1687 sit
662 1644 693 1688 ut
710 1638 819 1689 adesset
836 1637 886 1688 illa
904 1637 986 1704 legio,
1011 1644 1068 1688 ets

98 1739 196 1774 vocem
219 1721 359 1776 taraaltas
377 1724 502 1789 respicis,
526 1740 596 1789 quae
614 1726 724 1790 propria
743 1725 806 1776 huic
824 1726 864 1775 rei
883 1731 932 1789 est,
954 1725 1001 1773 vix
1020 1739 1078 1774 cre·

100 1811 160 1873 das,
179 1826 237 1861 eam
256 1811 387 1875 magistro
406 1809 515 1859 cuidam
535 1809 636 1862 deberi.

202 1912 226 1947 c.
247 1897 286 1957 10,
306 1897 335 1946 1:
354 1909 417 1948 caat
429 1894 465 1946 L.
478 1893 617 1965 Caesare]
636 1897 736 1946 retinui
749 1896 889 1962 vulgatam
909 1897 1079 1961 scripturam,

96 1998 216 2049 quacum
234 1982 293 2032 cod.
311 1981 416 2045 flacit,
441 1982 488 2046 qui
506 1985 541 2034 cti
562 1979 683 2034 Caesare
699 1982 790 2034 habet.
809 1999 827 2034 a
850 1983 983 2047 Caesare,
1008 1981 1079 2046 quod

97 2070 186 2120 maior
203 2084 265 2133 pars
284 2067 408 2118 codicum
427 2068 539 2133 praebet
552 2074 579 2117 st
591 2067 748 2133 Nipperdey
761 2070 873 2133 recepit,
892 2068 974 2133 plane
987 2083 1079 2132 super-

98 2156 183 2205 fluum
204 2160 255 2206 est·

203 2257 226 2292 c.
240 2242 280 2302 11,
292 2241 322 2290 3:
340 2239 367 2292 sr'
382 2244 488 2306 pacto
506 2238 699 2292 cortsalata
714 2237 820 2291 Caesar
829 2239 977 2307 profectas
990 2239 1079 2310 essetss

97 2328 139 2378 sic
161 2327 217 2377 iam
240 2327 336 2391 scripsi
359 2326 466 2376 abiecta
494 2340 574 2390 quam
602 2325 668 2375 olim
696 2330 893 2391 temptaveram
921 2327 1079 2376 coniectura

94 2417 214 2481 wacta
229 2411 387 2480 postulata.
407 2412 564 2476 Nipperdey
582 2427 697 2476 eumque
714 2413 802 2461 secuti
813 2412 920 2462 Kraner
932 2411 1080 2476 (Weidm.),

96 2500 220 2561 Dabner,
238 2499 335 2549 Dinter
353 2497 497 2548 ediderunt
514 2496 541 2550 sr'
555 2501 673 2565 peracto
692 2496 843 2549 carsalata
861 2495 993 2549 Caesaris
1010 2511 1079 2549 aori

95 2585 245 2656 profectas
264 2589 343 2637 esset.
368 2591 397 2635 at
413 2597 481 2635 rtorr
499 2584 578 2634 abest
596 2598 613 2632 a
630 2583 782 2647 potioribus
800 2583 892 2648 libris;
915 2599 933 2634 s
949 2581 992 2637 br
1007 2586 1079 2633 euim

97 2674 201 2725 habent
218 2671 245 2724 sr'
259 2674 378 2739 peracto
397 2665 435 2722 ῶ
457 2668 584 2723 caesaris
603 2667 646 2724 Cs‘
662 2668 778 2737 plectas
796 2671 876 2720 esset.
903 2670 932 2719 in
950 2670 1079 2718 recentis·

97 2761 175 2811 simis
194 2759 302 2810 demum
315 2758 454 2808 codicibus
466 2757 583 2808 Vindob.
603 2761 628 2807 3.
645 2757 671 2808 4.
690 2762 714 2808 t.
733 2757 759 2806 6.
777 2757 802 2805 7.
822 2770 855 2805 ea
874 2762 989 2818 exstant,
1009 2771 1079 2820 quae

96 2845 265 2911 Oudendorp
294 2844 391 2895 edidit:
418 2843 445 2895 si
463 2849 581 2910 peraeto
600 2842 733 2897 Caesaris
759 2839 910 2894 corrsalata
928 2840 1079 2910 Pompeias

95 2930 244 3002 profectas
265 2944 323 2983 aaa
346 2934 425 2983 esset.
455 2931 524 2981 haec
541 2947 607 2981 vero
626 2937 654 2981 et
671 2929 819 2996 Nipperdei
845 2929 927 2981 lectio
947 2946 1005 2980 rem
1022 2930 1079 2980 iere

98 3018 245 3069 ridiculam
263 3019 395 3082 enuntiat,
414 3034 451 3067 sc.
471 3017 615 3068 Caesarem
634 3032 721 3081 aequo
740 3016 831 3066 animo
849 3015 968 3065 laturum
986 3016 1079 3076 fuisse,

98 3107 152 3157 etsi
177 3122 226 3172 per
248 3111 334 3156 totum
358 3106 400 3155 sui
424 3103 582 3155 consulatus
605 3118 707 3154 annum
725 3102 871 3168 Pompeius
892 3102 965 3169 apud
983 3102 1079 3151 urbem

99 3207 162 3242 cum
180 3192 301 3242 exercitu
319 3197 455 3254 maneret,
482 3191 627 3240 dummodo
645 3191 712 3240 satis
731 3191 854 3253 daretur,
882 3205 945 3239 eum
968 3195 1078 3255 peracto

98 3275 227 3328 Caesaris
245 3275 390 3327 consulatu
407 3277 437 3326 in
454 3276 624 3342 provinciam
642 3275 780 3326 abiturum
798 3291 866 3326 esse.
884 3276 978 3325 monui
996 3275 1079 3324 etiam

97 3364 128 3414 in
152 3364 243 3429 priore
270 3362 405 3426 editione,
433 3378 495 3413 cum
523 3361 657 3412 eiusmodi
684 3363 820 3413 sententia
843 3359 994 3411 consociari
1024 3374 1077 3408 non

99 3464 180 3515 posse
200 3449 286 3501 verbs
311 3447 346 3501 at
371 3446 452 3501 ralla
479 3451 573 3500 tamea
600 3444 742 3498 maesii
768 3444 902 3513 reliya'oae
925 3442 1078 3498 obstrictas

98 3532 250 3588 assera.
280 3534 327 3599 qui
351 3534 565 3598 interpretantur
588 3523 668 3581 ‘ohne
687 3531 745 3580 sich
764 3533 840 3581 einer
857 3530 934 3596 Liige
952 3528 1079 3598 schuldig
