2376 3924
118 271 180 322 LIV
422 267 632 319 ADNOTATIO
653 269 799 319 calrlcn

222 476 245 509 c.
264 460 306 521 33,
325 459 355 508 4:
383 457 409 510 si
423 459 623 524 permanerent
641 455 672 508 in
690 454 745 522 fide
763 470 854 524 repes,
876 454 1036 523 praesidiis
1054 473 1106 511 ecs

118 544 226 598 nostris
245 560 302 598 esse
321 548 413 612 tatos‚·
431 543 500 611 tos,
522 542 548 596 si
566 547 658 595 essent
675 540 794 611 inpiati,
808 557 893 610 posse
910 540 999 594 isdem
1014 559 1104 610 prae·

119 629 370 701 traiecerant]
400 631 473 697 iios,
500 631 577 681 utin
596 632 685 695 priore
707 630 825 679 editione
846 630 953 690 monui,
982 629 1102 680 retinen·

119 719 182 768 dum
201 725 252 784 esi,
272 734 332 768 cum
351 720 390 768 ita
409 718 516 768 demum
535 717 611 766 varia
629 716 760 766 librorum
779 715 877 765 menda
896 714 1027 780 explicari
1039 733 1103 782 pos-

119 806 185 856 sint:
214 808 285 856 esset
307 807 341 858 nt
363 803 412 856 tos
437 803 482 856 ab
508 805 551 868 (m.
569 799 620 870 pr.)
641 801 718 860 fhl3
747 816 806 854 esse
823 805 856 854 nt
873 801 923 853 iios
941 802 998 852 Pet.
1018 802 1105 866 Lon,

119 905 177 943 esse
196 894 271 943 tntos
290 894 317 941 et
334 889 383 942 iios
403 904 419 942 o
437 894 464 938 et
482 889 631 939 deteriores
649 887 761 953 aliquot.
789 887 887 938 similis
904 888 1100 938 vocabulorum

120 980 196 1028 tates
222 982 249 1026 et
272 976 322 1028 iios
345 975 501 1026 terminatio
525 976 553 1024 in
579 988 663 1024 causa
681 979 753 1035 erat,
782 989 830 1023 cur
848 975 876 1022 in
895 975 1004 1039 optimis
1022 974 1104 1025 libris

119 1065 195 1113 tatas
215 1062 429 1113 detruncaretur.
451 1061 565 1120 Kraner,
584 1060 705 1119 Diibner,
725 1060 822 1110 Dinter
838 1058 888 1112 hos
907 1075 967 1109 cum
985 1060 1100 1125 Nipper-

119 1148 178 1197 deio
198 1148 352 1199 omiserunt.
370 1175 405 1184 —
423 1150 447 1210 §-
466 1146 497 1196 ὗε
526 1145 639 1214 [itinere
658 1144 798 1212 terrestri]
823 1162 907 1196 uncos
926 1147 1017 1211 posuit
1034 1146 1101 1211 Nip-

118 1233 228 1298 perdey.

222 1336 245 1369 o.
263 1320 307 1381 34,
327 1320 356 1368 4:
385 1316 457 1386 [On]
481 1319 532 1370 del.
551 1319 715 1384 Nipperdey.
783 1363 785 1368 .

223 1421 245 1455 c.
264 1404 306 1468 35,
324 1405 355 1454 ὃς
379 1404 461 1458 enias
480 1405 594 1458 itineris
612 1405 664 1458 iias
683 1420 740 1458 esse
758 1410 850 1458 certas
870 1404 1102 1473 opportunitates

118 1489 227 1560 vidit]
246 1489 320 1543 uidit
338 1496 448 1542 auctore
461 1492 689 1542 Forchhammero
709 1508 769 1541 cum
782 1492 904 1542 Kraner-o
924 1499 951 1541 et
968 1491 1102 1542 Diibuero

119 1578 257 1644 supplevi;
285 1579 384 1627 Dinter
402 1595 435 1628 ex
455 1578 611 1628 Vielhaberi
635 1579 792 1629 coniectura
816 1578 946 1631 cernebat
968 1565 1021 1643 pro
1040 1592 1101 1630 cer-

120 1667 165 1715 tas
184 1666 301 1730 scripsit.
1094 1709 1102 1738 l,

223 1766 246 1799 c.
264 1751 306 1813 36,
325 1752 354 1799 5:
382 1754 428 1812 nt,
455 1751 512 1802 sive
531 1749 639 1803 arnicas
658 1749 715 1801 sire
733 1748 866 1802 iriiniiens
885 1749 1033 1802 Domitiae
1052 1764 1104 1802 eas⁴

120 1834 274 1902 anpnstias
296 1835 450 1896 transiret,
478 1835 551 1887 nihii
570 1835 603 1887 de
622 1835 739 1887 tristitiis
758 1835 964 1904 suspicaretnr,
987 1852 1051 1890 carn
1068 1837 1102 1889 in

120 1920 198 1988 apris
218 1925 244 1973 et
259 1936 365 1988 pecora
383 1926 409 1973 et
427 1921 551 1974 horiiines
573 1921 810 1974 anintadoerteret
828 1921 938 1974 uersari
957 1927 1102 1990 tamqnam

120 2005 273 2059 amicornm
291 2005 429 2074 adoenta;
457 2007 513 2059 sin
539 2012 572 2060 nt
599 2007 631 2060 in
657 2007 780 2061 hostiam
806 2007 875 2074 pines
894 2007 1100 2079 renireicett.]1

120 2091 251 2159 aduertite,
270 2092 316 2145 sin
335 2098 368 2146 nt
386 2093 417 2145 in
437 2094 500 2144 olim
520 2097 574 2144 iam
592 2111 639 2159 pro
659 2095 789 2144 librorum
808 2096 942 2160 scriptura
960 2094 1102 2148 adventas

119 2183 153 2231 nt
172 2177 204 2231 in
228 2180 352 2244 exaravi3
380 2178 426 2232 sin
444 2194 507 2231 aero
525 2184 558 2232 nt
576 2180 607 2231 in
630 2186 694 2230 ante
712 2180 907 2245 Nipperdeium
927 2181 1100 2247 vulgabatur.

119 2266 164 2316 hic
186 2283 251 2317 vero
278 2269 359 2333 plura
385 2269 513 2329 mutavit,
542 2284 603 2318 eum
622 2268 711 2318 verbis
735 2267 792 2320 siae
809 2266 943 2319 inimicas
968 2283 1017 2317 suo
1039 2267 1102 2317 loco

120 2353 237 2404 demotis
257 2355 376 2420 scripsit:
404 2353 478 2406 sire
495 2352 664 2406 inimicas
682 2358 716 2406 nt
740 2356 771 2405 in
794 2353 917 2406 hostiani
933 2351 1003 2418 fines
1021 2357 1102 2421 cett,-

121 2440 168 2489 sed
192 2456 253 2490 cum
277 2440 362 2491 verba
385 2439 443 2493 siae
461 2439 570 2492 arnicns
588 2438 645 2492 sine
663 2437 796 2491 inimicas
819 2441 871 2489 hoc
894 2439 973 2489 modo
997 2438 1099 2489 disiun-

121 2531 232 2590 guntur,
260 2529 396 2578 sententia
420 2527 523 2588 evadit,
551 2527 719 2577 Pharnacem
739 2525 913 2576 hastarium
932 2524 1102 2586 condicione,

119 2613 144 2661 si
161 2612 296 2662 Domitius
316 2613 423 2666 arnicas
442 2614 581 2680 angustias
600 2613 742 2674 transiret,
765 2627 826 2662 eum
846 2611 879 2661 de
897 2610 1006 2661 insidiis
1025 2611 1099 2676 quic-

120 2713 201 2763 quam
221 2701 353 2764 suspicari
372 2700 507 2765 noluisse,
536 2715 596 2748 cum
617 2699 696 2747 etiam
716 2697 778 2762 plns
798 2697 949 2748 Pharnacis
967 2698 1102 2747 iuteresse

121 2782 239 2843 deberet,
259 2785 376 2835 Domitio
396 2786 500 2836 nullam
518 2785 678 2836 insidiarum
698 2785 881 2849 suspicionem
900 2784 1016 2846 moveri,
1037 2799 1100 2834 cram

120 2867 252 2920 inimicas
277 2870 447 2934 adventaret;
476 2888 538 2922 uam
557 2872 596 2921 ita
614 2871 720 2920 demum
740 2870 855 2920 aiterum
874 2870 944 2921 illud
962 2868 1035 2920 effici
1051 2885 1099 2934 po·

119 2955 183 3015 tuit,
212 2960 242 3003 ut
268 2956 369 3019 praeda
398 2957 552 3022 diripienda
567 2957 678 3006 'milites
706 2956 903 3022 dissiparentur
930 2956 1102 3022 dispersique

120 3041 304 3093 caederentur.
323 3041 500 3092 nihilominus
519 3049 610 3092 tamen
623 3043 730 3092 Kraner
748 3049 776 3092 et
792 3043 891 3092 Dinter
904 3041 1100 3108 Nipperdeium

120 3127 206 3178 secuti
225 3127 426 3193 sunt,Di1buer
444 3145 509 3178 uero
529 3129 613 3179 verba
631 3144 648 3179 a
665 3145 708 3178 me
725 3129 816 3193 posita
834 3127 926 3180 edidit.

225 3230 247 3263 c.
266 3215 309 3276 39,
328 3215 358 3264 1:
386 3213 412 3265 si
431 3214 616 3282 condiciones,
640 3229 711 3281 qaas
729 3213 871 3282 reiecerat,
892 3226 996 3266 rnrsns
1014 3227 1102 3279 appe·

121 3304 203 3369 teret,
234 3304 286 3352 ant
315 3300 346 3352 si
375 3301 517 3369 nepotis
549 3300 720 3371 diseederet]
750 3302 883 3352 librorum
908 3299 992 3350 verba
1021 3297 1103 3350 sine

121 3386 242 3439 cansis
261 3403 278 3437 a
292 3386 454 3452 Nipperdeio
469 3388 639 3453 corruptelae
652 3389 730 3452 siguo
750 3393 843 3438 notata
860 3387 961 3437 frustra
978 3383 1103 3434 defendit

120 3472 241 3526 Diibner.
277 3473 383 3523 Kraner
408 3472 435 3524 si
460 3472 601 3526 recusatis
627 3475 751 3538 scripsit,
780 3473 828 3524 sed
855 3469 1030 3523 verisimilius
1058 3475 1102 3520 est

122 3557 330 3610 SINEOAVSIS
350 3565 436 3609 ortum
456 3575 515 3610 esse
534 3576 567 3610 ex
587 3560 784 3614 SINEGATIS.
