2376 3924
467 246 543 297 car.
561 248 671 297 as-aa.
1007 245 1070 311 317

95 435 211 501 Astam
233 438 294 500 iter
316 435 424 499 facere
446 436 565 520 coepit3
601 456 643 498 ex
666 455 732 520 qua
754 436 886 498 civitate
908 433 1006 518 legati
1028 434 1071 498 ad

95 538 292 604 deditionem
316 546 482 603 venerunt.
512 537 786 623 Mundensesque,
809 538 864 622 qui
888 559 931 600 ex
953 537 1072 622 proelio

95 644 128 707 iu
140 642 294 728 oppidum
306 641 528 724 confugerant,
541 662 614 704 cum
626 639 745 704 diutius
758 639 1073 722 circumsidereutur,

95 744 179 809 bone
201 745 292 809 multi
315 743 513 808 deditionem
535 743 667 824 faciunt,
697 751 729 806 et
751 763 825 805 cum
848 750 956 806 essent
977 745 1010 806 in
1032 742 1074 806 le-

95 851 224 933 gionem
240 846 412 928 distributi,
436 849 605 911 coniurant
616 848 700 910 inter
716 867 796 929 sese,
819 855 855 910 ut
869 854 967 909 noctu
982 847 1073 929 signo

97 953 182 1034 dato,
207 954 317 1039 quiin
340 951 457 1037 oppido
472 952 608 1016 fuissent
629 953 830 1036 eruptionem
853 950 1007 1030 facerent,
1031 947 1074 1012 illi

95 1056 229 1120 caedem
245 1057 277 1119 in
293 1056 408 1120 castris
423 1055 694 1119 administrarent.
723 1055 796 1118 Hac
807 1076 843 1118 re
855 1055 983 1137 cognita
994 1054 1095 1116 inse-s

96 1161 207 1245 quenti
228 1167 323 1223 nocte
344 1157 454 1242 vigilia
475 1160 571 1223 tertia
593 1167 715 1222 tessera
739 1157 815 1222 data
838 1165 932 1221 extra
954 1154 1074 1220 vallum

96 1285 207 1327 omnes
229 1271 304 1326 sunt
326 1263 454 1326 concisi.

182 1367 233 1431 37.
258 1365 477 1447 Carteienses,
506 1365 583 1429 dum
607 1365 728 1430 Caesar
755 1369 789 1430 in
812 1367 927 1429 itinere
949 1355 1075 1449 reliqua

96 1471 214 1557 oppida
236 1480 417 1556 oppugnat,
448 1479 579 1556 propter
602 1471 790 1556 Pompeium
813 1469 982 1533 dissentire
1001 1488 1075 1530 eoe-

96 1583 221 1661 perunt.
268 1575 349 1638 Pars
372 1583 457 1656 erat,
492 1596 576 1659 quae
606 1574 733 1658 legatos
755 1574 798 1638 ad
821 1571 995 1636 Gaesarem
1017 1573 1074 1634 mi·

96 1686 192 1760 serat,
216 1699 291 1763 pars
315 1687 394 1756 erat,
419 1679 473 1763 qui
489 1677 760 1762 Pompeianarum
776 1677 916 1762 partium
932 1673 1073 1737 fautores

96 1789 211 1846 esseut.
247 1780 411 1847 Seditione
435 1783 594 1846 concitata
617 1789 726 1866 portas
749 1786 922 1864 occupant,
957 1776 1095 1841 eaedem

96 1886 134 1949 fit
154 1906 290 1968 magna3
315 1886 443 1948 saucius
466 1885 638 1970 Pompeius
661 1905 762 1949 naves
778 1899 827 1946 xx
850 1889 988 1967 occupat
1009 1879 1074 1944 lon-

96 2009 156 2072 gas
179 1996 212 2051 et
233 1986 384 2072 profugit.
430 1986 563 2069 Didius,
588 1989 642 2073 qui
666 1985 708 2048 od
732 1985 844 2052 Gades
867 1983 961 2048 classi
982 2003 1073 2068 prae-

96 2090 218 2171 fuisset,
234 2088 427 2173 simulatque
442 2092 574 2153 nuntius
589 2088 703 2153 allatus
720 2097 778 2170 est,
802 2086 969 2152 confestim
984 2086 1075 2170 sequi

97 2195 215 2278 coepit3
239 2194 357 2278 partim
372 2191 517 2277 peditum
533 2201 566 2256 ot
581 2193 742 2277 equitatus
757 2190 800 2255 ad
815 2187 1075 2277 persequendum

100 2296 247 2360 celeriter
276 2304 430 2359 terrestre
458 2293 622 2358 faciebant
649 2296 711 2358 iter
738 2295 980 2377 navigationem
1003 2311 1075 2354 con·

98 2399 204 2463 festim
227 2401 443 2484 insequentes.
490 2399 615 2480 Quarto
639 2397 692 2462 die
719 2398 953 2481 navigationis,
988 2393 1096 2478 quoda

97 2504 248 2588 imparati
277 2525 296 2565 a
319 2500 449 2566 Carteia
479 2501 613 2587 profecti
643 2502 711 2565 sine
740 2521 826 2584 aqua
848 2499 999 2579 fuissent,
1033 2496 1076 2561 ad

97 2615 219 2670 terram
242 2604 413 2690 applicant.
451 2605 541 2668 Dum
564 2613 736 2690 aquantur,
759 2602 877 2668 Didius
901 2601 1003 2666 classe
1025 2623 1076 2664 ac-

98 2710 207 2790 currit,
230 2730 331 2772 naves
352 2708 507 2792 incendit,
530 2708 699 2773 nonnullas
722 2710 817 2795 capit.

183 2811 234 2874 38.
268 2811 440 2896 Pompeius
469 2834 543 2876 oum
575 2814 687 2899 paucis
718 2812 861 2898 profugit
893 2806 937 2896 [et
970 2809 1075 2873 locum

100 2915 263 2999 quendam
286 2917 447 2979 munitum
470 2925 588 2980 natura
611 2911 768 3003 occupatl.
813 2917 949 3002 Equites
971 2923 1004 2980 et
1026 2936 1076 2979 co-

98 3017 217 3099 hortes,
242 3039 326 3102 quae
349 3018 391 3083 ad
415 3019 675 3104 persequendum
691 3023 808 3084 missae
824 3028 941 3101 essent,
965 3040 1075 3104 specu-

98 3119 253 3185 latoribus
277 3124 459 3185 antemissis
482 3125 636 3187 certiores
658 3123 756 3187 fiunt:
785 3123 871 3187 diem
893 3130 926 3186 et
947 3129 1075 3185 noctem

97 3225 160 3286 iter
181 3224 313 3288 faciunt.
359 3225 531 3309 Pompeius
559 3247 671 3289 umero
695 3234 727 3288 et
749 3227 877 3289 sinistro
901 3246 995 3288 crure
1022 3211 1098 3288 tre-2

97 3325 266 3391 hementer
300 3336 371 3391 erat
404 3329 548 3410 saueius;
583 3328 648 3391 huc
681 3327 874 3409 accedebat,
908 3335 945 3391 ut
978 3328 1072 3390 etiam

98 3429 200 3493 talum
243 3432 439 3513 intorsisset3
477 3451 560 3515 quae
600 3451 652 3494 res
688 3432 831 3493 maxime
868 3427 1059 3515 impediebat

97 3532 150 3598 Ita
183 3532 296 3597 lectica
329 3533 372 3598 ad
405 3543 528 3597 turrem
562 3554 637 3597 cum
669 3541 754 3597 esset
787 3532 930 3614 ablatus,
965 3528 1010 3618 [in
1036 3548 1051 3593 s
