2376 3924
132 231 195 297 250
373 193 376 200 ’
470 228 579 279 naum
599 228 770 279 nrarcnnr

132 424 175 489 ad
198 423 370 489 Caesarem
385 444 514 505 venere,
538 429 724 508 quantaque
739 424 832 510 copia
853 423 1006 488 frumenti
1021 426 1114 512 apud

133 551 168 592 se
190 529 240 611 sit,
275 527 402 610 docent,
436 525 595 610 simulque
624 533 725 609 orant,
760 535 796 591 ut
824 525 885 592 sibi
913 527 1115 613 praesidium

133 634 249 714 mittat,
284 652 348 716 quo
381 630 506 695 facilius
540 636 572 693 et
605 629 803 695 frumentum
837 638 870 694 et
898 632 1008 717 copiae
1032 653 1113 698 suae

112 743 375 800 sconserventur.
418 733 545 816 Quibus
569 731 690 797 Caesar
716 735 750 798 in
777 736 960 819 praesentia
988 738 1113 821 gratias

134 841 201 925 agit
224 837 485 923 praesidiumque
507 837 600 902 brevi
623 846 767 924 tempore
783 859 817 903 se
833 839 1006 904 missurum
1028 839 1115 906 dixit

113 943 390 1027 scohortatusque
414 940 456 1005 ad
479 963 553 1006 suos
576 944 663 1006 cives
685 941 775 1006 iubet
797 941 965 1027 proficisci.
990 944 1025 1008 P.
1052 944 1113 1010 Sit-

134 1048 197 1110 tius
230 1048 359 1110 interim
393 1068 466 1110 cum
500 1047 599 1132 copiis
627 1045 799 1110 Numidiae
833 1045 913 1109 fines
947 1047 1113 1131 ingressus

134 1150 301 1214 castellum
322 1153 355 1215 in
378 1153 495 1215 montis
523 1150 593 1215 loco
626 1152 749 1215 munito
783 1150 932 1233 locatum,
966 1149 1000 1213 in
1023 1151 1113 1234 quod

133 1253 216 1318 Iuba
239 1253 314 1318 belli
328 1253 464 1339 gerendi
479 1254 585 1339 gratia
600 1262 632 1318 et
647 1252 845 1318 frumentum
860 1262 892 1317 et
906 1275 959 1316 res
975 1262 1112 1337 ceteraS,

134 1379 217 1442 quae
240 1357 283 1422 ad
305 1357 425 1422 bellum
447 1359 518 1421 usui
541 1356 644 1423 solent
671 1379 751 1440 esse,
786 1365 1055 1442 comportaverat,
1079 1360 1113 1422 vi

134 1462 352 1547 expugnando
374 1472 423 1527 est
445 1465 573 1548 potitus.

220 1565 270 1630 37.
296 1566 426 1649 Caesar,
450 1576 621 1653 postquam
644 1565 832 1652 legionibus,
856 1568 1019 1630 veteranis
1035 1566 1112 1632 dua-

134 1671 205 1753 bus,
242 1673 387 1756 equitatu
420 1670 548 1757 levique
582 1679 747 1735 armatura
770 1670 878 1756 copias
902 1691 976 1734 suas
999 1692 1042 1753 ex
1066 1692 1112 1734 se-

136 1773 242 1839 cundo
259 1783 440 1838 commeatu
456 1784 603 1856 auxerat,
631 1795 732 1838 naves
744 1769 803 1860 [V1]
817 1775 980 1838 onerarias
1004 1776 1113 1839 statim

136 1877 225 1941 iubet
253 1877 447 1962 Lilybaeum
476 1877 518 1942 ad
548 1877 707 1963 reliquum
740 1881 920 1943 exercitum
952 1887 1114 1964 transpor-

139 1979 273 2044 tandum
295 1981 471 2066 proficisci;
495 1983 563 2066 ipse
580 1999 624 2044 vr.
648 1981 722 2047 Kal.
740 1983 836 2048 Febr.
861 1984 988 2047 circiter
1003 1981 1114 2068 vigilia

137 2087 242 2169 prima
269 2087 417 2170 imperat,
453 2084 670 2171 speculatores
704 2088 968 2172 apparitoresque
1003 2109 1113 2168 omnes

116 2198 172 2254 rut
196 2188 255 2254 sibi
279 2197 407 2274 praesto
429 2197 545 2254 essent.
570 2189 684 2275 Itaque
707 2189 855 2255 omnibus
877 2191 985 2255 insciis
1007 2211 1114 2276 neque

138 2286 376 2378 suspicantibus
398 2291 509 2376 vigilia
531 2294 627 2357 tertia
649 2291 739 2356 iubet
767 2314 877 2357 omnes
906 2291 1048 2379 legiones
1071 2315 1113 2358 ex

138 2399 251 2462 castris
281 2397 375 2461 educi
403 2406 500 2482 atque
524 2419 558 2461 sc
581 2397 735 2482 consequi
757 2395 800 2460 ad
824 2397 977 2483 oppidum
999 2398 1113 2483 Ruspi-

137 2524 214 2566 nam
229 2523 353 2583 vcrsus,
377 2503 409 2564 in
433 2523 496 2586 quo
519 2503 588 2586 ipse
610 2500 807 2586 praesidium
830 2501 953 2584 habuit,
977 2510 1010 2566 et
1025 2501 1115 2588 quod

115 2608 277 2691 aprimum
300 2607 342 2670 ad
366 2608 539 2670 amicitiam
561 2607 630 2669 cius
652 2607 796 2670 accessit.
834 2605 916 2670 Inde
944 2604 1114 2693 parvulam

139 2709 373 2793 proclivitatem
396 2709 567 2794 degressus
590 2711 719 2774 sinistra
742 2719 834 2794 parte
855 2711 959 2797 campi
982 2718 1115 2797 propter

117 2832 228 2876 omaro
250 2812 391 2896 legiones
414 2813 510 2877 ducit.
549 2815 613 2878 Hio
641 2836 774 2900 campus
807 2813 944 2879 mirabili
978 2811 1115 2900 planicie

140 2923 228 2999 patet
261 2915 347 2981 milia
380 2938 533 3001 passuum
557 2935 622 3000 xn3
668 2939 764 3004 quem
798 2920 910 3006 iugum
939 2920 1072 3006 cingens
1094 2942 1115 2984 a

139 3021 221 3082 mari
245 3027 351 3083 ortum
373 3041 478 3104 neque
501 3023 546 3084 ita
568 3020 748 3106 praealtum
763 3021 852 3087 velut
874 3023 992 3088 theatri
1015 3022 1116 3089 efficit

118 3125 289 3208 especiem.
334 3122 374 3187 In
402 3122 462 3187 hoc
484 3126 559 3208 iugo
583 3124 677 3190 colles
700 3135 775 3190 sunt
797 3125 917 3192 excelsi
947 3128 1052 3213 pauci,
1080 3128 1115 3193 in

140 3227 257 3313 quibus
291 3227 436 3312 singulae
475 3236 581 3293 turres
618 3228 832 3316 speculaeque
866 3229 1011 3316 singulae
1045 3253 1115 3318 per-

140 3342 267 3396 veteres
290 3341 384 3396 erant
399 3331 582 3416 collocatae,
606 3355 744 3418 quarum
759 3335 847 3420 apud
862 3334 1009 3401 ultimam
1024 3356 1115 3422 prae·

141 3435 257 3499 sidium
280 3444 313 3499 et
335 3437 429 3500 statio
452 3435 513 3499 fuit
535 3436 701 3522 Scipionis.
