<?xml version="1.0" encoding="UTF-8"?>
<!DOCTYPE html PUBLIC "-//W3C//DTD XHTML 1.0 Transitional//EN"
    "http://www.w3.org/TR/xhtml1/DTD/xhtml1-transitional.dtd">
<html xmlns="http://www.w3.org/1999/xhtml" xml:lang="en" lang="en">
 <head>
  <title>
</title>
<meta http-equiv="Content-Type" content="text/html;charset=utf-8" />
  <meta name='ocr-system' content='tesseract 3.04.00' />
  <meta name='ocr-capabilities' content='ocr_page ocr_carea ocr_par ocr_line ocrx_word'/>
</head>
<body>
  <div class='ocr_page' id='page_1' title='image "./ciuliicaesarisc00hoffgoog/ciuliicaesarisc00hoffgoog_0050.png"; bbox 0 0 2376 3924; ppageno 0'>
   <div class='ocr_carea' id='block_1_1' title="bbox 228 245 1040 309">
    <p class='ocr_par' dir='ltr' id='par_1_1' title="bbox 228 245 1040 309">
     <span class='ocr_line' id='line_1_1' title="bbox 228 245 1040 309; baseline -0.004 -12"><span class='ocrx_word' id='word_1_1' title='bbox 228 245 277 297; x_wconf 83' lang='lat' dir='ltr'>AD</span> <span class='ocrx_word' id='word_1_2' title='bbox 297 245 396 301; x_wconf 78' lang='lat' dir='ltr'><strong>OAES.</strong></span> <span class='ocrx_word' id='word_1_3' title='bbox 414 246 518 296; x_wconf 80' lang='lat' dir='ltr'>BELL.</span> <span class='ocrx_word' id='word_1_4' title='bbox 538 245 643 297; x_wconf 72' lang='lat' dir='ltr'>unuh.</span> <span class='ocrx_word' id='word_1_5' title='bbox 663 245 736 309; x_wconf 90' lang='lat' dir='ltr'><strong>VIII,</strong></span> <span class='ocrx_word' id='word_1_6' title='bbox 755 247 866 296; x_wconf 77' lang='lat'><strong>24—36.</strong></span> <span class='ocrx_word' id='word_1_7' title='bbox 924 245 1040 296; x_wconf 86' lang='lat' dir='ltr'>XXXIX</span> 
     </span>
    </p>
   </div>
   <div class='ocr_carea' id='block_1_2' title="bbox 56 433 1040 1277">
    <p class='ocr_par' dir='ltr' id='par_1_2' title="bbox 56 433 1040 1277">
     <span class='ocr_line' id='line_1_2' title="bbox 57 433 1039 504; baseline -0.002 -17"><span class='ocrx_word' id='word_1_8' title='bbox 57 436 145 495; x_wconf 83' lang='lat' dir='ltr'>verba</span> <span class='ocrx_word' id='word_1_9' title='bbox 158 438 185 487; x_wconf 91' lang='lat' dir='ltr'>et</span> <span class='ocrx_word' id='word_1_10' title='bbox 197 433 366 504; x_wconf 83' lang='lat' dir='ltr'>Romanum,</span> <span class='ocrx_word' id='word_1_11' title='bbox 384 436 498 486; x_wconf 82' lang='lat' dir='ltr'>Diibner</span> <span class='ocrx_word' id='word_1_12' title='bbox 509 435 669 489; x_wconf 86' lang='lat' dir='ltr'>Romanum</span> <span class='ocrx_word' id='word_1_13' title='bbox 687 435 846 487; x_wconf 80' lang='lat' dir='ltr'>deleverint.</span> <span class='ocrx_word' id='word_1_14' title='bbox 870 452 931 486; x_wconf 85' lang='lat' dir='ltr'>eum</span> <span class='ocrx_word' id='word_1_15' title='bbox 944 438 1039 502; x_wconf 88' lang='lat' dir='ltr'>optimi</span> 
     </span>
     <span class='ocr_line' id='line_1_3' title="bbox 58 519 1040 575; baseline -0.001 -3"><span class='ocrx_word' id='word_1_16' title='bbox 58 521 138 574; x_wconf 81' lang='lat' dir='ltr'>codd.</span> <span class='ocrx_word' id='word_1_17' title='bbox 157 525 190 574; x_wconf 89' lang='lat' dir='ltr'>et</span> <span class='ocrx_word' id='word_1_18' title='bbox 207 519 395 575; x_wconf 84' lang='lat' dir='ltr'>Romanum</span> <span class='ocrx_word' id='word_1_19' title='bbox 417 525 450 574; x_wconf 92' lang='lat' dir='ltr'>et</span> <span class='ocrx_word' id='word_1_20' title='bbox 473 523 618 574; x_wconf 76' lang='lat' dir='ltr'>externum</span> <span class='ocrx_word' id='word_1_21' title='bbox 639 519 779 574; x_wconf 86' lang='lat' dir='ltr'>sustinere</span> <span class='ocrx_word' id='word_1_22' title='bbox 797 520 901 574; x_wconf 80' lang='lat' dir='ltr'><em>hostem</em></span> <span class='ocrx_word' id='word_1_23' title='bbox 919 521 1040 572; x_wconf 78' lang='lat' dir='ltr'>habeant</span> 
     </span>
     <span class='ocr_line' id='line_1_4' title="bbox 57 607 1040 676; baseline 0.003 -19"><span class='ocrx_word' id='word_1_24' title='bbox 57 609 98 676; x_wconf 92' lang='lat' dir='ltr'>(in</span> <span class='ocrx_word' id='word_1_25' title='bbox 124 608 305 659; x_wconf 89' lang='lat' dir='ltr'>deterioribus</span> <span class='ocrx_word' id='word_1_26' title='bbox 332 611 359 660; x_wconf 90' lang='lat' dir='ltr'>et</span> <span class='ocrx_word' id='word_1_27' title='bbox 385 622 533 661; x_wconf 74' lang='lat' dir='ltr'>romuleum</span> <span class='ocrx_word' id='word_1_28' title='bbox 555 608 659 661; x_wconf 79' lang='lat' dir='ltr'><strong><em>hostem</em></strong></span> <span class='ocrx_word' id='word_1_29' title='bbox 683 612 710 660; x_wconf 89' lang='lat' dir='ltr'>et</span> <span class='ocrx_word' id='word_1_30' title='bbox 733 612 879 661; x_wconf 76' lang='lat' dir='ltr'>externum</span> <span class='ocrx_word' id='word_1_31' title='bbox 899 607 1040 662; x_wconf 87' lang='lat' dir='ltr'>sustinere</span> 
     </span>
     <span class='ocr_line' id='line_1_5' title="bbox 59 694 1039 762; baseline -0.002 -16"><span class='ocrx_word' id='word_1_32' title='bbox 59 694 270 762; x_wconf 85' lang='lat' dir='ltr'>scriptumest),</span> <span class='ocrx_word' id='word_1_33' title='bbox 290 696 337 761; x_wconf 91' lang='lat' dir='ltr'>qui</span> <span class='ocrx_word' id='word_1_34' title='bbox 356 710 417 744; x_wconf 90' lang='lat' dir='ltr'>cum</span> <span class='ocrx_word' id='word_1_35' title='bbox 434 694 566 760; x_wconf 89' lang='lat' dir='ltr'>Frigellio</span> <span class='ocrx_word' id='word_1_36' title='bbox 585 695 696 758; x_wconf 83' lang='lat' dir='ltr'>faciunt,</span> <span class='ocrx_word' id='word_1_37' title='bbox 720 710 832 746; x_wconf 87' lang='lat' dir='ltr'>necesse</span> <span class='ocrx_word' id='word_1_38' title='bbox 851 700 892 746; x_wconf 89' lang='lat' dir='ltr'>est</span> <span class='ocrx_word' id='word_1_39' title='bbox 910 700 1039 756; x_wconf 81' lang='lat' dir='ltr'><strong>statuant,</strong></span> 
     </span>
     <span class='ocr_line' id='line_1_6' title="bbox 56 781 1040 847; baseline -0.003 -15"><span class='ocrx_word' id='word_1_40' title='bbox 56 781 151 832; x_wconf 86' lang='lat' dir='ltr'>locum</span> <span class='ocrx_word' id='word_1_41' title='bbox 169 782 212 832; x_wconf 91' lang='lat' dir='ltr'>bis</span> <span class='ocrx_word' id='word_1_42' title='bbox 231 797 290 832; x_wconf 89' lang='lat' dir='ltr'>esse</span> <span class='ocrx_word' id='word_1_43' title='bbox 310 786 479 847; x_wconf 87' lang='lat' dir='ltr'>corruptum,</span> <span class='ocrx_word' id='word_1_44' title='bbox 506 782 622 846; x_wconf 90' lang='lat' dir='ltr'>primum</span> <span class='ocrx_word' id='word_1_45' title='bbox 640 781 674 832; x_wconf 90' lang='lat' dir='ltr'>ab</span> <span class='ocrx_word' id='word_1_46' title='bbox 695 796 740 846; x_wconf 92' lang='lat' dir='ltr'>eo,</span> <span class='ocrx_word' id='word_1_47' title='bbox 768 783 814 846; x_wconf 90' lang='lat' dir='ltr'>qui</span> <span class='ocrx_word' id='word_1_48' title='bbox 841 781 1040 847; x_wconf 87' lang='lat' dir='ltr'>interpretandi</span> 
     </span>
     <span class='ocr_line' id='line_1_7' title="bbox 57 867 1038 933; baseline 0 -14"><span class='ocrx_word' id='word_1_49' title='bbox 57 883 145 919; x_wconf 86' lang='lat' dir='ltr'>eausa</span> <span class='ocrx_word' id='word_1_50' title='bbox 166 881 316 920; x_wconf 78' lang='lat' dir='ltr'>ronzanum</span> <span class='ocrx_word' id='word_1_51' title='bbox 336 867 524 932; x_wconf 83' lang='lat' dir='ltr'><strong>adscripserit,</strong></span> <span class='ocrx_word' id='word_1_52' title='bbox 552 867 649 918; x_wconf 91' lang='lat' dir='ltr'>deinde</span> <span class='ocrx_word' id='word_1_53' title='bbox 668 868 702 918; x_wconf 90' lang='lat' dir='ltr'>ab</span> <span class='ocrx_word' id='word_1_54' title='bbox 720 867 782 929; x_wconf 91' lang='lat' dir='ltr'>illo,</span> <span class='ocrx_word' id='word_1_55' title='bbox 811 869 858 933; x_wconf 90' lang='lat' dir='ltr'>qui</span> <span class='ocrx_word' id='word_1_56' title='bbox 883 868 1038 919; x_wconf 76' lang='lat' dir='ltr'>‘rontonuut</span> 
     </span>
     <span class='ocr_line' id='line_1_8' title="bbox 57 946 1040 1006; baseline -0.002 0"><span class='ocrx_word' id='word_1_57' title='bbox 57 946 177 1006; x_wconf 84' lang='lat' dir='ltr'>bosten&#39;</span> <span class='ocrx_word' id='word_1_58' title='bbox 202 958 229 1004; x_wconf 90' lang='lat' dir='ltr'>st</span> <span class='ocrx_word' id='word_1_59' title='bbox 255 952 409 1006; x_wconf 75' lang='lat' dir='ltr'>‘externum</span> <span class='ocrx_word' id='word_1_60' title='bbox 435 951 555 1006; x_wconf 85' lang='lat' dir='ltr'>bostem&#39;</span> <span class='ocrx_word' id='word_1_61' title='bbox 578 953 755 1004; x_wconf 84' lang='lat' dir='ltr'>distineturus</span> <span class='ocrx_word' id='word_1_62' title='bbox 778 954 893 1004; x_wconf 89' lang='lat' dir='ltr'>alterurn</span> <span class='ocrx_word' id='word_1_63' title='bbox 916 953 984 1003; x_wconf 90' lang='lat' dir='ltr'>illud</span> <span class='ocrx_word' id='word_1_64' title='bbox 1006 957 1040 1006; x_wconf 86' lang='lat' dir='ltr'>et</span> 
     </span>
     <span class='ocr_line' id='line_1_9' title="bbox 57 1038 1039 1106; baseline -0.001 -16"><span class='ocrx_word' id='word_1_65' title='bbox 57 1041 214 1091; x_wconf 85' lang='lat' dir='ltr'>inseruerit.</span> <span class='ocrx_word' id='word_1_66' title='bbox 233 1039 306 1106; x_wconf 90' lang='lat' dir='ltr'>quod</span> <span class='ocrx_word' id='word_1_67' title='bbox 325 1057 386 1090; x_wconf 89' lang='lat' dir='ltr'>cum</span> <span class='ocrx_word' id='word_1_68' title='bbox 403 1055 499 1105; x_wconf 90' lang='lat' dir='ltr'>parum</span> <span class='ocrx_word' id='word_1_69' title='bbox 511 1038 660 1090; x_wconf 85' lang='lat' dir='ltr'>verisimile</span> <span class='ocrx_word' id='word_1_70' title='bbox 671 1039 804 1102; x_wconf 87' lang='lat' dir='ltr'>videatur,</span> <span class='ocrx_word' id='word_1_71' title='bbox 824 1039 908 1090; x_wconf 87' lang='lat' dir='ltr'>malui</span> <span class='ocrx_word' id='word_1_72' title='bbox 921 1044 1039 1090; x_wconf 84' lang='lat' dir='ltr'>statuere</span> 
     </span>
     <span class='ocr_line' id='line_1_10' title="bbox 58 1124 1038 1192; baseline -0.002 -16"><span class='ocrx_word' id='word_1_73' title='bbox 58 1124 145 1176; x_wconf 91' lang='lat' dir='ltr'>semel</span> <span class='ocrx_word' id='word_1_74' title='bbox 168 1124 248 1176; x_wconf 89' lang='lat' dir='ltr'>modo</span> <span class='ocrx_word' id='word_1_75' title='bbox 272 1127 433 1191; x_wconf 91' lang='lat' dir='ltr'>optimorum</span> <span class='ocrx_word' id='word_1_76' title='bbox 457 1125 587 1175; x_wconf 90' lang='lat' dir='ltr'>librorum</span> <span class='ocrx_word' id='word_1_77' title='bbox 606 1125 691 1176; x_wconf 86' lang='lat' dir='ltr'>verba</span> <span class='ocrx_word' id='word_1_78' title='bbox 714 1126 859 1192; x_wconf 88' lang='lat' dir='ltr'>inquinata</span> <span class='ocrx_word' id='word_1_79' title='bbox 876 1141 936 1177; x_wconf 85' lang='lat' dir='ltr'>esee</span> <span class='ocrx_word' id='word_1_80' title='bbox 954 1127 1038 1175; x_wconf 89' lang='lat' dir='ltr'>intru-</span> 
     </span>
     <span class='ocr_line' id='line_1_11' title="bbox 57 1211 384 1277; baseline 0 -16"><span class='ocrx_word' id='word_1_81' title='bbox 57 1211 149 1262; x_wconf 88' lang='lat' dir='ltr'>dendo</span> <span class='ocrx_word' id='word_1_82' title='bbox 168 1212 261 1277; x_wconf 83' lang='lat' dir='ltr'>inepto</span> <span class='ocrx_word' id='word_1_83' title='bbox 280 1211 328 1262; x_wconf 90' lang='lat' dir='ltr'>illo</span> <span class='ocrx_word' id='word_1_84' title='bbox 346 1215 384 1263; x_wconf 90' lang='lat' dir='ltr'>et.</span> 
     </span>
    </p>
   </div>
   <div class='ocr_carea' id='block_1_3' title="bbox 57 1322 1040 1648">
    <p class='ocr_par' dir='ltr' id='par_1_3' title="bbox 57 1322 1040 1648">
     <span class='ocr_line' id='line_1_12' title="bbox 165 1322 1040 1392; baseline 0.003 -19"><span class='ocrx_word' id='word_1_85' title='bbox 165 1340 188 1373; x_wconf 87' lang='lat' dir='ltr'>c.</span> <span class='ocrx_word' id='word_1_86' title='bbox 206 1326 248 1386; x_wconf 81' lang='lat'>28,</span> <span class='ocrx_word' id='word_1_87' title='bbox 266 1327 295 1373; x_wconf 81' lang='lat'>2:</span> <span class='ocrx_word' id='word_1_88' title='bbox 314 1327 424 1375; x_wconf 83' lang='lat' dir='ltr'>turutas</span> <span class='ocrx_word' id='word_1_89' title='bbox 438 1322 548 1390; x_wconf 83' lang='lat' dir='ltr'>purtim</span> <span class='ocrx_word' id='word_1_90' title='bbox 566 1322 676 1376; x_wconf 84' lang='lat' dir='ltr'>idoneis</span> <span class='ocrx_word' id='word_1_91' title='bbox 695 1322 762 1376; x_wconf 88' lang='lat' dir='ltr'>locis</span> <span class='ocrx_word' id='word_1_92' title='bbox 782 1323 918 1392; x_wconf 74' lang='lat' dir='ltr'>disponit,</span> <span class='ocrx_word' id='word_1_93' title='bbox 932 1329 1040 1392; x_wconf 86' lang='lat' dir='ltr'>porte</span> 
     </span>
     <span class='ocr_line' id='line_1_13' title="bbox 58 1407 1039 1479; baseline 0.001 -18"><span class='ocrx_word' id='word_1_94' title='bbox 58 1407 185 1475; x_wconf 78' lang='lat' dir='ltr'>equiturn</span> <span class='ocrx_word' id='word_1_95' title='bbox 200 1407 340 1476; x_wconf 85' lang='lat' dir='ltr'>proelium</span> <span class='ocrx_word' id='word_1_96' title='bbox 358 1408 523 1479; x_wconf 70' lang='lat' dir='ltr'>conmittitfl</span> <span class='ocrx_word' id='word_1_97' title='bbox 547 1414 653 1477; x_wconf 89' lang='lat' dir='ltr'>porte</span> <span class='ocrx_word' id='word_1_98' title='bbox 670 1415 700 1461; x_wconf 90' lang='lat' dir='ltr'>ut</span> <span class='ocrx_word' id='word_1_99' title='bbox 718 1412 745 1460; x_wconf 90' lang='lat' dir='ltr'>in</span> <span class='ocrx_word' id='word_1_100' title='bbox 764 1413 903 1476; x_wconf 87' lang='lat' dir='ltr'>superiore</span> <span class='ocrx_word' id='word_1_101' title='bbox 922 1413 1039 1462; x_wconf 84' lang='lat' dir='ltr'>editione</span> 
     </span>
     <span class='ocr_line' id='line_1_14' title="bbox 61 1481 1039 1565; baseline 0.002 -19"><span class='ocrx_word' id='word_1_102' title='bbox 61 1512 94 1546; x_wconf 87' lang='lat' dir='ltr'>ax</span> <span class='ocrx_word' id='word_1_103' title='bbox 113 1495 262 1560; x_wconf 84' lang='lat' dir='ltr'>Nipperdei</span> <span class='ocrx_word' id='word_1_104' title='bbox 280 1481 436 1547; x_wconf 87' lang='lat' dir='ltr'>correctura</span> <span class='ocrx_word' id='word_1_105' title='bbox 459 1497 564 1562; x_wconf 81' lang='lat' dir='ltr'>scripsi.</span> <span class='ocrx_word' id='word_1_106' title='bbox 587 1497 736 1565; x_wconf 86' lang='lat' dir='ltr'>purtim,</span> <span class='ocrx_word' id='word_1_107' title='bbox 764 1497 836 1564; x_wconf 92' lang='lat' dir='ltr'>quod</span> <span class='ocrx_word' id='word_1_108' title='bbox 863 1498 941 1551; x_wconf 87' lang='lat' dir='ltr'>codd.</span> <span class='ocrx_word' id='word_1_109' title='bbox 962 1514 1039 1563; x_wconf 86' lang='lat' dir='ltr'>prae-</span> 
     </span>
     <span class='ocr_line' id='line_1_15' title="bbox 57 1581 716 1648; baseline 0.006 -17"><span class='ocrx_word' id='word_1_110' title='bbox 57 1581 147 1642; x_wconf 90' lang='lat' dir='ltr'>bent,·</span> <span class='ocrx_word' id='word_1_111' title='bbox 158 1582 327 1634; x_wconf 86' lang='lat' dir='ltr'>retinuerunt</span> <span class='ocrx_word' id='word_1_112' title='bbox 344 1582 462 1648; x_wconf 81' lang='lat' dir='ltr'>Frigell,</span> <span class='ocrx_word' id='word_1_113' title='bbox 480 1583 585 1646; x_wconf 88' lang='lat' dir='ltr'>Dinter,</span> <span class='ocrx_word' id='word_1_114' title='bbox 604 1583 716 1636; x_wconf 90' lang='lat' dir='ltr'>Holder.</span> 
     </span>
    </p>
   </div>
   <div class='ocr_carea' id='block_1_4' title="bbox 58 1684 1039 2186">
    <p class='ocr_par' dir='ltr' id='par_1_4' title="bbox 58 1684 1039 2186">
     <span class='ocr_line' id='line_1_16' title="bbox 165 1684 1039 1756; baseline 0.005 -20"><span class='ocrx_word' id='word_1_115' title='bbox 165 1703 187 1736; x_wconf 86' lang='lat' dir='ltr'>o.</span> <span class='ocrx_word' id='word_1_116' title='bbox 206 1687 249 1747; x_wconf 83' lang='lat'>30,</span> <span class='ocrx_word' id='word_1_117' title='bbox 269 1689 297 1735; x_wconf 89' lang='lat'>1:</span> <span class='ocrx_word' id='word_1_118' title='bbox 325 1684 454 1738; x_wconf 84' lang='lat' dir='ltr'>euntibus</span> <span class='ocrx_word' id='word_1_119' title='bbox 473 1686 596 1740; x_wconf 73' lang='lat' dir='ltr'>omilium</span> <span class='ocrx_word' id='word_1_120' title='bbox 615 1686 762 1741; x_wconf 84' lang='lat' dir='ltr'>civitatum</span> <span class='ocrx_word' id='word_1_121' title='bbox 781 1688 891 1756; x_wconf 84' lang='lat' dir='ltr'>ascitis,</span> <span class='ocrx_word' id='word_1_122' title='bbox 917 1703 1039 1755; x_wconf 88' lang='lat' dir='ltr'>repen-</span> 
     </span>
     <span class='ocr_line' id='line_1_17' title="bbox 59 1771 1039 1840; baseline 0.001 -15"><span class='ocrx_word' id='word_1_123' title='bbox 59 1771 154 1826; x_wconf 87' lang='lat' dir='ltr'>tinis</span> <span class='ocrx_word' id='word_1_124' title='bbox 173 1771 381 1825; x_wconf 86' lang='lat' dir='ltr'>latrociniis</span> <span class='ocrx_word' id='word_1_125' title='bbox 399 1771 599 1840; x_wconf 84' lang='lat' dir='ltr'>impedimento</span> <span class='ocrx_word' id='word_1_126' title='bbox 617 1778 644 1827; x_wconf 87' lang='lat' dir='ltr'>et</span> <span class='ocrx_word' id='word_1_127' title='bbox 662 1779 830 1828; x_wconf 86' lang='lat' dir='ltr'>commeatus</span> <span class='ocrx_word' id='word_1_128' title='bbox 845 1774 1039 1828; x_wconf 84' lang='lat' dir='ltr'>Romanorum</span> 
     </span>
     <span class='ocr_line' id='line_1_18' title="bbox 58 1857 1038 1928; baseline 0 -16"><span class='ocrx_word' id='word_1_129' title='bbox 58 1857 271 1928; x_wconf 74' lang='lat' dir='ltr'>interceperat]</span> <span class='ocrx_word' id='word_1_130' title='bbox 298 1860 380 1926; x_wconf 87' lang='lat' dir='ltr'>vulgo</span> <span class='ocrx_word' id='word_1_131' title='bbox 408 1860 556 1910; x_wconf 90' lang='lat' dir='ltr'>seeundum</span> <span class='ocrx_word' id='word_1_132' title='bbox 585 1863 700 1928; x_wconf 88' lang='lat' dir='ltr'>optimos</span> <span class='ocrx_word' id='word_1_133' title='bbox 727 1861 804 1911; x_wconf 85' lang='lat' dir='ltr'>codd.</span> <span class='ocrx_word' id='word_1_134' title='bbox 833 1863 918 1928; x_wconf 90' lang='lat' dir='ltr'>Bong.</span> <span class='ocrx_word' id='word_1_135' title='bbox 938 1863 1038 1926; x_wconf 79' lang='lat' dir='ltr'>Moles,</span> 
     </span>
     <span class='ocr_line' id='line_1_19' title="bbox 60 1947 1038 2013; baseline 0.002 -17"><span class='ocrx_word' id='word_1_136' title='bbox 60 1963 122 1997; x_wconf 86' lang='lat' dir='ltr'>eum</span> <span class='ocrx_word' id='word_1_137' title='bbox 148 1947 246 2012; x_wconf 88' lang='lat' dir='ltr'>quibus</span> <span class='ocrx_word' id='word_1_138' title='bbox 271 1949 352 1998; x_wconf 87' lang='lat' dir='ltr'>etiam</span> <span class='ocrx_word' id='word_1_139' title='bbox 376 1947 479 2013; x_wconf 89' lang='lat' dir='ltr'>aliquot</span> <span class='ocrx_word' id='word_1_140' title='bbox 506 1949 654 2000; x_wconf 89' lang='lat' dir='ltr'>deteriores</span> <span class='ocrx_word' id='word_1_141' title='bbox 681 1949 798 2011; x_wconf 86' lang='lat' dir='ltr'>faciunt,</span> <span class='ocrx_word' id='word_1_142' title='bbox 826 1947 955 2002; x_wconf 75' lang='lat' dir='ltr'>exulibus</span> <span class='ocrx_word' id='word_1_143' title='bbox 974 1965 997 2002; x_wconf 81' lang='lat' dir='ltr'>o.</span> <span class='ocrx_word' id='word_1_144' title='bbox 1016 1964 1038 2001; x_wconf 88' lang='lat' dir='ltr'>c.</span> 
     </span>
     <span class='ocr_line' id='line_1_20' title="bbox 60 2031 1038 2100; baseline 0 -16"><span class='ocrx_word' id='word_1_145' title='bbox 60 2032 162 2086; x_wconf 85' lang='lat' dir='ltr'>ascitis</span> <span class='ocrx_word' id='word_1_146' title='bbox 181 2032 335 2100; x_wconf 88' lang='lat' dir='ltr'>receptis</span> <span class='ocrx_word' id='word_1_147' title='bbox 354 2031 562 2086; x_wconf 86' lang='lat' dir='ltr'>latronibus</span> <span class='ocrx_word' id='word_1_148' title='bbox 575 2034 676 2095; x_wconf 87' lang='lat' dir='ltr'>cditur;</span> <span class='ocrx_word' id='word_1_149' title='bbox 696 2034 803 2085; x_wconf 84' lang='lat' dir='ltr'>codices</span> <span class='ocrx_word' id='word_1_150' title='bbox 816 2051 880 2085; x_wconf 89' lang='lat' dir='ltr'>vero</span> <span class='ocrx_word' id='word_1_151' title='bbox 892 2035 966 2086; x_wconf 79' lang='lat' dir='ltr'>Flos.</span> <span class='ocrx_word' id='word_1_152' title='bbox 978 2036 1038 2086; x_wconf 84' lang='lat' dir='ltr'>Vat.</span> 
     </span>
     <span class='ocr_line' id='line_1_21' title="bbox 59 2118 1039 2186; baseline 0 -15"><span class='ocrx_word' id='word_1_153' title='bbox 59 2120 109 2171; x_wconf 90' lang='lat' dir='ltr'>alii</span> <span class='ocrx_word' id='word_1_154' title='bbox 132 2118 251 2186; x_wconf 77' lang='lat' dir='ltr'>receptis</span> <span class='ocrx_word' id='word_1_155' title='bbox 270 2118 430 2171; x_wconf 87' lang='lat' dir='ltr'>latrociniis</span> <span class='ocrx_word' id='word_1_156' title='bbox 450 2120 550 2170; x_wconf 87' lang='lat' dir='ltr'>omissa</span> <span class='ocrx_word' id='word_1_157' title='bbox 569 2136 636 2171; x_wconf 82' lang='lat' dir='ltr'>voce</span> <span class='ocrx_word' id='word_1_158' title='bbox 655 2119 755 2173; x_wconf 83' lang='lat' dir='ltr'>ascitis</span> <span class='ocrx_word' id='word_1_159' title='bbox 774 2121 919 2186; x_wconf 87' lang='lat' dir='ltr'>praebent,</span> <span class='ocrx_word' id='word_1_160' title='bbox 947 2123 1039 2186; x_wconf 87' lang='lat' dir='ltr'>itaque</span> 
     </span>
    </p>
   </div>
   <div class='ocr_carea' id='block_1_5' title="bbox 58 2204 1138 2276">
    <p class='ocr_par' dir='ltr' id='par_1_5' title="bbox 58 2204 1138 2276">
     <span class='ocr_line' id='line_1_22' title="bbox 58 2204 1138 2276; baseline 0.003 -20"><span class='ocrx_word' id='word_1_161' title='bbox 58 2205 165 2272; x_wconf 82' lang='lat' dir='ltr'>Frigell</span> <span class='ocrx_word' id='word_1_162' title='bbox 186 2207 302 2272; x_wconf 89' lang='lat' dir='ltr'>scripsit.</span> <span class='ocrx_word' id='word_1_163' title='bbox 331 2211 359 2256; x_wconf 91' lang='lat' dir='ltr'>at</span> <span class='ocrx_word' id='word_1_164' title='bbox 376 2221 437 2255; x_wconf 88' lang='lat' dir='ltr'>cum</span> <span class='ocrx_word' id='word_1_165' title='bbox 456 2206 574 2256; x_wconf 86' lang='lat' dir='ltr'>concedo</span> <span class='ocrx_word' id='word_1_166' title='bbox 599 2204 759 2259; x_wconf 73' lang='lat' dir='ltr'>latronibus</span> <span class='ocrx_word' id='word_1_167' title='bbox 776 2223 825 2272; x_wconf 89' lang='lat' dir='ltr'>pro</span> <span class='ocrx_word' id='word_1_168' title='bbox 843 2205 1004 2259; x_wconf 83' lang='lat' dir='ltr'>latrociniis</span> <span class='ocrx_word' id='word_1_169' title='bbox 1023 2223 1040 2258; x_wconf 83' lang='lat' dir='ltr'>a</span> <span class='ocrx_word' id='word_1_170' title='bbox 1136 2272 1138 2276; x_wconf 18' lang='grc' dir='ltr'><strong><em>ι</em></strong></span> 
     </span>
    </p>
   </div>
   <div class='ocr_carea' id='block_1_6' title="bbox 58 2293 1039 3050">
    <p class='ocr_par' dir='ltr' id='par_1_6' title="bbox 58 2293 1039 3050">
     <span class='ocr_line' id='line_1_23' title="bbox 60 2293 1039 2360; baseline -0.001 -16"><span class='ocrx_word' id='word_1_171' title='bbox 60 2297 214 2344; x_wconf 85' lang='lat' dir='ltr'>correctore</span> <span class='ocrx_word' id='word_1_172' title='bbox 233 2293 350 2358; x_wconf 88' lang='lat' dir='ltr'>quodam</span> <span class='ocrx_word' id='word_1_173' title='bbox 369 2309 428 2343; x_wconf 90' lang='lat' dir='ltr'>esse</span> <span class='ocrx_word' id='word_1_174' title='bbox 447 2294 589 2358; x_wconf 87' lang='lat' dir='ltr'>scriptum,</span> <span class='ocrx_word' id='word_1_175' title='bbox 608 2310 702 2344; x_wconf 83' lang='lat' dir='ltr'>vocem</span> <span class='ocrx_word' id='word_1_176' title='bbox 721 2298 812 2345; x_wconf 87' lang='lat' dir='ltr'>tamen</span> <span class='ocrx_word' id='word_1_177' title='bbox 830 2293 949 2360; x_wconf 75' lang='lat' dir='ltr'>receptis</span> <span class='ocrx_word' id='word_1_178' title='bbox 968 2294 1039 2360; x_wconf 88' lang='lat' dir='ltr'>glos·</span> 
     </span>
     <span class='ocr_line' id='line_1_24' title="bbox 59 2377 1038 2446; baseline 0 -15"><span class='ocrx_word' id='word_1_179' title='bbox 59 2395 118 2431; x_wconf 88' lang='lat' dir='ltr'>sam</span> <span class='ocrx_word' id='word_1_180' title='bbox 138 2395 198 2429; x_wconf 87' lang='lat' dir='ltr'>asse</span> <span class='ocrx_word' id='word_1_181' title='bbox 216 2380 360 2444; x_wconf 87' lang='lat' dir='ltr'>participio</span> <span class='ocrx_word' id='word_1_182' title='bbox 385 2377 484 2431; x_wconf 82' lang='lat' dir='ltr'>ascitis</span> <span class='ocrx_word' id='word_1_183' title='bbox 508 2379 673 2445; x_wconf 82' lang='lat' dir='ltr'>adscriptam</span> <span class='ocrx_word' id='word_1_184' title='bbox 696 2381 820 2430; x_wconf 85' lang='lat' dir='ltr'>existimo</span> <span class='ocrx_word' id='word_1_185' title='bbox 839 2380 956 2446; x_wconf 88' lang='lat' dir='ltr'>indeque</span> <span class='ocrx_word' id='word_1_186' title='bbox 975 2396 1038 2431; x_wconf 90' lang='lat' dir='ltr'>ena·</span> 
     </span>
     <span class='ocr_line' id='line_1_25' title="bbox 58 2464 1038 2532; baseline -0.002 -16"><span class='ocrx_word' id='word_1_187' title='bbox 58 2471 101 2516; x_wconf 85' lang='lat' dir='ltr'>tas</span> <span class='ocrx_word' id='word_1_188' title='bbox 122 2481 182 2515; x_wconf 90' lang='lat' dir='ltr'>esse</span> <span class='ocrx_word' id='word_1_189' title='bbox 199 2466 289 2517; x_wconf 86' lang='lat' dir='ltr'>varias</span> <span class='ocrx_word' id='word_1_190' title='bbox 308 2465 372 2515; x_wconf 86' lang='lat' dir='ltr'>illas</span> <span class='ocrx_word' id='word_1_191' title='bbox 390 2464 520 2515; x_wconf 85' lang='lat' dir='ltr'>librorum</span> <span class='ocrx_word' id='word_1_192' title='bbox 540 2467 715 2531; x_wconf 86' lang='lat' dir='ltr'>corruptelas.</span> <span class='ocrx_word' id='word_1_193' title='bbox 738 2466 790 2517; x_wconf 89' lang='lat' dir='ltr'>hac</span> <span class='ocrx_word' id='word_1_194' title='bbox 804 2467 876 2517; x_wconf 89' lang='lat' dir='ltr'>enim</span> <span class='ocrx_word' id='word_1_195' title='bbox 890 2465 981 2532; x_wconf 85' lang='lat' dir='ltr'>glossa</span> <span class='ocrx_word' id='word_1_196' title='bbox 993 2482 1038 2532; x_wconf 92' lang='lat' dir='ltr'>ge-</span> 
     </span>
     <span class='ocr_line' id='line_1_26' title="bbox 58 2550 1038 2619; baseline 0.003 -18"><span class='ocrx_word' id='word_1_197' title='bbox 58 2551 153 2601; x_wconf 91' lang='lat' dir='ltr'>nuinis</span> <span class='ocrx_word' id='word_1_198' title='bbox 165 2550 256 2601; x_wconf 87' lang='lat' dir='ltr'>verbis</span> <span class='ocrx_word' id='word_1_199' title='bbox 269 2551 451 2616; x_wconf 84' lang='lat' dir='ltr'>superscripta</span> <span class='ocrx_word' id='word_1_200' title='bbox 469 2577 504 2589; x_wconf 88' lang='lat'><em>-</em></span> <span class='ocrx_word' id='word_1_201' title='bbox 521 2550 621 2603; x_wconf 86' lang='lat' dir='ltr'>ascitis</span> <span class='ocrx_word' id='word_1_202' title='bbox 639 2550 758 2618; x_wconf 87' lang='lat' dir='ltr'>receptis</span> <span class='ocrx_word' id='word_1_203' title='bbox 776 2551 933 2619; x_wconf 89' lang='lat' dir='ltr'>repentinis</span> <span class='ocrx_word' id='word_1_204' title='bbox 952 2551 1038 2605; x_wconf 86' lang='lat' dir='ltr'>lutro-</span> 
     </span>
     <span class='ocr_line' id='line_1_27' title="bbox 58 2635 1038 2705; baseline 0.001 -15"><span class='ocrx_word' id='word_1_205' title='bbox 58 2635 146 2690; x_wconf 81' lang='lat' dir='ltr'>ciotiis</span> <span class='ocrx_word' id='word_1_206' title='bbox 164 2666 206 2705; x_wconf 87' lang='lat'>—,</span> <span class='ocrx_word' id='word_1_207' title='bbox 225 2653 287 2687; x_wconf 86' lang='lat' dir='ltr'>cum</span> <span class='ocrx_word' id='word_1_208' title='bbox 304 2635 424 2703; x_wconf 88' lang='lat' dir='ltr'>receptis</span> <span class='ocrx_word' id='word_1_209' title='bbox 443 2644 596 2689; x_wconf 88' lang='lat' dir='ltr'>correctura</span> <span class='ocrx_word' id='word_1_210' title='bbox 615 2654 674 2689; x_wconf 87' lang='lat' dir='ltr'>esse</span> <span class='ocrx_word' id='word_1_211' title='bbox 693 2637 830 2688; x_wconf 86' lang='lat' dir='ltr'>videretur</span> <span class='ocrx_word' id='word_1_212' title='bbox 847 2641 922 2689; x_wconf 87' lang='lat' dir='ltr'>vocis</span> <span class='ocrx_word' id='word_1_213' title='bbox 940 2653 1038 2705; x_wconf 88' lang='lat' dir='ltr'>repen·</span> 
     </span>
     <span class='ocr_line' id='line_1_28' title="bbox 59 2721 1038 2791; baseline 0 -16"><span class='ocrx_word' id='word_1_214' title='bbox 59 2721 141 2790; x_wconf 78' lang='lat' dir='ltr'>tinio,</span> <span class='ocrx_word' id='word_1_215' title='bbox 164 2723 334 2787; x_wconf 81' lang='lat' dir='ltr'>factumest,</span> <span class='ocrx_word' id='word_1_216' title='bbox 359 2729 389 2774; x_wconf 88' lang='lat' dir='ltr'>ut</span> <span class='ocrx_word' id='word_1_217' title='bbox 409 2724 489 2775; x_wconf 86' lang='lat' dir='ltr'>lectio</span> <span class='ocrx_word' id='word_1_218' title='bbox 509 2723 608 2777; x_wconf 85' lang='lat' dir='ltr'>ascitis</span> <span class='ocrx_word' id='word_1_219' title='bbox 627 2723 745 2791; x_wconf 85' lang='lat' dir='ltr'>receptis</span> <span class='ocrx_word' id='word_1_220' title='bbox 765 2722 926 2777; x_wconf 86' lang='lat' dir='ltr'>latrociniis</span> <span class='ocrx_word' id='word_1_221' title='bbox 945 2741 1038 2775; x_wconf 83' lang='lat' dir='ltr'>nasce-</span> 
     </span>
     <span class='ocr_line' id='line_1_29' title="bbox 58 2811 1039 2878; baseline 0.001 -18"><span class='ocrx_word' id='word_1_222' title='bbox 58 2814 149 2869; x_wconf 81' lang='lat' dir='ltr'>retur3</span> <span class='ocrx_word' id='word_1_223' title='bbox 177 2825 246 2876; x_wconf 88' lang='lat' dir='ltr'>quae</span> <span class='ocrx_word' id='word_1_224' title='bbox 264 2811 349 2862; x_wconf 87' lang='lat' dir='ltr'>verba</span> <span class='ocrx_word' id='word_1_225' title='bbox 368 2827 428 2861; x_wconf 88' lang='lat' dir='ltr'>oum</span> <span class='ocrx_word' id='word_1_226' title='bbox 446 2812 511 2861; x_wconf 88' lang='lat' dir='ltr'>ferri</span> <span class='ocrx_word' id='word_1_227' title='bbox 528 2813 681 2878; x_wconf 88' lang='lat' dir='ltr'>nequirent,</span> <span class='ocrx_word' id='word_1_228' title='bbox 703 2816 824 2862; x_wconf 86' lang='lat' dir='ltr'>correcta</span> <span class='ocrx_word' id='word_1_229' title='bbox 843 2812 958 2862; x_wconf 90' lang='lat' dir='ltr'>suntab</span> <span class='ocrx_word' id='word_1_230' title='bbox 977 2811 1039 2862; x_wconf 89' lang='lat' dir='ltr'>aliis</span> 
     </span>
     <span class='ocr_line' id='line_1_30' title="bbox 58 2893 1038 2963; baseline -0.001 -15"><span class='ocrx_word' id='word_1_231' title='bbox 58 2893 221 2948; x_wconf 78' lang='lat' dir='ltr'>latronibus</span> <span class='ocrx_word' id='word_1_232' title='bbox 249 2913 296 2963; x_wconf 90' lang='lat' dir='ltr'>pro</span> <span class='ocrx_word' id='word_1_233' title='bbox 325 2895 486 2949; x_wconf 81' lang='lat' dir='ltr'>latrociniis</span> <span class='ocrx_word' id='word_1_234' title='bbox 513 2897 672 2961; x_wconf 86' lang='lat' dir='ltr'>scribendo,</span> <span class='ocrx_word' id='word_1_235' title='bbox 699 2897 733 2947; x_wconf 90' lang='lat' dir='ltr'>ab</span> <span class='ocrx_word' id='word_1_236' title='bbox 753 2897 815 2947; x_wconf 88' lang='lat' dir='ltr'>aliis</span> <span class='ocrx_word' id='word_1_237' title='bbox 838 2897 954 2948; x_wconf 87' lang='lat' dir='ltr'>delenda</span> <span class='ocrx_word' id='word_1_238' title='bbox 972 2914 1038 2948; x_wconf 88' lang='lat' dir='ltr'>voce</span> 
     </span>
     <span class='ocr_line' id='line_1_31' title="bbox 58 2981 1039 3050; baseline -0.004 -15"><span class='ocrx_word' id='word_1_239' title='bbox 58 2981 170 3036; x_wconf 87' lang='lat' dir='ltr'>ascitis.</span> <span class='ocrx_word' id='word_1_240' title='bbox 195 2984 265 3046; x_wconf 87' lang='lat' dir='ltr'>(eum</span> <span class='ocrx_word' id='word_1_241' title='bbox 284 2983 440 3050; x_wconf 86' lang='lat' dir='ltr'>repentinis</span> <span class='ocrx_word' id='word_1_242' title='bbox 459 2983 620 3037; x_wconf 86' lang='lat' dir='ltr'>latrociniis</span> <span class='ocrx_word' id='word_1_243' title='bbox 639 2984 671 3034; x_wconf 86' lang='lat' dir='ltr'>of.</span> <span class='ocrx_word' id='word_1_244' title='bbox 691 3000 714 3034; x_wconf 86' lang='lat' dir='ltr'>e.</span> <span class='ocrx_word' id='word_1_245' title='bbox 732 2985 773 3046; x_wconf 79' lang='lat' dir='ltr'>at,</span> <span class='ocrx_word' id='word_1_246' title='bbox 792 2986 816 3035; x_wconf 86' lang='lat'>3.</span> <span class='ocrx_word' id='word_1_247' title='bbox 835 2984 862 3033; x_wconf 90' lang='lat' dir='ltr'>b.</span> <span class='ocrx_word' id='word_1_248' title='bbox 880 2983 922 3034; x_wconf 79' lang='lat' dir='ltr'>Al.</span> <span class='ocrx_word' id='word_1_249' title='bbox 943 2985 983 3047; x_wconf 89' lang='grc'>19,</span> <span class='ocrx_word' id='word_1_250' title='bbox 1002 2986 1039 3050; x_wconf 76' lang='lat'>2).</span> 
     </span>
    </p>
   </div>
   <div class='ocr_carea' id='block_1_7' title="bbox 57 3093 1039 3594">
    <p class='ocr_par' dir='ltr' id='par_1_7' title="bbox 57 3093 1039 3594">
     <span class='ocr_line' id='line_1_32' title="bbox 164 3093 1037 3164; baseline -0.002 -18"><span class='ocrx_word' id='word_1_251' title='bbox 164 3096 248 3158; x_wconf 76' lang='lat' dir='ltr'>udi,</span> <span class='ocrx_word' id='word_1_252' title='bbox 269 3097 297 3145; x_wconf 88' lang='lat'>1:</span> <span class='ocrx_word' id='word_1_253' title='bbox 325 3111 343 3146; x_wconf 90' lang='lat' dir='ltr'>o</span> <span class='ocrx_word' id='word_1_254' title='bbox 366 3094 479 3148; x_wconf 85' lang='lat' dir='ltr'>milibus</span> <span class='ocrx_word' id='word_1_255' title='bbox 502 3110 560 3149; x_wconf 90' lang='lat' dir='ltr'>nou</span> <span class='ocrx_word' id='word_1_256' title='bbox 579 3094 703 3164; x_wconf 83' lang='lat' dir='ltr'>amplius</span> <span class='ocrx_word' id='word_1_257' title='bbox 721 3093 809 3164; x_wconf 76' lang='lat' dir='ltr'>Xllp</span> <span class='ocrx_word' id='word_1_258' title='bbox 837 3095 872 3145; x_wconf 91' lang='lat' dir='ltr'>ad</span> <span class='ocrx_word' id='word_1_259' title='bbox 900 3095 1037 3161; x_wconf 84' lang='lat' dir='ltr'>vulgatam</span> 
     </span>
     <span class='ocr_line' id='line_1_33' title="bbox 58 3180 1039 3250; baseline -0.001 -19"><span class='ocrx_word' id='word_1_260' title='bbox 58 3183 116 3231; x_wconf 86' lang='lat' dir='ltr'>iam</span> <span class='ocrx_word' id='word_1_261' title='bbox 135 3182 204 3231; x_wconf 91' lang='lat' dir='ltr'>redii</span> <span class='ocrx_word' id='word_1_262' title='bbox 221 3181 368 3232; x_wconf 85' lang='lat' dir='ltr'>lectionem</span> <span class='ocrx_word' id='word_1_263' title='bbox 387 3182 502 3232; x_wconf 84' lang='lat' dir='ltr'>delendo</span> <span class='ocrx_word' id='word_1_264' title='bbox 520 3183 655 3233; x_wconf 84' lang='lat' dir='ltr'>vocabulo</span> <span class='ocrx_word' id='word_1_265' title='bbox 673 3180 765 3250; x_wconf 82' lang='lat' dir='ltr'>loupe,</span> <span class='ocrx_word' id='word_1_266' title='bbox 794 3180 865 3247; x_wconf 87' lang='lat' dir='ltr'>quod</span> <span class='ocrx_word' id='word_1_267' title='bbox 883 3182 910 3230; x_wconf 93' lang='lat' dir='ltr'>in</span> <span class='ocrx_word' id='word_1_268' title='bbox 930 3182 1039 3246; x_wconf 89' lang='lat' dir='ltr'>optimis</span> 
     </span>
     <span class='ocr_line' id='line_1_34' title="bbox 57 3266 1038 3334; baseline 0 -17"><span class='ocrx_word' id='word_1_269' title='bbox 57 3267 139 3318; x_wconf 87' lang='lat' dir='ltr'>libris</span> <span class='ocrx_word' id='word_1_270' title='bbox 157 3273 217 3334; x_wconf 89' lang='lat' dir='ltr'>post</span> <span class='ocrx_word' id='word_1_271' title='bbox 235 3281 293 3320; x_wconf 90' lang='lat' dir='ltr'>non</span> <span class='ocrx_word' id='word_1_272' title='bbox 310 3267 423 3334; x_wconf 88' lang='lat' dir='ltr'>legitur;</span> <span class='ocrx_word' id='word_1_273' title='bbox 444 3270 472 3319; x_wconf 91' lang='lat' dir='ltr'>iu</span> <span class='ocrx_word' id='word_1_274' title='bbox 492 3270 630 3334; x_wconf 85' lang='lat' dir='ltr'>superiore</span> <span class='ocrx_word' id='word_1_275' title='bbox 650 3267 768 3318; x_wconf 89' lang='lat' dir='ltr'>editione</span> <span class='ocrx_word' id='word_1_276' title='bbox 786 3266 980 3332; x_wconf 87' lang='lat' dir='ltr'>Nipperdeium</span> <span class='ocrx_word' id='word_1_277' title='bbox 998 3284 1038 3317; x_wconf 90' lang='lat' dir='ltr'>se·</span> 
     </span>
     <span class='ocr_line' id='line_1_35' title="bbox 60 3351 1039 3423; baseline 0 -19"><span class='ocrx_word' id='word_1_278' title='bbox 60 3358 140 3404; x_wconf 85' lang='lat' dir='ltr'>cutus</span> <span class='ocrx_word' id='word_1_279' title='bbox 164 3352 245 3423; x_wconf 84' lang='lat' dir='ltr'>lonpe</span> <span class='ocrx_word' id='word_1_280' title='bbox 262 3360 326 3405; x_wconf 88' lang='lat' dir='ltr'>ante</span> <span class='ocrx_word' id='word_1_281' title='bbox 344 3369 402 3407; x_wconf 89' lang='lat' dir='ltr'>uon</span> <span class='ocrx_word' id='word_1_282' title='bbox 420 3371 571 3420; x_wconf 87' lang='lat' dir='ltr'>posueram.</span> <span class='ocrx_word' id='word_1_283' title='bbox 596 3385 629 3392; x_wconf 94' lang='lat'>-</span> <span class='ocrx_word' id='word_1_284' title='bbox 653 3355 690 3404; x_wconf 92' lang='lat' dir='ltr'>ib.</span> <span class='ocrx_word' id='word_1_285' title='bbox 710 3351 952 3422; x_wconf 86' lang='lat' dir='ltr'>[perterritos]</span> <span class='ocrx_word' id='word_1_286' title='bbox 978 3370 1039 3403; x_wconf 85' lang='lat' dir='ltr'>oum</span> 
     </span>
     <span class='ocr_line' id='line_1_36' title="bbox 58 3440 1039 3510; baseline -0.004 -18"><span class='ocrx_word' id='word_1_287' title='bbox 58 3440 259 3492; x_wconf 86' lang='lat' dir='ltr'>recentioribus</span> <span class='ocrx_word' id='word_1_288' title='bbox 278 3441 428 3492; x_wconf 88' lang='lat' dir='ltr'>editoribus</span> <span class='ocrx_word' id='word_1_289' title='bbox 439 3440 633 3496; x_wconf 86' lang='lat' dir='ltr'>Vielhaberum</span> <span class='ocrx_word' id='word_1_290' title='bbox 642 3440 759 3510; x_wconf 87' lang='lat' dir='ltr'>(epham.</span> <span class='ocrx_word' id='word_1_291' title='bbox 773 3457 862 3507; x_wconf 81' lang='lat' dir='ltr'>gymn.</span> <span class='ocrx_word' id='word_1_292' title='bbox 877 3444 958 3493; x_wconf 84' lang='lat' dir='ltr'>austr.</span> <span class='ocrx_word' id='word_1_293' title='bbox 973 3440 1039 3489; x_wconf 74' lang='lat'>1870</span> 
     </span>
     <span class='ocr_line' id='line_1_37' title="bbox 58 3525 731 3594; baseline 0 -17"><span class='ocrx_word' id='word_1_294' title='bbox 58 3530 80 3577; x_wconf 87' lang='lat' dir='ltr'>t.</span> <span class='ocrx_word' id='word_1_295' title='bbox 98 3525 171 3589; x_wconf 88' lang='lat' dir='ltr'>XXI,</span> <span class='ocrx_word' id='word_1_296' title='bbox 189 3541 215 3592; x_wconf 91' lang='lat' dir='ltr'>p.</span> <span class='ocrx_word' id='word_1_297' title='bbox 234 3526 296 3594; x_wconf 78' lang='lat'>541)</span> <span class='ocrx_word' id='word_1_298' title='bbox 315 3530 416 3578; x_wconf 86' lang='lat' dir='ltr'>secutis</span> <span class='ocrx_word' id='word_1_299' title='bbox 433 3533 464 3578; x_wconf 94' lang='lat' dir='ltr'>ut</span> <span class='ocrx_word' id='word_1_300' title='bbox 483 3528 604 3594; x_wconf 84' lang='lat' dir='ltr'>spurium</span> <span class='ocrx_word' id='word_1_301' title='bbox 621 3527 731 3580; x_wconf 85' lang='lat' dir='ltr'>inclusi.</span> 
     </span>
    </p>
   </div>
   <div class='ocr_carea' id='block_1_8' title="bbox 0 0 1192 3924">
    <p class='ocr_par' dir='ltr' id='par_1_8' title="bbox 0 0 1192 3924">
     <span class='ocr_line' id='line_1_38' title="bbox 0 0 1192 3924; baseline 0 0"><span class='ocrx_word' id='word_1_302' title='bbox 0 0 1192 3924; x_wconf 95' lang='lat' dir='ltr'> </span> 
     </span>
    </p>
   </div>
  </div>
 </body>
</html>
