2376 3924
90 227 133 292 48
420 225 469 275 DE
488 224 610 287 BELLO
630 224 743 276 CIVILI

91 417 245 483 Afranius
268 418 451 502 partiuntur
479 418 604 503 ipsique
627 416 819 503 perficiundi
842 419 948 504 operis
971 441 1075 484 causa

90 522 215 607 longius
238 521 497 607 progrediuntur.

178 625 227 688 74.
253 625 400 707 Quorum
423 625 566 690 discessu
588 623 724 691 liberam
746 627 832 690 nacti
847 625 963 691 milites
979 626 1074 692 collo-

90 731 237 815 quiorum
260 730 446 794 facultatem
467 729 565 815 vulgo
588 728 783 816 procedunt,
812 737 845 792 et
867 750 965 814 quem
987 733 1074 815 quis-

90 857 152 919 que
181 836 214 897 in
244 836 357 898 castris
384 843 496 899 notum
524 843 580 898 aut
608 835 803 918 municipem
831 832 975 898 habebat
998 857 1074 901 con·

68 940 188 1022 aquirit
203 946 300 1022 atque
316 946 438 1002 evocat.
474 939 618 1002 Primum
641 946 743 1022 agunt
764 939 886 1022 gratias
910 938 1073 1021 omnibus,

90 1041 177 1125 quod
205 1041 265 1104 sibi
294 1043 472 1126 perterritis
502 1040 603 1126 pridie
633 1042 865 1126 pepercissent:
900 1062 1013 1106 eorum
1036 1065 1073 1108 se

91 1144 245 1208 beneficio
262 1147 381 1208 vivere.
406 1145 534 1208 Deinde
550 1146 753 1229 imperatoris
775 1145 875 1209 fidem
897 1156 1072 1230 quaerunt,

90 1258 219 1313 rectene
242 1271 276 1312 se
299 1247 342 1312 illi
365 1250 428 1312 sint
451 1249 660 1329 commissuri,
684 1255 717 1311 et
732 1247 819 1333 quod
834 1269 898 1311 non
921 1247 963 1312 ab
979 1250 1073 1314 initio

89 1353 224 1416 fecerint
244 1373 399 1435 armaque
423 1374 496 1415 cum
518 1350 700 1416 hominibus
730 1353 917 1416 necessariis
941 1361 974 1416 et
996 1375 1072 1418 con-

67 1457 272 1542 asanguineis
296 1455 497 1538 contulerint,
521 1464 709 1540 queruntur.
744 1457 805 1520 His
821 1458 989 1542 provocati
1004 1479 1070 1524 ser-

89 1559 236 1624 monibus
252 1559 351 1624 lidem
367 1559 408 1622 ab
424 1561 618 1643 imperatore
635 1559 676 1623 de
691 1561 810 1624 Petreii
826 1569 923 1646 atque
939 1560 1071 1628 Afranii

88 1668 156 1730 vita
183 1675 311 1750 petunt,
346 1687 386 1728 nc
417 1663 503 1748 quod
531 1665 564 1727 iu
593 1686 627 1727 se
655 1663 758 1728 scelus
786 1666 970 1751 concepisse
1004 1688 1071 1733 neu

89 1792 162 1834 suos
181 1769 359 1854 prodidisse
381 1767 563 1832 videantur.
600 1767 727 1849 Quibus
750 1769 946 1833 confirmatis
968 1770 1069 1837 rebus

89 1895 123 1936 se
153 1875 260 1938 statim
289 1875 381 1957 signa
409 1873 619 1937 translaturos
655 1874 847 1937 confirmant
879 1872 1069 1961 legatosque

89 1976 129 2041 de
146 2000 224 2062 pace
241 1980 416 2063 primorum
438 1978 586 2042 ordinum
609 1979 812 2043 centuriones
835 1977 877 2043 ad
891 1976 1069 2045 Gaesarem

66 2083 228 2144 imittunt.
273 2081 407 2145 interim
430 2080 482 2145 alii
505 2103 579 2145 suos
601 2081 634 2144 in
657 2090 764 2145 eastra
785 2080 944 2145 invitandi
967 2102 1069 2147 causa

88 2184 263 2267 adducunt,
287 2185 339 2249 alii
347 2183 396 2249 xab
413 2187 477 2249 suis
493 2184 707 2266 abducuntur,
731 2184 812 2249 adeo
828 2193 864 2249 ut
879 2207 944 2249 una
959 2196 1069 2251 castra

87 2290 151 2352 iam
174 2289 259 2352 facta
282 2311 325 2352 ex
346 2287 429 2352 binis
451 2286 654 2370 viderentur3
679 2287 923 2373 compluresque
944 2288 1068 2359 tribuni

87 2393 222 2457 militum
252 2402 283 2457 ct
312 2394 514 2457 centuriones
542 2390 584 2456 ad
607 2390 781 2456 Caesarem
802 2394 937 2456 veniunt
966 2414 1067 2479 seque

65 2500 115 2561 aei
139 2497 374 2561 couunendant.
420 2495 513 2560 Idem
539 2495 600 2560 hoc
628 2496 706 2560 fita
729 2495 926 2582 principibus
949 2497 1066 2584 Hispa·

87 2605 169 2683 niae,
193 2624 273 2685 quos
289 2608 506 2666 evocaverant
529 2609 561 2664 et
583 2621 693 2664 secum
714 2601 747 2663 in
771 2601 884 2665 eastris
899 2600 1067 2667 habebant

88 2705 236 2769 obsidum
269 2704 346 2769 loco.
392 2706 435 2768 Hi
467 2727 540 2768 suos
575 2711 666 2768 notos
696 2703 902 2790 hospitesque
932 2725 1065 2790 quaere-

87 2807 180 2889 bant,
209 2831 266 2893 per
295 2831 391 2894 quem
414 2811 549 2894 quisque
576 2830 687 2873 eorum
716 2807 840 2873 aditum
862 2808 1064 2874 commenda·

65 2914 181 2974 ationis
214 2913 350 2977 haberet
384 2913 427 2977 ad
455 2912 637 2978 Caesarem.
688 2910 816 2977 Afranii
849 2915 947 2977 etiam
979 2912 1064 2979 filius

87 3013 274 3079 adulescens
303 3015 343 3079 de
373 3039 430 3080 sua
459 3039 497 3080 ac
524 3017 665 3101 parentis
693 3018 741 3080 sui
764 3015 865 3081 salute
888 3038 963 3081 cum
984 3015 1064 3081 (lae-

64 3135 158 3184 tsare
187 3141 245 3203 per
275 3119 451 3204 Sulpicium
478 3120 620 3204 legatum
653 3120 780 3205 agebat.
830 3121 935 3184 Erant
967 3118 1064 3206 plena

86 3223 206 3287 laetitia
240 3232 271 3286 ct
304 3223 517 3308 gratulatione
551 3226 671 3306 omnia,
711 3246 837 3308 eorum,
877 3225 933 3309 qui
971 3232 1063 3300 tanta

86 3325 228 3412 pericula
251 3329 385 3409 vitasse,
419 3337 451 3391 et
479 3348 605 3409 eorum,
630 3330 684 3412 qui
708 3330 775 3392 sine
798 3328 931 3392 vulnere
954 3334 1062 3392 tantas

84 3453 136 3495 res
157 3430 330 3494 confecisse
352 3428 557 3511 videbantur,
580 3451 798 3515 magnumque
820 3431 961 3494 fructum
983 3449 1061 3495 suae
