2376 3924
151 197 212 262 182
427 248 430 255 ,
449 195 498 243 DE
517 193 637 244 BELLO
658 193 818 243 Gannico

149 410 212 474 quo
236 395 371 452 nostros
393 394 529 472 postero
555 383 609 449 die
636 383 836 470 pabulatum
858 392 1018 451 venturos
1035 385 1128 451 arbi·

127 499 305 556 atraretur.
323 489 453 571 Quibus
470 489 570 555 rebus
587 491 735 574 cognitis
751 489 863 556 media
876 498 975 555 nocte
989 489 1128 556 silentio

127 614 140 653 a
148 596 317 684 profectus
341 594 386 660 ad
414 593 560 659 hostium
593 602 708 659 castra
736 615 835 658 mane
862 595 1026 678 pervenit.
1071 594 1129 660 Illi

70 724 73 729 ’
149 701 306 766 celeriter
321 723 381 787 per
397 698 629 784 exploratores
646 698 796 763 adventu
812 695 971 763 Caesaris
988 701 1128 782 cognito

150 827 266 871 carros
290 803 597 889 impedimentaque
615 824 675 867 sua
693 803 727 867 in
744 803 888 867 artiores
906 802 1012 869 silvas
1029 801 1128 867 abdi-

152 909 282 992 derunt,
306 910 421 994 copias
438 929 552 972 omnes
575 908 610 970 in
626 906 699 972 loco
717 906 808 972 edito
825 916 927 992 atque
943 915 1061 992 aperto
1078 909 1128 972 in-

128 1030 141 1069 ⁴
151 1021 359 1079 struxerunt.
369 1009 443 1092 Qua
452 1035 487 1076 re
496 1012 656 1077 nuntiata
664 1009 792 1076 Caesar
804 1010 961 1078 celeriter
973 1013 1129 1077 sarcinas

151 1118 308 1199 conferri,
332 1139 426 1182 arma
450 1116 604 1202 expediri
626 1117 736 1182 iussit.

256 1220 305 1285 19.
319 1219 424 1286 Collis
442 1229 515 1286 crat
531 1219 653 1286 leniter
669 1220 713 1286 ab
730 1221 842 1287 infimo
859 1221 1010 1288 acclivis.
1027 1222 1129 1288 Hunc

152 1350 195 1391 ex
218 1324 371 1390 omnibus
395 1325 464 1390 fere
487 1324 641 1410 partibus
663 1324 761 1412 palus
786 1325 936 1390 difficilis
951 1336 1053 1412 atque
1069 1328 1129 1392 im·

151 1429 267 1515 pedite
291 1428 452 1514 cingebat
476 1452 544 1495 non
573 1428 676 1494 latior
697 1428 840 1514 pedibus
871 1431 1130 1515 quinquaginta.

130 1533 226 1598 2H00
251 1556 286 1599 se
310 1533 397 1600 colle
421 1535 620 1619 interruptis
636 1533 795 1619 pontibus
813 1531 906 1598 Galli
920 1534 1046 1599 fiducia
1061 1533 1130 1602 loci

153 1638 373 1704 continebant
408 1639 660 1724 generatimque
696 1636 870 1703 distributi
905 1639 940 1702 in
969 1639 1130 1704 civitates

154 1745 265 1807 omnia
288 1742 378 1808 vada
403 1744 474 1807 eius
498 1741 632 1828 paludis
656 1764 697 1808 ac
723 1740 831 1806 saltus
856 1741 1056 1808 obtinebant
1080 1746 1131 1808 sic

154 1848 265 1911 animo
289 1848 412 1932 parati,
436 1855 483 1930 ut,
501 1848 530 1911 si
547 1868 619 1911 eam
643 1844 801 1931 paludem
823 1846 966 1911 Romani
981 1869 1131 1932 perrum-

153 1973 233 2036 pere
256 1960 469 2034 conarentur,
492 1950 705 2015 haesitantes
722 1960 910 2036 premerent
927 1975 970 2016 ex
985 1951 1060 2016 loco
1076 1973 1131 2017 su-

132 2057 294 2142 ³peri0re,
311 2065 358 2138 ut,
375 2057 431 2142 qui
446 2056 733 2141 propinquitatem
753 2052 819 2119 loci
834 2054 976 2138 videret,
992 2066 1132 2142 paratos

154 2182 258 2247 prope
293 2181 399 2245 aequo
434 2159 545 2224 Marte
574 2159 619 2224 ad
650 2157 878 2224 dimicandum
907 2161 1131 2245 existimaret,

156 2265 212 2350 qui
228 2265 442 2350 iniquitatem
458 2262 670 2330 condicionis
686 2265 903 2348 perspiceret,
919 2264 1013 2328 inani
1031 2265 1132 2329 simu-

133 2369 320 2461 thlatione
343 2390 418 2434 sese
442 2377 615 2433 ostentare
638 2376 869 2452 cognosceret.
907 2367 1132 2451 Indignantes

156 2474 280 2540 milites
306 2472 443 2556 Caesar,
467 2471 558 2558 quod
573 2480 792 2557 conspectum
815 2493 909 2536 suum
926 2472 1041 2537 hostes
1057 2496 1131 2559 per·

156 2581 243 2645 ferre
265 2585 402 2663 possent
427 2575 557 2641 tantulo
583 2578 692 2662 spatio
716 2576 905 2659 interiecto,
936 2586 969 2642 et
999 2577 1132 2660 signum

155 2681 275 2769 proelii
300 2690 520 2769 exposcentes
552 2680 681 2763 edocet,
711 2690 836 2765 quanto
868 2679 1069 2745 detrimento
1099 2691 1133 2746 et

157 2795 237 2872 quot
260 2787 409 2850 virorum
431 2784 568 2850 fortium
596 2794 703 2850 morte
732 2807 870 2852 necesse
900 2787 945 2851 sit
974 2794 1133 2852 constare

52 2951 57 2959 .
134 2891 351 2972 evictoriam3
374 2912 455 2976 quos
480 2911 556 2954 oum
580 2891 628 2955 sic
659 2891 770 2955 animo
793 2899 932 2975 paratos
953 2889 1080 2974 videat,
1095 2900 1133 2956 ut

157 2992 284 3057 nullum
307 3015 367 3078 pro
392 3016 453 3058 sua
475 2992 577 3058 laude
599 2994 785 3079 periculum
801 3003 968 3075 recusent,
985 3016 1133 3060 summae

106 3143 108 3146 >
159 3121 194 3162 se
217 3099 406 3183 iniquitatis
430 3097 648 3162 condemnari
666 3097 799 3182 debere,
815 3100 883 3163 nisi
899 3120 1012 3163 eorum
1027 3099 1133 3164 vitam

136 3221 221 3266 esua
244 3200 354 3266 salute
378 3199 503 3265 habeat
526 3202 701 3266 cariorem.
725 3200 780 3266 Sic
796 3201 921 3267 milites
938 3200 1133 3268 consolatus

161 3304 277 3370 eodem
302 3304 356 3369 die
378 3303 510 3369 reducit
534 3305 569 3368 in
592 3313 707 3369 castra
736 3303 943 3391 reliquaque,
973 3327 1059 3391 quaa
1089 3306 1135 3373 ad

160 3411 444 3497 oppugnationem
480 3408 696 3495 pertinebant
735 3411 859 3495 oppidi,
895 3410 1135 3476 administrare

80 3518 87 3534 “
160 3516 319 3579 instituit.
