2376 3924
496 206 573 259 cnr.
591 208 703 261 aa-ar.
1020 209 1085 275 315

192 400 243 464 33.
268 397 390 464 Caesar
413 420 456 461 ex
472 397 592 484 proelio
610 396 740 460 Munda
757 400 936 463 munitione
952 402 1085 465 circum-

108 505 185 569 data
208 500 395 569 Cordubam
417 503 515 566 venit.
551 502 617 584 Qui
639 523 682 566 ex
705 501 804 567 caede
827 524 865 566 eo
887 502 1085 588 refugerant,

109 616 239 693 pontem
263 614 472 691 occuparunt.
518 605 601 671 Cum
630 628 667 670 eo
698 615 833 670 ventum
856 616 955 690 esset,
979 610 1108 677 couvi-r

109 713 187 776 ciari
215 719 406 797 coeperunt:
439 732 497 774 nos
526 731 569 773 ex
598 709 718 796 proelio
747 731 866 795 pancos
900 732 1085 796 superesse3

108 838 171 902 quo
204 813 412 899 fugeremus?
455 812 508 878 Ita
536 834 683 898 pugnare
711 821 887 898 coeperunt
909 812 950 876 de
979 822 1086 898 ponte.

110 917 232 984 Caesar
264 919 386 982 flumen
418 918 546 982 traiecit
574 925 607 981 et
636 924 744 980 castra
777 919 891 1002 posuit.
937 916 1108 1003 Scapulae

110 1025 207 1088 totins
230 1022 410 1103 seditionis,
440 1019 580 1085 familiae
603 1028 636 1083 et
657 1018 880 1084 libertinorum
903 1029 1013 1106 caput,
1045 1043 1089 1086 ex

110 1125 229 1213 proelio
252 1124 441 1190 Cordubam
463 1145 537 1188 cum
559 1125 710 1207 venisset,
734 1123 888 1188 familiam
903 1132 936 1188 et
956 1123 1087 1189 libertos

111 1231 318 1311 convocavit,
353 1250 469 1315 pyram
503 1226 564 1292 sibi
597 1229 776 1310 exstruxit,
811 1250 945 1292 coenam
979 1229 1108 1295 afferrir

111 1355 209 1418 quam
225 1335 378 1418 optimam
401 1333 582 1417 imperavit,
606 1333 684 1395 item
701 1332 827 1416 optimis
843 1331 1088 1396 insternendum

111 1438 326 1519 vestimentis;
365 1437 535 1521 pecuniam
569 1442 601 1498 et
634 1444 805 1520 argentum
838 1436 871 1498 in
904 1437 1088 1519 praesentia

111 1539 251 1604 familiae
274 1539 416 1604 donavit.
463 1538 536 1623 lpse
553 1537 593 1601 de
610 1546 754 1622 tempore
778 1559 923 1620 coenare,
947 1539 1110 1605 resinams

111 1653 144 1708 et
176 1642 316 1708 nardum
348 1641 524 1706 identidem
553 1639 613 1705 sibi
641 1640 791 1704 infundit.
836 1641 887 1704 lta
913 1643 1088 1706 novissimo

112 1757 257 1834 tempore
280 1769 411 1812 servum
432 1747 524 1810 iussit
551 1754 584 1809 et
606 1743 773 1826 libertum,
802 1747 858 1828 qui
886 1745 999 1809 fuisset
1020 1748 1088 1810 eius

112 1850 321 1934 concubinus,
344 1850 482 1915 alterum
504 1871 538 1914 se
560 1848 723 1934 iugulare,
747 1847 884 1913 alterum
905 1871 1022 1934 pyram
1044 1852 1089 1915 in-

112 1955 260 2022 cendere.

199 2058 250 2123 34.
276 2059 439 2147 Oppidani
455 2066 574 2141 autem,
597 2057 692 2122 simul
703 2055 825 2123 Caesar
848 2067 955 2122 castra
978 2068 1092 2123 contra

114 2163 267 2250 oppidum
290 2165 410 2249 posuit,
439 2161 625 2227 discordare
648 2170 841 2246 coeperunt,
869 2182 972 2246 usqne
994 2183 1032 2226 eo
1055 2170 1092 2227 ut

114 2268 234 2332 clamor
256 2269 289 2331 in
312 2275 420 2330 castra
448 2275 558 2330 nostra
586 2266 772 2350 perveniret
798 2260 879 2350 [fere
905 2266 990 2329 inter
1013 2262 1090 2329 Cae-

114 2374 258 2435 sarianos
286 2378 319 2433 et
341 2372 424 2433 inter
446 2365 679 2454 Pompeianos].
725 2369 830 2434 Erant
858 2369 911 2434 hic
937 2367 1112 2454 legiones,2

115 2496 199 2560 quae
222 2495 265 2537 ex
287 2472 431 2558 perfugis
459 2474 674 2558 conscriptae,
708 2473 827 2558 partim
856 2473 1091 2558 oppidanorum

115 2578 217 2661 servi,
252 2578 307 2662 qui
330 2584 424 2640 erant
446 2599 465 2639 a
488 2577 588 2642 Sexto
617 2576 770 2661 Pompeio
797 2579 1001 2662 manumissi3
1037 2583 1092 2665 qui

115 2684 148 2746 in
182 2679 332 2745 Caesaris
366 2679 511 2744 adventu
544 2679 712 2745 discedere
746 2689 931 2765 coeperunt.
988 2684 1113 2770 Legios

114 2801 192 2851 XIII.
222 2782 377 2868 oppidum
410 2782 586 2848 defendere
620 2785 739 2868 coepit,
774 2786 887 2849 etenim
921 2808 995 2851 eum
1027 2789 1093 2853 iam

115 2887 351 2974 depugnarent,
375 2894 480 2951 turres
504 2909 546 2949 ex
569 2895 661 2971 parte
683 2896 715 2950 et
738 2909 867 2952 murum
883 2900 1092 2976 occuparunt.

115 2992 265 3076 Denique
299 2989 422 3074 legatos
456 2989 498 3054 od
521 2988 696 3055 Caesarem
718 2993 862 3075 mittunt,
897 3002 934 3057 ut
961 2993 1022 3058 sibi
1052 2993 1114 3058 lca

116 3097 228 3179 giones
246 3093 389 3159 subsidio
412 3096 648 3158 intromitteret.
701 3077 776 3159 Hoc¹
796 3118 870 3160 cum
892 3097 1093 3162 animadver-

116 3207 222 3263 terent
250 3198 395 3263 homines
423 3197 567 3282 fugitivi,
602 3197 755 3283 oppidum
783 3197 955 3263 incendere
983 3223 1093 3285 coepe-

116 3311 202 3367 runt.
241 3302 306 3384 Qui
322 3303 465 3385 superati
481 3324 500 3363 a
516 3303 634 3366 nostris
657 3310 732 3366 sunt
752 3302 913 3366 interfecti
927 3302 1094 3368 hominum

116 3405 204 3470 milia
225 3423 311 3488 xxu,
334 3414 564 3491 praeterquam
587 3413 681 3470 extra
702 3427 832 3469 murum
848 3407 902 3490 qui
917 3408 1093 3491 perierunt.

116 3509 168 3573 Ita
190 3506 312 3574 Caesar
342 3507 459 3593 oppido
487 3510 617 3592 potitur.
655 3509 745 3572 Dum
766 3505 819 3570 hic
842 3506 1014 3589 detinetur,
1045 3526 1114 3574 exo
