2376 3924
131 248 192 314 228
467 250 576 299 sunm
597 249 766 301 nunrolru

130 450 203 505 a
227 440 355 524 Clupeis
383 440 562 505 secundm
590 463 679 505 oram
707 443 900 506 maritimam
923 465 998 508 cum
1021 447 1114 530 equi·

130 541 462 630 tatulAdrumetum]
484 543 542 608 Cn
566 546 640 610 Piso
664 567 737 610 cum
759 546 950 611 Maurorum
978 549 1157 614 circiter

111 649 233 714 ²tribus
266 648 394 713 milibus
428 652 591 735 apparuit;
632 650 676 715 ibi
704 651 865 738 paulisper
888 651 1010 717 Caesar
1033 662 1113 718 ante

131 762 259 838 portum
287 761 512 836 commoratus,
548 754 626 818 dum
654 754 796 840 reliquae
829 777 930 820 naves
959 759 1114 821 conveni·

130 865 212 937 rent,
247 859 380 942 exponit
412 859 601 941 exereitum,
640 860 730 923 cuius
763 881 916 923 numerus
949 862 983 924 in
1016 883 1114 946 prae-

132 962 234 1024 sentia
264 961 324 1024 fuit
353 961 497 1046 peditum
519 980 559 1026 111
581 961 677 1045 milia,
706 965 830 1047 equites
853 979 905 1045 οι,
929 966 1114 1050 castrisque

132 1073 206 1128 ante
241 1063 393 1151 oppidum
428 1067 537 1150 positis
571 1068 639 1130 sine
672 1068 788 1130 iniuria
822 1068 1012 1151 cuiusquam
1037 1090 1113 1133 con-

111 1167 214 1231 ssedit
236 1167 428 1254 cohibetque
452 1191 562 1233 omnes
585 1193 604 1232 a
627 1169 758 1255 praeda.
794 1169 957 1255 Oppidani
978 1172 1114 1237 interim

130 1294 239 1336 muros
273 1276 404 1337 armatis
439 1272 608 1358 complent,
653 1282 728 1338 aute
762 1282 888 1358 portam
921 1273 1114 1359 frequentes

131 1376 302 1441 considunt
335 1377 377 1442 ad
411 1399 445 1440 sc
478 1377 736 1461 defendendum5
782 1398 919 1462 quorum
952 1400 1113 1444 numerus

106 1481 269 1546 aduarum
296 1481 458 1567 legionum
486 1484 587 1546 instar
610 1490 688 1546 erat.
735 1480 855 1546 Caesar
877 1482 1000 1546 circum
1023 1485 1116 1569 oppi-

130 1586 208 1650 dum
235 1595 348 1650 vectus
376 1595 493 1651 natura
519 1586 579 1651 loci
607 1594 777 1671 perspecta
805 1585 901 1650 rediit
928 1587 961 1649 in
989 1595 1112 1652 castra.

130 1692 298 1755 Nonnemo
328 1690 440 1776 culpae
475 1693 543 1755 eius
576 1689 877 1776 imprudentiaeque
910 1689 1113 1775 assiguabat,

131 1795 217 1879 quod
239 1816 345 1880 neque
373 1804 497 1859 certum
527 1794 632 1858 locum
660 1791 932 1878 gubernatoribus
965 1793 1113 1878 praefec-

129 1901 244 1982 tisque,
269 1920 365 1983 quem
388 1906 544 1983 peterent,
573 1906 793 1983 praeceperat,
822 1918 938 1981 neque,
960 1906 998 1961 ut
1019 1919 1113 1963 more

130 2003 229 2088 ipsius
264 2001 462 2066 consuetudo
500 2000 718 2169 superioribus
755 2000 955 2087 temporibus
991 2001 1112 2086 fuerat,

130 2103 311 2169 tabellas
287 2115 394 2191 signat
395 2127 430 2169 as
381 2104 644 2185 ttdedera,u
621 2107 705 2169 utin
720 2112 865 2190 tempore
888 2103 937 2168 his
961 2104 1114 2190 perlectis

109 2206 236 2274 slocum
258 2218 381 2275 certum
403 2219 552 2296 peterent
574 2211 725 2273 universi.
758 2208 855 2292 Quod
877 2210 1009 2274 minime
1031 2209 1114 2275 Cae-

134 2339 240 2382 sarem
277 2315 444 2380 fefellerat.
490 2315 639 2398 Namque
677 2312 799 2376 nullum
836 2321 965 2398 portum
1001 2322 1114 2379 terrae

7 2421 11 2433 '
131 2420 273 2503 Africae,
307 2442 370 2505 quo
393 2419 511 2484 classes
534 2418 755 2499 decurrerent,
790 2438 849 2502 pro
882 2425 970 2482 certo
1004 2412 1115 2484 tutum

132 2525 174 2590 ab
197 2525 336 2589 hostium
359 2522 520 2610 praesidio
542 2522 611 2586 fore
634 2519 869 2606 suspicabatur,
898 2518 956 2585 sed
978 2521 1115 2588 fortuito

134 2629 275 2694 oblatam
299 2630 499 2693 occasionem
522 2647 671 2712 egressus
694 2623 927 2711 aucupabatur.

219 2733 248 2795 4.
273 2732 312 2796 L.
336 2731 475 2796 Plancus
503 2731 632 2794 interim
659 2728 784 2814 legatus
814 2730 894 2814 petit
916 2751 936 2790 a
958 2725 1114 2812 Caesare,

133 2838 181 2900 uti
210 2835 271 2899 sibi
300 2835 393 2900 daret
426 2843 618 2922 potestatem
652 2855 726 2897 cum
748 2831 899 2896 Considio
932 2829 1063 2915 agendi,
1085 2834 1117 2897 si

115 2948 243 3024 2posset
266 2938 372 3023 aliqua
395 2941 519 3003 ratione
548 2937 682 3023 perduci
705 2936 747 3001 ad
770 2938 949 3000 sanitatem.
995 2935 1116 3021 Itaque

136 3043 214 3106 data
236 3040 388 3105 facultate
411 3040 533 3104 litteras
563 3039 736 3106 conscribit
759 3048 791 3104 et
813 3061 868 3104 eas
897 3039 1026 3124 captivo
1054 3038 1117 3105 dat

114 3144 346 3233 rperferendas
369 3147 401 3208 in
425 3144 578 3230 oppidum
601 3144 644 3209 ad
667 3143 863 3209 Considium.
909 3143 983 3224 Quo
1005 3142 1115 3207 simul-

136 3261 234 3336 atque
279 3251 425 3335 captivus
463 3245 559 3335 [cum]
596 3250 797 3334 pervenisset
844 3246 1042 3330 litterasque,
1075 3255 1116 3312 ut

137 3363 207 3419 crat
228 3353 429 3435 mandatum,
460 3351 610 3417 Considio
633 3354 798 3436 porrigere
821 3351 987 3436 coepisset,
1011 3351 1117 3436 prius·

137 3480 236 3543 quam
269 3459 431 3543 acciperet
462 3455 524 3539 ille,
562 3448 676 3537 ‘unde’,
713 3455 826 3539 inquit,
857 3448 981 3518 ‘istasl’
1027 3453 1119 3521 Tum

116 3564 301 3646 scaptivus:
331 3558 540 3646 ‘imperatore
562 3583 582 3624 a
605 3557 764 3624 Caesare’.
810 3559 904 3623 Tunc
931 3554 1118 3643 Considius,
