2376 3924
364 221 475 270 mssa
495 218 553 284 vu,
574 220 651 272 our.
670 223 746 272 s-s.
982 225 1044 288 175

150 409 180 474 7.
195 411 334 475 Interim
342 410 521 476 Lucterius
529 409 704 477 Cadurcus
718 414 753 477 in
761 413 909 479 Rutenos
921 416 1044 481 missus

61 537 138 581 eam
154 516 331 580 civitatem
346 512 509 581 Arvernis
524 514 696 582 conciliat.
719 517 920 600 Progressus
938 520 972 583 in
988 519 1067 586 Nic

60 617 228 702 tiobriges
258 627 291 684 et
316 616 467 684 Gabalos
503 618 546 685 ab
580 621 731 705 utrisque
760 619 893 686 obsides
918 623 1044 708 accipit

62 730 95 786 et
119 742 245 805 magna
273 732 394 788 coacta
422 744 525 787 manu
554 725 589 787 in
618 725 829 809 provinciam
852 724 1045 791 Narbonem

61 848 181 890 versus
195 828 402 913 eruptionem
415 827 527 891 facere
540 827 726 892 contendit.
751 825 825 908 Qua
838 830 1066 894 renuntiatae

63 927 191 994 Caesar
204 929 358 995 omnibus
372 929 522 995 consiliis
537 918 815 996 antevertendum
824 933 1044 1013 existimavit,

62 1043 99 1098 ut
115 1034 309 1100 Narbonem
331 1035 611 1120 proficisceretur.
647 1034 696 1100 Eo
721 1057 797 1100 cum
819 1036 979 1120 venisset,
1002 1038 1067 1101 ti·4

63 1148 192 1204 mentes
208 1139 395 1223 confirmat,
417 1139 590 1224 praesidia
614 1141 649 1204 in
664 1140 804 1205 Rutenis
827 1141 1042 1225 provinciali·

64 1240 137 1325 bus,
153 1241 271 1308 Volcis
284 1241 502 1324 Arecomicis,
520 1241 736 1308 Tolosatibus
756 1244 949 1329 circumque
960 1245 1044 1309 Nar-

63 1344 194 1430 bonem,
213 1367 299 1431 quae
318 1345 394 1410 loca
406 1344 561 1410 hostibus
576 1355 674 1411 erant
685 1347 838 1429 finitima,
856 1348 1043 1430 constituit,

64 1457 195 1534 partem
218 1450 391 1534 copiarum
421 1464 465 1514 ex
494 1451 670 1536 provincia
700 1449 1067 1538 supplementumque‚⁵

66 1551 156 1638 quod
181 1575 224 1618 ex
239 1553 340 1619 Italia
358 1554 559 1632 adduxerat,
584 1556 618 1619 in
635 1553 785 1636 Helvios,
810 1555 866 1639 qui
882 1553 965 1618 fines
981 1554 1044 1619 Ar·

64 1678 243 1722 vernorum
266 1659 478 1742 contingunt,
502 1659 682 1722 convenire
704 1655 808 1722 iubet.

152 1760 182 1823 8.
205 1760 268 1827 His
283 1761 383 1827 rebus
401 1763 606 1847 comparatis
630 1784 783 1848 represso
799 1763 868 1825 iam
883 1761 1044 1828 Lucterio

65 1872 100 1926 et
122 1872 258 1948 remoto,
282 1865 372 1950 quod
388 1866 514 1930 intrare
536 1867 626 1929 intra
638 1864 810 1950 praesidia
821 1864 1044 1950 periculosum

64 1966 218 2051 putabat,
232 1969 266 2033 in
275 1968 416 2035 Helvios
429 1969 664 2054 proficiscitur.
680 1969 756 2033 Etsi
768 1991 862 2034 mons
873 1967 1066 2055 Cevennar

64 2071 299 2158 quiArvernos
313 2071 358 2137 ab
371 2071 503 2136 Helviis
519 2071 690 2156 discludit,
704 2072 883 2137 durissimo
897 2083 1045 2158 tempore

65 2178 145 2240 anni
162 2175 330 2242 altissima
345 2179 423 2242 nive
438 2177 505 2242 iter
519 2177 736 2264 impediebat,
759 2189 873 2242 tamen
891 2178 1044 2244 discussa

63 2282 142 2345 nive
155 2303 216 2346 sex
228 2281 261 2346 in
271 2280 616 2368 altitudinempedum
624 2292 726 2368 atque
734 2284 781 2347 ita
789 2283 854 2346 viis
862 2283 1043 2367 patefactis

64 2406 191 2449 summo
205 2384 348 2449 militum
363 2385 484 2450 sudore
494 2385 539 2450 ad
550 2386 633 2451 fines
643 2385 1044 2471 Arvernorumpervenit.

65 2486 194 2568 Quibus
212 2490 381 2574 oppressis
398 2488 663 2574 inopinantibus,
681 2488 769 2573 quod
787 2511 822 2553 se
835 2488 994 2555 Cevenna
1007 2497 1065 2554 ute

63 2613 156 2656 muro
172 2593 319 2658 munitos
337 2592 591 2676 existimabant,
608 2615 648 2658 ac
665 2616 707 2658 ne
725 2592 892 2676 singulari
910 2592 1044 2678 quidem

63 2716 220 2780 umquam
235 2695 360 2761 homini
378 2719 416 2762 eo
428 2706 578 2782 tempore
593 2698 674 2762 anni
691 2699 831 2762 semitae
854 2705 1043 2782 patuerant,

64 2798 233 2885 equitibus
247 2801 399 2886 imperat,
408 2809 444 2866 ut
453 2823 553 2887 quam
565 2801 869 2887 latissimepossint
876 2809 1045 2884 vagentur

65 2912 97 2968 et
114 2924 214 2990 quam
228 2905 411 2970 maximum
428 2905 580 2972 hostibus
592 2916 756 2971 terrorem
769 2905 926 2971 inserant.
951 2902 1067 2969 (lule-4

63 3008 147 3073 riter
170 3007 255 3072 haec
271 3000 361 3075 fama
378 3031 418 3074 ac
435 3011 563 3074 nuntiis
580 3009 625 3074 ad
640 3010 954 3094 Vercingetorigem
970 3033 1044 3096 per·

62 3112 231 3197 feruntur;
246 3134 343 3198 quem
351 3115 522 3199 perterriti
531 3112 1046 3180 omnesArvernicircumsistunt

64 3224 167 3302 atque
183 3215 374 3301 obsecrant,
389 3225 427 3281 ut
443 3218 513 3282 suis
525 3216 669 3282 fortunis
683 3217 850 3301 consulat,
866 3241 932 3283 neu
948 3241 984 3282 se
1000 3217 1043 3283 ab

63 3319 218 3385 hostibus
228 3319 329 3405 diripi
339 3321 499 3406 patiatur,
515 3323 715 3407 praesertim
728 3343 804 3386 cum
817 3321 933 3387 videat
948 3343 1044 3387 omne

66 3423 111 3488 ad
132 3445 169 3488 se
184 3422 309 3489 bellum
325 3423 538 3490 translatum.
563 3424 711 3506 Quorum
727 3425 785 3490 ille
800 3422 955 3510 precibus
971 3441 1066 3509 per-⁵

66 3534 296 3594 motuscastra
309 3551 350 3594 ex
358 3528 571 3613 Biturigibus
579 3538 691 3594 movet
699 3528 1045 3594 inArvernosversus.

1165 3534 1169 3561 l
