2376 3924
406 178 517 228 uranu
536 178 594 242 vu,
615 178 692 228 one.
711 179 804 228 9-11.
1024 179 1084 243 177

106 368 303 436 voluntates
327 366 486 433 alienare.
521 368 641 454 Itaque
663 368 859 434 cohortatus
882 366 1019 435 Aeduos
1044 369 1107 441 des

105 470 337 557 supportando
362 479 551 536 commeatu
565 471 756 556 praemittit
779 471 823 537 ad
838 471 952 556 Boios,
970 475 1025 560 qui
1043 473 1085 539 de

105 597 166 640 suo
175 574 324 639 adventu
337 574 483 640 doceant
494 574 746 661 hortenturque,
762 584 799 640 ut
809 576 916 642 infide
925 586 1084 642 maneant

105 689 209 764 atque
231 678 378 744 hostium
402 679 561 764 impetum
588 699 712 763 magno
742 681 852 745 animo
884 682 1084 746 sustineant.

103 781 248 848 Duabus
262 781 431 866 Agedinci
443 780 634 865 legionibus
648 792 748 868 atque
770 783 1017 869 impedimentis
1034 793 1106 849 to·4

62 907 65 912 ·
103 888 172 952 tius
197 887 367 951 exercitus
391 883 520 951 relictis
545 884 590 949 ad
612 884 714 950 Boios
737 885 973 972 proficiscitur.

209 988 260 1053 11.
284 987 401 1054 Altero
420 987 474 1052 die
489 1009 565 1053 cum
583 987 628 1053 ad
644 988 802 1075 oppidum
818 988 987 1056 Senonum
1003 990 1080 1056 Vel-

103 1092 334 1159 launodunum
357 1093 517 1175 venisset,
542 1115 702 1178 nequem
726 1103 802 1179 post
826 1117 862 1158 se
877 1094 1007 1160 hostem
1031 1118 1080 1159 re·

102 1195 281 1282 linqueret,
305 1217 368 1283 quo
387 1195 596 1282 expeditiore
618 1219 655 1261 re
677 1196 897 1263 frumentaria
920 1207 1081 1283 uteretur,

103 1321 299 1387 oppugnare
306 1300 454 1365 instituit
462 1298 562 1385 idque
569 1298 671 1364 biduo
680 1300 967 1386 circumvallavit;
979 1303 1079 1368 tertio
1091 1318 1103 1357 2

104 1406 158 1471 die
173 1407 287 1471 missis
304 1420 346 1470 ex
363 1404 485 1490 oppido
502 1403 626 1488 legatis
645 1403 687 1468 de
704 1404 875 1470 deditione
892 1427 985 1470 arma
1003 1426 1080 1471 con·

101 1511 192 1596 ferri,
211 1512 360 1575 iumenta
379 1508 529 1594 produci,
548 1517 719 1574 sescentos
737 1508 871 1575 obsides
889 1509 964 1574 dari
977 1508 1080 1574 iubet.

100 1613 152 1679 Ea
176 1615 233 1700 qui
256 1612 448 1696 conficeret,
465 1609 502 1676 Ο.
519 1609 724 1677 Trebonium
740 1611 891 1695 legatum
907 1613 1100 1699 relinquit.³

100 1719 178 1804 Ipse
202 1713 249 1804 [ut
273 1717 537 1804 quamprimum
561 1717 626 1781 iter
640 1715 778 1800 iaceret]
804 1715 980 1782 Genabum
996 1715 1077 1782 Oar-

101 1829 218 1886 nutum
239 1821 482 1906 proficiscitur,
505 1821 562 1906 qui
586 1829 656 1885 tum
678 1821 820 1905 primum
836 1819 942 1886 allato
958 1823 1091 1886 nuntios

103 1925 144 1990 de
167 1926 418 2012 oppugnatione
447 1924 710 2003 Vellaunoduni‚
734 1946 810 1992 cum
839 1925 974 2008 longius
1004 1947 1078 1990 eam

101 2051 171 2093 rem
194 2028 332 2095 ductum
359 2028 400 2093 iri
431 2027 676 2112 existimarent,
706 2028 912 2114 praesidium
945 2026 1079 2094 Genabi

99 2131 218 2197 tuendi
230 2153 347 2216 cansa,
367 2130 457 2219 quod
469 2152 507 2197 eo
524 2133 707 2215 mitterent,
729 2131 984 2218 comparabant.
1000 2133 1100 2198 Huo⁵

98 2234 202 2302 biduo
225 2237 391 2322 pervenit.
415 2233 547 2302 Castris
571 2245 651 2301 ante
674 2236 833 2322 oppidum
855 2237 986 2323 positis,
1011 2236 1078 2301 diei

99 2347 249 2424 tempore
266 2339 424 2405 exclusus
441 2340 475 2405 in
487 2348 657 2425 posterum
670 2341 953 2426 oppugnationem
967 2339 1078 2406 differt

101 2465 253 2530 quaeque
275 2443 322 2508 ad
344 2465 419 2509 eam
442 2466 512 2509 rem
534 2445 611 2509 usui
642 2445 710 2509 sint
738 2443 903 2509 militibus
933 2445 1076 2530 imperat

97 2555 141 2629 et,
165 2545 255 2633 quod
278 2547 437 2634 oppidum
460 2544 636 2614 Genabum
658 2570 742 2634 pons
771 2547 917 2613 fluminis
939 2548 1097 2632 Ligeriss

97 2649 306 2735 continebat,
321 2652 461 2736 veritus,
477 2674 520 2718 ne
535 2661 639 2718 noctu
655 2675 698 2717 ex
714 2652 835 2738 oppido
847 2651 1075 2738 profugerent,

98 2753 183 2818 duas
208 2753 358 2838 legiones
376 2756 411 2820 in
430 2756 532 2821 armis
548 2755 719 2822 excubare
734 2755 837 2821 iubet.
855 2753 1096 2823 Genabensesr

96 2855 198 2942 paulo
212 2866 292 2922 ante
303 2858 451 2924 mediam
462 2868 594 2924 noctem
607 2858 742 2924 silentio
757 2881 800 2924 ex
809 2859 931 2945 oppido
945 2860 1074 2944 egressi

95 2961 218 3026 flumen
241 2963 388 3028 transire
403 2971 594 3049 coeperunt.
619 2962 746 3044 Quare
766 2985 826 3049 per
842 2963 1095 3050 exploratorem

96 3066 255 3131 nuntiata
278 3063 407 3132 Caesar
428 3065 591 3152 legiones,
614 3088 698 3154 quas
722 3067 900 3154 expeditas
917 3091 991 3135 esse
1007 3069 1073 3133 ius·

97 3177 199 3252 serat,
222 3169 331 3255 portis
354 3170 503 3236 incensis
527 3170 722 3236 intromittit
746 3179 847 3257 atque
871 3171 993 3258 oppido
1016 3193 1068 3257 po-

96 3273 179 3338 titur
194 3274 373 3358 perpaucis
390 3296 434 3340 ex
448 3272 596 3339 hostium
610 3296 748 3340 numero
766 3273 980 3359 desideratis,
993 3276 1073 3360 quin

96 3376 211 3441 cuncti
235 3387 446 3463 caperentur,
469 3375 559 3464 quod
580 3378 693 3464 pontis
716 3387 818 3464 atque
834 3379 991 3444 itinerum
1014 3400 1073 3443 an-

97 3479 232 3562 gustiae
243 3480 470 3548 multitudinis
482 3481 597 3565 fugam
613 3481 886 3549 intercluserunt.
904 3481 1095 3568 Oppidum⁹

147 3613 235 3657 Cacsar.
248 3614 265 3657 1.
280 3615 303 3659 b,
318 3615 345 3660 (l.
896 3604 930 3654 ΓΖ
