2376 3924
94 246 180 296 XXlV
392 242 602 294 ADNOTATIO
623 241 769 292 CRITICA

92 433 235 482 stationem
253 432 434 497 praebebant,
462 429 554 495 qualia
574 434 637 479 sunt
662 427 765 493 Ἀγκών,
789 421 911 493 Ἄγκαρα,
937 428 1070 494 llyriorum

92 518 189 567 Italiac
214 516 313 582 oppida
336 515 373 583 (v.
393 517 484 581 Steph.
503 517 567 580 Byz.
587 531 608 565 s.
625 521 680 580 vv.)
706 523 732 565 ct
749 516 814 565 alia.
845 516 1037 582 Anquilariam
1053 531 1070 565 a

93 603 205 653 Graecis
224 609 251 654 et
269 603 377 668 quidem
397 602 497 652 Siculis
521 609 548 653 et
572 601 709 652 conditam
733 608 760 652 et
782 600 881 652 dictam
906 617 981 664 esse,
1008 603 1069 652 inde

92 690 253 740 concludere
266 688 338 751 licet,
358 689 430 754 quod
443 686 574 754 Clupea
592 687 637 736 vel
649 687 766 754 Aspis,
787 687 940 738 Siculorum
953 687 1069 746 colonia,

93 775 210 826 Caesare
235 781 303 826 teste
327 791 380 824 non
404 774 519 823 multum
544 774 577 822 ab
601 772 650 822 illo
674 773 734 823 loco
758 773 859 823 aberat.
895 770 1069 839 Auquilaria

93 877 185 912 omnes
205 862 332 926 deinceps
352 862 517 925 scripserunt
536 859 660 910 editores.

195 964 217 997 c.
236 948 282 1007 29,
302 950 331 996 3:
360 945 439 999 ciuile
469 944 581 1012 bellum,-
607 959 694 1013 peuus
721 944 875 1011 homiuum,
902 944 951 997 eui
977 943 1071 998 liceret

93 1032 175 1084 libere
194 1031 287 1097 fucere
306 1036 333 1083 et
350 1030 440 1097 sequi,
459 1031 533 1097 qued
550 1031 642 1098 uellet;
666 1029 785 1099 lepioues
803 1046 865 1098 eae,
892 1046 963 1098 quae
982 1029 1071 1098 paulo

93 1124 159 1170 <erite
183 1118 262 1184 opud
286 1117 466 1171 aduersarios
487 1117 606 1182 fueraut
623 1117 702 1184 (uum
720 1117 805 1169 etium
823 1116 956 1171 Caesaris
974 1118 1071 1184 beuefr·

93 1205 167 1257 cium
197 1208 356 1256 mutauerat
386 1220 528 1254 munerum
558 1203 745 1265 consuetude,
776 1219 846 1270 quae
876 1202 1072 1271 efferremur),-

93 1289 249 1357 muuicipiu
277 1289 361 1342 etium
389 1289 508 1342 diuersis
532 1289 668 1358 pertibus
699 1289 851 1341 coutumm
879 1290 1012 1358 (uanique
1039 1307 1071 1344 eu

93 1375 206 1429 Marsis
218 1376 396 1445 Pelipuisque
413 1375 560 1429 uertiebaut
578 1375 601 1427 ii
620 1374 669 1442 qui
686 1375 833 1442 superiore
849 1380 929 1428 uoete
947 1377 1071 1443 profuge-

93 1463 180 1529 rant):
199 1464 267 1514 haec
285 1463 317 1515 iu
335 1462 526 1516 coutuberuiis
544 1461 707 1515 commilites
726 1463 919 1528 querebantur3
941 1461 1072 1515 uommlii

93 1549 227 1618 praviora
244 1548 435 1618 proferebant]
459 1550 548 1600 locum
573 1550 734 1599 lacunosum
753 1551 801 1599 alii
820 1550 898 1599 aliter
916 1548 1027 1613 explere
1045 1553 1072 1598 et

94 1637 228 1700 corrigere
248 1637 415 1697 studuerunt,
435 1637 482 1686 sed
501 1652 562 1686 cum
576 1652 646 1701 quac
659 1636 837 1700 protulerunt,
856 1651 944 1700 neque
957 1636 1073 1686 certiora

94 1738 181 1786 neque
201 1723 306 1786 aptiora
323 1722 478 1771 viderentur
496 1722 544 1783 iis,
574 1738 643 1787 quae
663 1723 692 1770 in
711 1723 800 1787 priore
819 1721 938 1770 editione
957 1726 1071 1786 tempta·

93 1823 194 1867 veram,
219 1823 272 1855 non
292 1823 351 1857 csse
369 1808 507 1874 putabam,
532 1824 580 1857 cur
598 1809 632 1857 ab
652 1808 695 1858 his
714 1807 878 1858 recederem.
907 1807 990 1872 plane
1008 1823 1072 1858 vero

93 1893 231 1942 reicienda
250 1898 291 1942 est
309 1892 389 1942 lectio
407 1894 488 1943 unius
507 1893 608 1943 codicis
627 1893 810 1943 Carrariensis
829 1891 965 1958 aduersis
991 1907 1071 1958 quam

94 1995 154 2028 cum
167 1979 331 2043 Nipperdoio
351 1981 457 2030 Kraner
475 1983 503 2030 et
521 1981 552 2032 F.
566 1981 702 2031 Hofmann
721 1984 891 2045 receperunt.
919 1994 982 2027 cum
1001 1979 1072 2029 enim

94 2066 231 2130 proprium
255 2067 290 2115 sit
312 2066 445 2116 bellorum
471 2067 606 2130 civilium,
634 2072 665 2115 ut
689 2067 763 2116 cives
782 2065 903 2114 diversas
922 2069 1015 2128 partes
1033 2080 1073 2114 se·

94 2157 218 2215 quantur,
237 2167 347 2202 necesse
367 2156 407 2201 est
426 2152 497 2201 idem
516 2153 549 2202 de
563 2153 719 2217 municipiis
733 2152 845 2212 moneri,
865 2166 898 2200 ea
916 2148 1072 2202 diuersi-s

93 2237 214 2301 partibus
234 2239 379 2287 coniuncta
399 2254 465 2288 esse.

197 2340 219 2373 c.
238 2324 279 2383 30,
296 2327 321 2372 l:
340 2322 457 2375 cousilio
476 2321 643 2391 commeato]
662 2325 759 2374 uocato
779 2321 832 2382 ab,
851 2321 1073 2386 quodNippcrd.‚

94 2410 208 2469 uranei,
227 2410 257 2459 Γ,
272 2410 361 2458 Hofm.
379 2415 540 2474 posuerunt3
560 2415 662 2458 etcum
679 2422 777 2460 uocare
796 2405 946 2459 consutum
964 2409 993 2456 in
1006 2407 1073 2457 an-

94 2497 209 2544 sarianis
238 2497 438 2545 commentariis
466 2511 599 2559 nusquam
626 2500 760 2557 recurrat,
788 2501 817 2542 ut
841 2499 922 2542 antea
948 2509 980 2542 ex
1007 2494 1023 2547 f
1048 2499 1075 2544 et

94 2582 206 2647 reliquis
227 2583 303 2632 codd.
321 2585 510 2634 estimato
530 2583 648 2631 scribere
667 2580 760 2642 malui,
773 2581 852 2649 *quod
866 2581 947 2629 etiarn
961 2580 1075 2629 Diibner

94 2674 121 2717 et
133 2669 230 2718 Dinter
242 2676 410 2733 receperunt.
428 2695 464 2707 -
479 2669 529 2717 ib.:
548 2666 623 2734 quod
641 2669 668 2717 in
687 2664 850 2718 huiusmodi
869 2664 991 2716 militum
1010 2679 1074 2717 eort-

94 2753 169 2805 siliis
185 2754 274 2806 otium
287 2753 408 2805 rriuuimc
420 2752 598 2805 eontrarium
610 2767 668 2804 esse
681 2749 911 2820 arbitrarentur]
930 2749 962 2802 iu
976 2750 1075 2801 Clarke

94 2840 239 2904 supplevit,
259 2842 349 2889 omisit
367 2842 472 2889 Dinter.
498 2840 626 2889 Krafferti
645 2839 801 2888 coniectura
819 2836 893 2903 (μισῶ
911 2835 1075 2888 istiusmodi

93 2923 263 2976 eousiliis
291 2925 444 2977 miiitum
470 2924 559 2977 otium
586 2928 648 2976 cett.
676 2925 750 2989 (ann.
774 2923 840 2988 phil.
859 2930 878 2974 t.
896 2924 942 2984 91,
968 2940 993 2987 p.
1012 2921 1075 2989 500)

95 3025 188 3059 sensus
212 3010 294 3075 plane
315 3012 467 3062 invertitur.
500 3028 553 3061 non
573 3010 694 3060 consiliis
714 3011 812 3060 dueum
831 3010 996 3060 contrarium
1016 3014 1076 3059 erat

94 3094 209 3144 militum
234 3097 329 3158 otium,
356 3098 438 3146 immo
462 3113 497 3146 nc
516 3098 544 3146 in
563 3097 618 3146 illis
640 3097 757 3145 militum
776 3094 899 3146 consiliis
916 3091 964 3159 (ad
983 3094 1074 3145 defec-

94 3182 195 3232 tionem
215 3181 411 3247 spectantibus)
431 3184 514 3232 otium
538 3184 703 3233 contrarium
726 3183 743 3230 i.
763 3197 785 3232 e.
809 3180 992 3246 periculosum
1012 3195 1075 3230 eva·

95 3269 184 3330 deret,
214 3268 296 3318 duces
323 3267 484 3320 coriaudum
508 3268 635 3320 omrubus
659 3267 750 3320 roteriis
769 3271 919 3332 castraque
936 3264 1007 3318 Vari
1026 3279 1076 3332 op-

91 3354 253 3423 pupuuudu
275 3354 431 3404 censebant.

199 3458 223 3494 c.
235 3442 277 3504 31,
290 3442 319 3491 b:
336 3443 442 3507 quarite
455 3439 522 3492 haec
541 3438 771 3492 dissimulari
788 3443 815 3492 et
827 3437 974 3504 occultari,
992 3453 1078 3504 quam

92 3543 145 3593 per
161 3542 213 3581 uos
232 3525 394 3594 commutari
409 3524 562 3594 praestet]
587 3525 712 3576 meliores
732 3526 840 3590 quidem
859 3525 923 3574 libri
942 3523 1077 3577 dissimu-
