2376 3924
370 213 480 262 uranu
497 213 571 277 vm,
601 212 678 263 our.
696 214 808 264 ar-ar.
1021 215 1084 280 247

100 403 199 469 rebat
221 425 329 489 neque
353 405 518 489 imperata
533 427 691 490 umquam
708 407 772 471 nisi
790 408 941 472 exercitu
957 416 1078 473 coacta

102 506 261 572 faciebat.

204 609 255 674 26.
278 611 419 677 Interim
444 609 549 676 Gaius
567 610 729 677 Caninius
753 612 897 696 legatus,
915 635 991 678 oum
1006 637 1075 680 ma-

98 736 200 799 gnam
233 713 483 781 multitudinem
519 718 719 782 convenisse
756 718 901 782 hostium
930 719 964 781 in
991 717 1075 783 fines

96 819 272 883 Pictonum
284 817 407 884 litteris
420 820 614 904 nuntiisque
629 819 765 884 Duratii
778 832 1007 905 cognosceret,
1021 824 1077 908 qui

97 932 256 1008 perpetuo
287 924 320 986 in
350 923 501 988 amicitia
530 934 703 989 manserat
731 924 966 1008 Romanorum,
1001 947 1076 991 cum

96 1048 174 1110 pars
198 1026 364 1112 quaedam
387 1027 540 1091 civitatis
557 1028 628 1092 eius
646 1026 838 1102 defecisset,
856 1027 901 1093 ad
917 1028 1075 1114 oppidum

96 1129 271 1195 Limonum
294 1129 478 1195 contendit.
496 1129 568 1210 Quo
592 1152 668 1195 cum
690 1130 893 1197 adventaret
914 1141 1016 1218 atque
1033 1155 1096 1197 exa

97 1234 375 1319 captiviseertius
388 1243 617 1317 cognosceret,
630 1234 745 1299 multis
757 1235 927 1300 hominum
939 1235 1074 1300 milibus

96 1361 116 1403 a
138 1338 325 1420 Dumnaco,
350 1338 434 1403 duco
457 1337 616 1423 Andium,
638 1338 820 1404 Duratium
843 1339 996 1404 clausum
1015 1338 1073 1402 Li·

99 1463 196 1505 mone
218 1443 416 1527 oppugnari,
439 1464 548 1527 neque
572 1442 721 1507 infirmas
744 1442 896 1527 legiones
919 1441 1073 1507 hostibus

98 1545 308 1610 committere
341 1543 493 1627 auderet,
531 1555 646 1610 eastra
680 1547 793 1631 posuit
825 1545 900 1610 loco
934 1547 1072 1611 munito.

96 1647 303 1732 Dumnacus,
320 1670 395 1714 cum
407 1651 677 1735 appropinquare
689 1647 869 1714 Caninium
881 1658 1071 1732 cognosset,
1082 1671 1095 1710 a

99 1751 204 1836 copiis
229 1750 382 1816 omnibus
406 1750 451 1816 ad
467 1750 617 1835 legiones
634 1754 806 1817 conversis
821 1761 935 1818 castra
950 1753 1069 1817 Roma·

96 1875 212 1918 norum
236 1874 430 1940 oppugnare
453 1855 612 1920 instituit.
637 1852 720 1920 Cum
736 1855 924 1942 complures
949 1856 1020 1922 dies
1036 1859 1095 1921 inr

97 1959 345 2043 oppugnatione
368 1961 631 2045 consumpsisset
655 1968 688 2024 et
710 1981 834 2044 magno
858 1982 992 2026 suorum
1016 1961 1072 2026 de·

95 2061 250 2126 trimento
265 2060 393 2127 nullam
408 2073 540 2149 partem
561 2064 784 2129 munitionum
803 2064 993 2129 convellere
1014 2086 1072 2150 po·

95 2166 227 2248 tuisset,
250 2188 367 2233 rursus
391 2166 436 2232 ad
459 2166 682 2233 obsidendum
704 2167 880 2234 Limonem
903 2169 1001 2234 redit.

180 2270 232 2335 27.
259 2269 390 2336 Eodem
418 2279 568 2357 tempore
595 2268 633 2336 O.
662 2271 791 2337 Fabius
820 2273 952 2356 legatus
983 2295 1071 2339 com·

94 2371 206 2460 plures
230 2374 390 2440 civitates
414 2376 448 2438 in
471 2374 572 2439 fidem
595 2377 726 2461 recipit,
762 2374 936 2441 obsidibus
959 2375 1071 2441 firmat

94 2477 283 2564 litterisque
307 2475 372 2542 Gai
396 2474 531 2542 Caninii
554 2478 666 2543 Rebili
689 2479 726 2544 iit
755 2480 891 2563 certior,
920 2501 1006 2566 quae
1036 2482 1070 2545 in

93 2581 289 2648 Pictonibus
312 2593 483 2666 gerantur.
514 2581 643 2664 Quibus
666 2581 767 2648 rebus
797 2584 943 2667 cognitis
972 2584 1070 2669 profi·

94 2687 234 2751 cisoitur
256 2685 301 2752 ad
324 2685 490 2752 auxilium
511 2685 657 2751 Duratio
681 2685 864 2752 ferendum.
899 2687 944 2752 At
966 2686 1091 2753 Dum-2

93 2812 199 2855 naeus
223 2790 375 2857 adventu
395 2789 497 2857 Fabii
520 2792 656 2875 cognito
681 2790 862 2877 desperata
891 2790 1012 2875 salute,
1041 2793 1070 2857 si

94 2901 243 2980 tempore
256 2893 374 2960 eodem
385 2902 525 2958 coactus
542 2903 631 2959 esset
648 2903 681 2959 et
696 2894 882 2960 Romanum
894 2903 1070 2960 externum

93 2997 259 3061 sustinere
281 2994 410 3062 hostem
434 3005 468 3062 ct
490 2998 659 3082 respicere
682 3018 722 3063 ao
738 2998 856 3063 timere
872 2997 1068 3085 oppidanos,

93 3108 228 3185 repente
252 3122 295 3164 ex
318 3121 357 3164 co
380 3100 455 3166 loco
478 3122 553 3165 oum
576 3101 683 3186 copiis
699 3101 831 3167 recedit
852 3123 915 3166 nec
933 3125 968 3167 se
985 3103 1068 3168 satis
1145 3094 1159 3123 ⁵

93 3211 201 3267 tutum
213 3202 284 3268 fore
298 3202 493 3287 arbitratur,
505 3205 572 3268 nisi
594 3203 728 3269 flumine
740 3204 868 3289 Ligeri,
885 3204 976 3292 quod
997 3214 1068 3271 erat

92 3314 193 3391 ponte
215 3315 352 3392 propter
379 3306 648 3391 magnitudinem
676 3308 929 3389 transeundum,
952 3311 1068 3395 copias

57 3464 63 3473 .
92 3408 312 3475 traduxisset.
341 3408 481 3493 Fabius,
515 3412 580 3477 etsi
608 3411 756 3477 nondum
790 3413 825 3476 in
853 3422 1090 3498 conspectum.

91 3520 232 3578 venerat
264 3511 419 3579 hostibus
452 3533 561 3600 neque
589 3536 625 3579 se
659 3512 802 3581 Caninio
835 3516 1069 3583 coniunxerat.
