2376 3924
91 248 152 311 136
416 245 605 297 nanneno
626 244 738 299 c1v1n1

89 445 191 517 turus,
220 435 329 500 relicto
352 437 502 499 interiore
525 433 609 498 vallo
632 436 788 498 maiorem
810 434 978 499 adiecerat
1001 458 1073 501 mu-

68 541 252 604 snitionem.
297 539 349 604 Ita
376 540 502 603 minora
530 547 638 602 castra
664 536 788 602 inclusa
816 537 996 605 maioribus
1019 564 1073 607 ca·

68 642 171 708 estelli
192 652 290 728 atque
312 645 395 707 arcis
418 641 524 706 locum
546 640 743 707 obtinebant.
777 643 861 707 Item
882 643 924 708 ab
947 644 1073 730 angulo

89 756 269 812 castrorum
291 748 418 811 sinistro
440 748 651 810 munitionem
673 746 715 810 ad
729 745 851 811 flumen
866 747 1074 833 perduxerat

89 853 217 916 circiter
240 871 353 935 passus
377 864 477 932 0000,
501 870 564 935 quo
586 848 718 914 liberius
741 873 760 913 a
782 849 925 935 periculo
948 850 1071 917 milites

89 964 297 1041 aquarentur.
343 953 408 1021 Sed
430 955 457 1018 is
480 974 609 1040 quoque
637 962 760 1018 mutato
784 954 914 1018 oonsilio
937 954 1072 1040 quibus-

90 1059 167 1123 dam
189 1058 230 1122 dc
253 1060 369 1140 causis,
393 1079 473 1143 quas
496 1059 742 1123 commemorari
763 1079 896 1123 neccsse
918 1080 986 1123 non
1008 1070 1070 1144 est,
1171 1116 1176 1127 .

69 1182 128 1226 reo
151 1161 219 1226 loco
242 1171 436 1226 excesserat.
481 1163 533 1226 Ita
567 1161 747 1248 complures
780 1161 850 1227 dies
877 1172 1073 1228 manserant

91 1275 212 1348 castra,
236 1266 428 1329 munitiones
450 1265 582 1350 quidem
605 1287 715 1330 omnes
737 1268 883 1350 integrae
905 1274 1011 1331 erant.

176 1368 226 1432 67.
250 1368 299 1433 Eo
322 1370 414 1453 signa
436 1367 570 1452 legionis
591 1366 679 1432 illata
702 1366 919 1452 speculatores
935 1366 1072 1435 Caesari

90 1475 324 1538 renuntiarunt.
362 1471 435 1536 Hoc
457 1470 544 1536 idem
558 1472 664 1535 visum
688 1493 730 1534 ex
758 1470 979 1557 superioribus
1003 1474 1072 1558 qui·

70 1576 229 1644 ²busdam
252 1573 388 1639 castellis
411 1575 694 1639 confirmaverunt.
740 1574 773 1638 Is
801 1573 889 1639 loous
911 1572 1029 1641 aberat
1051 1599 1073 1642 a
1172 1578 1176 1631 ἱ

90 1684 183 1747 novis
220 1681 354 1762 Pompei
392 1681 505 1744 castris
543 1680 669 1743 circiter
706 1698 820 1763 passus
864 1680 1071 1764 quingentos.
1173 1666 1177 1743 1

90 1787 187 1851 Hanc
209 1786 369 1871 legionem
391 1803 525 1867 sperans
549 1779 670 1845 Caesar
698 1801 733 1844 se
763 1781 945 1866 opprimere
975 1802 1072 1868 00000
1169 1786 1172 1793 ’

91 1900 124 1955 00
146 1892 279 1975 cupiens
302 1890 370 1953 eius
393 1887 456 1951 diei
479 1885 708 1950 detrimentum
730 1888 860 1967 sarcire,
884 1884 1017 1971 reliquit
1037 1888 1073 1953 in
1169 1882 1178 1931 ’ἶ

92 2016 189 2080 opere
212 1994 360 2058 cohortes
383 1990 475 2073 duas,
499 2011 583 2075 quac
606 1991 748 2076 speciem
769 1972 955 2055 munitionis
978 2012 1071 2076 prae·
1172 2058 1175 2065 ,

70 2095 221 2173 aberent,
245 2099 314 2182 ipse
337 2096 464 2160 diverso
487 2096 601 2159 itinere
624 2115 723 2179 quam
737 2095 841 2180 potuit
856 2091 1072 2159 occultissime

91 2201 232 2285 reliquas
265 2200 422 2281 cohortes,
459 2220 594 2263 numero
622 2214 748 2280 XXXIII,
781 2200 815 2262 in
848 2195 966 2283 quibus
1000 2208 1073 2265 erat
1173 2236 1176 2241 ·

92 2306 175 2392 legio
198 2328 283 2370 nona
305 2304 412 2368 multis
435 2304 559 2367 amissis
583 2300 823 2367 centurionibus
838 2301 1072 2390 deminutoque
1174 2352 1178 2367 .

91 2409 227 2475 militum
249 2431 393 2490 numero,
417 2407 460 2471 ad
482 2406 641 2491 legionem
663 2406 797 2492 Pompei
819 2414 992 2491 castraque
1014 2409 1072 2473 mi·

71 2537 172 2579 rnora
195 2513 314 2599 duplici
336 2514 405 2577 acie
428 2509 550 2576 eduxit.
596 2510 710 2594 Neque
733 2530 807 2574 eum
835 2512 941 2596 prima
962 2512 1072 2597 opinio
1176 2524 1180 2587 2

91 2616 211 2682 fefellit.
235 2617 320 2680 Nam
343 2623 375 2679 00
398 2616 547 2700 pervenit
569 2615 667 2699 prius,
691 2636 790 2698 quam
805 2615 979 2700 Pompeius
1001 2634 1072 2681 sen·

92 2723 152 2785 tire
175 2728 291 2805 posset,
321 2727 354 2783 00
375 2719 504 2783 tametsi
537 2725 631 2782 erant
663 2718 856 2782 munitiones
890 2725 1073 2783 castrorum
1178 2738 1182 2785 ἵ

92 2844 240 2907 magnac,
256 2831 366 2886 tamen
381 2823 509 2886 sinistro
525 2840 634 2902 cornu,
657 2818 714 2884 ubi
729 2828 799 2885 erat
814 2823 893 2906 ipse,
920 2819 1072 2887 celeriter

72 2946 266 3011 suggressus
303 2925 516 3010 Pompeianos
550 2946 594 2988 ex
626 2923 710 2988 vallo
748 2924 944 2991 deturbavit
988 2926 1074 2991 Erat

93 3028 237 3095 obiectus
261 3032 360 3114 portis
383 3030 508 3094 ericius.
537 3030 601 3093 Hic
623 3028 786 3114 paulisper
809 3038 858 3094 000
879 3037 1073 3115 pugnatum,
1183 3022 1186 3031 '

94 3154 168 3198 cum
190 3135 370 3218 irrumpere
392 3134 494 3197 nostri
518 3141 721 3213 conarentur,
756 3131 799 3195 illi
827 3140 934 3196 eastra
962 3130 1074 3199 delen·

94 3238 218 3318 derent,
242 3236 414 3299 fortissime
430 3237 503 3300 Tito
519 3234 663 3318 Pulione,
687 3235 778 3298 cuius
794 3256 892 3320 opera
906 3232 1076 3319 proditum
1187 3283 1188 3294 ,

94 3343 274 3405 exercitum
297 3338 332 3403 O.
356 3338 479 3403 Antoni
502 3338 803 3420 demonstravimus,
838 3359 875 3400 eo
903 3336 974 3403 loco
1001 3360 1076 3427 pro·

72 3452 269 3531 opugnante.
294 3442 359 3510 Sed
382 3452 491 3507 tamen
513 3444 614 3506 nostri
636 3443 756 3506 virtute
779 3443 928 3507 vicerunt
948 3444 1077 3511 exorno

95 3570 158 3634 que
192 3551 289 3615 ericio
323 3550 426 3636 primo
459 3550 493 3612 in
527 3548 649 3611 maiora
672 3555 789 3631 castra,
823 3554 895 3632 post
917 3545 1074 3619 etiam-ir
