2376 3924
356 211 467 263 monn
483 212 506 276 1,
525 212 730 271 curos-os.
994 210 1034 274 19

56 410 194 487 propter
209 402 415 488 sepulturam
431 403 616 469 occisorum
631 405 739 469 nostri
755 403 902 469 triduum
913 402 1036 467 moreti

59 528 115 570 eos
139 507 234 592 sequi
256 528 324 571 non
345 508 544 592 potuissent.
590 505 718 573 Caesar
731 507 775 574 ad
788 507 965 591 Lingonas
981 503 1062 582 lit-,i

58 618 150 674 teras
174 610 376 695 nuntiosque
398 611 501 693 misit,
524 633 566 676 ne
591 632 647 676 eos
670 612 836 676 frumento
859 632 945 676 neve
968 607 1036 673 alia

59 737 95 779 re
117 715 290 778 iuvarent:
324 714 380 797 qui
404 715 433 778 si
455 715 637 797 iuvissent,
666 738 702 780 se
725 714 841 780 eodem
865 713 949 795 loeo,
973 733 1037 798 quo

59 815 247 896 Helvetios,
270 814 474 881 habiturum.
512 817 589 902 Ipse
611 817 725 882 triduo
749 819 939 883 intermisso
963 837 1039 880 cum

61 917 213 984 omnibus
237 919 343 1004 copiis
367 941 424 985 eos
449 923 542 1005 sequi
566 922 687 1007 coepit.

146 1021 198 1085 27.
227 1021 378 1087 Helvetii
403 1024 549 1089 omnium
573 1047 682 1090 rerum
698 1026 812 1111 inopia
829 1022 970 1090 adducti
992 1020 1038 1087 le·

62 1135 161 1210 gatos
179 1124 220 1191 de
237 1124 408 1191 deditione
424 1125 469 1191 ad
485 1149 559 1190 eum
582 1129 754 1193 miseruut.
787 1126 852 1208 Qui
869 1148 944 1191 eum
966 1147 1062 1198 eum2

61 1232 96 1294 in
119 1231 240 1294 itinere
263 1230 500 1294 convenissent
524 1251 625 1317 seque
641 1230 686 1296 ad
700 1231 804 1316 pedes
819 1230 1040 1317 proiecissent

62 1331 323 1418 suppliciterque
338 1330 444 1396 locuti
458 1331 576 1397 flentes
599 1354 717 1419 pacem
740 1334 916 1419 petissent,
939 1341 1040 1417 atque

63 1458 121 1500 eos
144 1437 178 1498 in
203 1457 241 1499 eo
264 1432 353 1517 loco,
385 1456 448 1521 quo
477 1444 548 1500 tum
578 1445 706 1521 essent,
737 1459 829 1502 suum
858 1436 1040 1502 adventum

64 1548 263 1624 exspectare
276 1539 443 1622 iussisset,
454 1549 649 1624 paruerunt.
665 1539 715 1605 Eo
729 1536 1063 1627 postquamOeesun

63 1642 228 1728 pervenit,
253 1640 400 1725 obsides,
424 1664 528 1725 armo,
552 1664 678 1727 servos,
703 1645 760 1729 qui
783 1642 828 1708 ad
851 1663 907 1707 eos
930 1640 1041 1727 perfu-

64 1747 206 1829 gissent,
232 1744 396 1830 poposcit.
433 1743 522 1808 Dum
547 1767 587 1809 es
606 1747 850 1832 conquiruntur
872 1754 906 1809 et
930 1743 1064 1821 oense-4

62 1858 195 1932 runtur,
217 1857 318 1913 nocte
338 1850 532 1915 intermisse
555 1851 691 1915 circiter
712 1848 881 1915 hominum
897 1847 991 1915 milia
1007 1865 1043 1910 vr

63 1954 135 2018 eius
159 1952 250 2036 pugi,
277 1953 335 2037 qui
357 1952 570 2036 Verbigenus
594 1953 800 2041 appellatur,
830 1955 902 2019 sive
924 1954 1043 2017 timore

62 2057 246 2143 perterriti,
276 2078 319 2119 ne
342 2058 445 2121 armis
468 2056 605 2122 traditis
630 2055 793 2143 supplicio
817 2057 1044 2137 afficerentur,
1062 2099 1076 2137 ρ

65 2163 138 2226 sive
161 2181 220 2245 spe
244 2158 365 2225 salutis
382 2158 522 2245 inducti,
546 2160 635 2247 quod
651 2163 686 2225 in
708 2169 806 2227 tanta
828 2159 1044 2225 multitudine

67 2262 304 2328 dediticiorum
322 2286 417 2329 suam
432 2263 548 2348 fugam
565 2273 623 2330 sut
640 2265 805 2330 occultari
828 2273 887 2329 aut
911 2266 1044 2329 omnino

66 2368 218 2452 ignorari
230 2388 329 2452 posse
342 2368 588 2449 existimarent,
600 2369 709 2454 prima
722 2377 821 2432 noete
833 2369 957 2432 castris
965 2367 1045 2432 Hel·
1133 2354 1139 2363 ‘

66 2473 232 2536 vetiorum
257 2471 386 2554 egressi
409 2470 454 2536 ad
469 2469 620 2536 Rhenum
635 2471 785 2557 finesque
802 2469 1046 2535 Germanorum

67 2574 323 2640 contenderunt.

155 2676 207 2744 28.
231 2676 330 2758 Quod
353 2678 411 2744 ubi
427 2676 556 2744 Caesar
577 2680 704 2761 resciit,
727 2700 867 2765 quorum
888 2678 1046 2763 perfines

70 2785 192 2866 ierant,
215 2781 279 2866 his,
302 2783 353 2847 uti
376 2784 612 2869 conquirerent
637 2792 670 2848 et
692 2781 902 2864 reducerent,
931 2784 959 2846 si
983 2780 1048 2847 sibi

68 2888 206 2973 purgati
223 2907 297 2951 esse
310 2885 447 2969 vellent,
464 2887 659 2973 imperavit:
680 2885 837 2951 reductos
852 2887 888 2950 in
903 2884 1070 2962 hostium2

70 3013 208 3056 numero
236 2989 372 3073 habuit,
405 2988 553 3076 reliquos
583 3011 697 3055 omnes
722 2988 907 3070 obsidibus,
936 2990 1050 3071 armis,

72 3095 221 3182 perfugis
244 3093 382 3160 traditis
405 3095 440 3158 in
464 3092 670 3158 deditionem
685 3095 828 3178 accepit.
861 3090 1070 3174 Helvetios,

72 3198 249 3282 Tulingos,
270 3196 456 3263 Latovicos
479 3198 515 3261 in
536 3196 620 3262 fines
645 3217 735 3280 suos,
758 3196 846 3262 unde
863 3203 959 3261 erant
974 3217 1049 3280 pro-

73 3302 170 3386 fecti,
204 3303 329 3367 reverti
358 3301 473 3384 iussit,
509 3309 541 3364 et
576 3299 665 3387 quod
697 3300 851 3365 omuibus
885 3297 1050 3364 fructibus

74 3407 209 3471 amissis
240 3404 331 3470 domi
363 3404 448 3469 nihil
482 3414 571 3488 erat,
602 3425 666 3491 quo
700 3403 821 3470 famem
855 3402 1051 3484 tolerarent,

76 3508 321 3594 Allobrogibus
356 3510 551 3595 imperavit,
583 3517 622 3573 ut
655 3508 697 3572 iis
730 3508 890 3595 frumenti
922 3506 1056 3591 copiam

131 3605 136 3613 .
864 3605 899 3660 Ψ
