2376 3924
115 211 175 276 176
236 224 237 228 ¹
424 212 611 264 1111110
631 211 789 263 0111100

198 384 229 450 9.
251 386 298 451 At
310 383 439 452 Caesar
449 386 589 452 biduum
605 388 639 451 in
654 386 707 452 his
723 386 807 452 locis
822 395 984 471 moratus,
1001 387 1092 473 quod

111 490 195 557 haec
213 489 254 556 de
268 491 548 577 Vercingetorige
570 513 633 556 usu
648 502 791 557 ventura
816 492 971 578 opinione
993 513 1091 577 prae-

113 604 260 680 ceperat,
283 617 343 681 pcr
365 616 503 660 causam
528 594 751 680 supplementi
775 597 1013 681 equitatusque
1036 618 1090 661 co·

94 698 216 782 2gendi
240 698 283 764 ab
309 700 461 765 exercitu
486 698 647 783 discedit,
669 700 811 764 Brutum
837 698 1091 767 adulescentem

113 803 165 868 his
182 803 288 888 copiis
305 804 475 888 praeficit3
498 802 586 867 hunc
602 811 725 886 monet,
741 811 777 867 ut
794 804 829 867 in
846 824 959 869 omncs
976 812 1092 889 partes

69 903 71 907 ’
114 908 243 994 equites
272 930 373 995 quam
402 907 567 972 latissime
595 915 840 992 pervagentur:
875 907 1032 973 daturum
1056 931 1092 974 se

92 1034 266 1098 superam,
295 1033 338 1076 10
366 1009 500 1093 longius
530 1010 642 1075 triduo
666 1010 709 1076 ab
733 1013 857 1076 castris
882 1011 982 1077 absit.
1027 1014 1091 1079 His

114 1117 309 1182 constitutis
324 1113 435 1199 rebus,
452 1116 521 1181 suis
537 1115 801 1201 inopinantibus,
818 1138 920 1204 quam
934 1118 1091 1183 maximis

92 1228 225 1306 epotest
252 1218 432 1285 itineribus
455 1219 623 1284 Viennam
657 1221 821 1304 pervenit.
865 1219 918 1285 Ibi
946 1229 1091 1286 nanctus

114 1332 285 1390 recentem
307 1325 508 1409 equitatum,
543 1345 640 1408 quem
669 1323 783 1388 multis
807 1332 886 1388 ante
911 1323 1029 1389 diebus
1054 1346 1092 1389 ec

114 1429 346 1514 praemiserat,
374 1448 483 1512 neque
507 1426 626 1492 diurno
650 1449 757 1514 neque
780 1437 947 1493 nocturno
971 1430 1094 1495 itinere

114 1533 305 1598 intermisso
328 1552 388 1616 per
410 1532 493 1595 fines
509 1529 702 1595 Aeduorum
718 1531 752 1595 in
767 1531 939 1615 Lingones
956 1541 1093 1597 conten·

117 1637 175 1720 dit,
198 1637 256 1701 ubi
273 1635 359 1701 duae
375 1636 526 1720 legiones
542 1635 749 1720 hiemabant,
771 1644 817 1720 ut,
842 1638 870 1701 si
887 1637 968 1722 quid
992 1638 1094 1703 etiam

117 1740 158 1805 de
181 1763 242 1805 sua
266 1739 374 1806 salute
391 1739 433 1805 ab
450 1740 577 1805 Aeduis
593 1740 737 1805 iniretur
751 1742 895 1824 consilii,
918 1741 1095 1808 celeritate

94 1854 357 1931 spraecurreret.
392 1845 442 1909 Eo
467 1867 542 1909 cum
564 1845 784 1930 pervenisset,
809 1845 853 1910 ad
875 1845 1024 1930 reliquas
1049 1846 1094 1911 le·

116 1950 234 2032 giones
256 1951 361 2014 mittit
384 1950 542 2034 priusque
559 1970 672 2014 omnes
689 1950 724 2012 in
740 1971 842 2013 unum
858 1948 969 2014 locum
991 1951 1095 2034 cogit,

117 2074 218 2138 quam
245 2051 287 2117 de
317 2054 388 2117 eius
420 2052 569 2118 adventu
596 2051 760 2117 Arvernis
791 2053 941 2117 nuntiari
969 2063 1094 2138 posset.

95 2157 191 2222 cHac
213 2179 250 2221 re
273 2157 411 2240 cognita
427 2156 690 2239 Vercingetorix
719 2178 834 2220 rursus
864 2157 899 2219 in
920 2157 1094 2240 Bituriges

118 2262 303 2328 exercitum
314 2260 446 2325 reducit
457 2269 558 2346 atque
574 2260 654 2325 inde
669 2260 839 2345 profectus
853 2257 1095 2345 Gorgobinam,

116 2366 277 2431 Boiorum
293 2365 460 2452 oppidum,
477 2387 560 2450 quos
584 2364 632 2430 ibi
650 2363 829 2430 Helvetico
842 2365 969 2451 proelio
985 2367 1095 2432 victos

117 2469 248 2536 Caesar
269 2469 496 2535 collocaverat
518 2468 711 2555 Aeduisque
741 2469 962 2553 attribuerat,
993 2492 1094 2556 oppu-

118 2596 223 2659 gnare
246 2575 406 2640 instituit.

206 2678 257 2745 10.
279 2678 442 2762 Magnam
465 2678 549 2743 haec
565 2700 619 2742 res
636 2675 777 2742 Caesari
794 2677 1028 2743 difficultatem
1052 2677 1098 2743 ad

118 2784 297 2850 consilium
320 2782 522 2869 capiendum
537 2781 711 2867 afferebat,
735 2784 764 2847 si
786 2781 951 2869 reliquam
966 2792 1097 2869 partem

117 2889 235 2953 hiemis
251 2910 317 2953 uno
333 2887 407 2953 loco
423 2887 573 2971 legiones
592 2888 790 2968 contineret,
806 2908 849 2951 10
866 2886 1097 2973 stipendiariis

117 2991 312 3058 Aeduorum
327 2992 531 3077 expugnatis
547 3000 670 3056 cuncta
684 2989 799 3055 Gallia
817 2990 984 3075 deficeret,
1008 2989 1098 3077 quod

118 3096 246 3161 nullum
268 3096 385 3161 amicis
409 3096 444 3159 in
468 3117 506 3159 eo
529 3095 735 3180 praesidium
757 3094 929 3161 videretur
951 3095 1097 3180 positum

120 3224 209 3286 esse;
238 3202 267 3265 si
295 3202 459 3266 maturius
490 3224 533 3265 cx
555 3199 705 3266 hibernis
730 3200 898 3282 educeret,
928 3219 970 3262 ne
993 3195 1037 3261 ab
1060 3220 1098 3263 re

99 3307 340 3371 afrumentaria
357 3304 449 3370 duris
474 3303 751 3369 subvectionibus
775 3303 959 3370 laboraret.
996 3301 1097 3366 Prae·

121 3420 213 3476 stare
228 3412 338 3475 visum
361 3417 412 3475 est
436 3418 551 3474 tamen
575 3429 688 3472 omncs
713 3407 932 3474 difficultates
955 3407 1096 3493 perpeti,

121 3536 221 3600 quom
250 3523 347 3580 tanta
378 3511 582 3580 contumelia
611 3520 754 3596 accepta
784 3511 930 3576 omnium
961 3530 1096 3574 suorum
