2376 3924
404 248 515 298 urens
533 247 554 310 1,
575 246 650 297 oar.
671 219 764 296 a-ra.
1037 246 1074 311 11

94 437 216 502 habere
244 437 394 520 instituit‘3
429 437 615 518 Pisaurum,
646 436 788 518 Fanum,
818 434 988 500 Anconam
1017 437 1076 499 sin-

95 543 177 626 gulis
201 542 386 608 cohortibus
410 531 555 627 occupat.

184 647 232 710 12.
270 647 400 710 Interea
434 647 551 710 certior
585 645 689 709 factus
719 645 871 729 lguvium
899 643 1076 708 Thermum

94 761 277 837 praetorem
310 750 494 814 cohortibus
528 767 550 812 v
583 759 709 830 tenere,
750 747 903 832 oppidum
942 750 1076 825 munire,

96 845 302 940 omniumque
318 875 388 918 esse
403 854 616 938 Iguvinorum
632 854 787 938 optimam
809 874 888 935 erga
911 873 945 915 se
967 850 1075 915 volun-

96 969 206 1040 tatem,
231 958 403 1048 Curionem
427 979 500 1021 cum
516 954 619 1020 tribus
635 955 830 1037 cohortibus,
855 977 935 1039 quas
951 956 1075 1018 Pisauri

95 1073 128 1148 et
150 1062 289 1126 Arimini
311 1060 470 1141 habebat,
502 1063 607 1125 mittit.
654 1059 753 1123 Cuius
782 1059 925 1123 adventu
949 1061 1098 1143 cognitor

48 1166 219 1229 ··diffisus
259 1166 422 1248 municipii
457 1163 613 1227 voluntati
647 1164 807 1227 Thermus
847 1163 993 1227 cohortes
1034 1186 1076 1226 ex

95 1269 176 1357 urbe
209 1269 336 1333 reducit
362 1277 395 1331 ct
422 1265 571 1352 profugit.
617 1266 735 1330 Milites
760 1269 796 1330 in
824 1268 937 1330 itinere
965 1265 1007 1330 ab
1038 1289 1075 1330 eo

71 1395 76 1403 ·
95 1371 265 1436 discedunt
287 1395 325 1435 ac
341 1370 472 1435 domum
495 1379 710 1434 revertuntur.
746 1368 842 1433 Curio
865 1392 991 1433 summa
1013 1392 1076 1433 om-

96 1479 185 1539 nium
207 1474 372 1538 voluntate
395 1473 548 1556 Iguvium
575 1475 699 1557 recipit.
745 1472 872 1554 Quibus
900 1462 998 1536 rebus
1027 1495 1098 1539 coa

96 1572 193 1664 gnitis
217 1578 355 1642 confisus
377 1579 624 1663 municipiorum
645 1575 865 1640 voluntatibus
881 1574 1002 1639 Caesar
1028 1598 1077 1639 co-

96 1685 204 1748 hortes
227 1681 359 1766 legionis
382 1699 457 1744 xm.
481 1704 523 1744 ex
546 1678 714 1766 praesidiis
738 1678 870 1743 deducit
885 1678 1076 1743 Auximum-

97 1809 159 1872 que
193 1785 420 1872 proficiscitur;
456 1784 543 1869 quod
574 1782 728 1870 oppidum
755 1782 864 1847 Attius
892 1783 1077 1847 cohortibus

84 1891 285 1977 ‚introductis
308 1889 440 1954 tenebat
463 1890 688 1974 delectumque
711 1898 777 1953 toto
800 1891 919 1954 Piceno
944 1890 1076 1953 circum-

96 1997 200 2058 missis
223 1991 426 2057 senatoribus
449 1992 600 2057 habebat.
1090 1941 1141 2051 ss

184 2096 232 2159 13.
256 2095 413 2159 Adventu
431 2094 579 2160 Caesaris
595 2098 722 2180 cognito
738 2095 927 2159 decuriones
943 2094 1076 2160 Auximi

97 2199 139 2263 ad
163 2198 290 2262 Attium
304 2199 430 2263 Varum
452 2199 639 2283 frequentes
662 2200 872 2280 conveniunt,
897 2197 1014 2262 docent
1029 2201 1077 2262 sui

98 2302 207 2365 iudicii
235 2323 306 2365 rem
327 2323 392 2366 non
415 2323 500 2384 esse3
530 2323 636 2386 neque
664 2323 698 2365 se
720 2321 826 2386 neque
848 2300 988 2385 reliquos
1011 2324 1077 2365 mu-

95 2407 216 2490 nicipes
245 2407 312 2489 pati
343 2427 436 2490 posse
466 2403 501 2468 C.
526 2404 700 2468 Caesarem
722 2406 965 2489 imperatorem,
994 2403 1077 2468 bene

96 2509 136 2572 de
170 2510 337 2593 republica
369 2511 536 2591 meritum,
571 2511 668 2573 tantis
697 2507 794 2571 rebus
828 2509 926 2591 gestis
960 2508 1077 2594 oppido

95 2613 328 2699 moenibusque
351 2613 536 2698 prohiberi3
566 2612 700 2697 proinde
723 2610 843 2675 habeat
866 2613 1023 2674 rationem
1046 2614 1078 2674 in

95 2727 260 2803 posterum
288 2719 427 2781 civitatis
450 2727 482 2781 et
504 2716 637 2800 periculi
660 2717 717 2778 sui.
764 2716 911 2796 Quorum
935 2717 1100 2779 orationes

95 2831 259 2906 permotus
282 2821 391 2884 Varus
420 2819 632 2904 praesidium,
663 2816 750 2902 quod
771 2817 1013 2899 introduxerat,
1036 2839 1079 2881 ex

96 2923 213 3009 oppido
242 2922 351 2987 educit
378 2945 417 2986 ac
447 2921 598 3008 profugit.
643 2921 742 2985 Hunc
770 2942 813 2984 ex
840 2923 943 3006 primo
966 2920 1100 2985 ordines

95 3029 190 3112 prauci
206 3025 355 3090 Caesaris
371 3025 534 3088 consecuti
557 3023 672 3087 milites
695 3025 869 3088 consistere
893 3032 1076 3107 coegerunt.

97 3130 274 3194 Commisso
304 3127 424 3218 proelio
447 3126 607 3191 deseritur
635 3149 655 3190 a
683 3129 748 3190 suis
770 3127 894 3209 Varus3
926 3125 1100 3191 nonnullae

95 3256 171 3319 pars
215 3231 352 3296 militum
390 3230 522 3295 domurn
567 3229 717 3314 discedit,
762 3229 877 3314 reliqui
922 3230 964 3294 ad
1001 3229 1079 3294 Cae.

95 3360 202 3402 sarem
235 3336 444 3421 perveniunt,
479 3343 578 3418 atque
611 3356 677 3398 una
717 3356 792 3398 cum
828 3335 865 3396 iis
900 3333 1078 3418 deprensus

96 3442 135 3505 L.
159 3441 297 3525 Pupius,
320 3439 414 3522 primi
437 3436 492 3521 pili
514 3439 674 3518 centurio,
698 3436 885 3517 adducitur,
916 3440 971 3520 qui
992 3434 1079 3499 hunc

96 3542 236 3607 eundem
274 3541 421 3607 ordinem
459 3542 493 3605 in
533 3542 680 3605 exercitu
720 3539 777 3604 Cn.
812 3540 947 3624 Pompei
983 3548 1079 3602 antea
