2376 3924
383 232 492 282 ursan
509 231 554 294 vr,
574 231 651 282 cnr.
670 233 780 282 rar-41.
1009 231 1068 294 167

176 421 227 486 40.
252 421 399 488 Calones
416 425 448 487 in
473 424 661 508 proximum
678 422 841 487 tumulum
856 429 1067 509 procurrunt.

88 528 179 593 Hinc
209 525 365 604 celeriter
394 526 516 592 deiecti
546 549 582 591 se
617 528 651 590 in
682 527 781 610 signa
814 525 1069 610 manipulosque

89 631 279 713 coniciunt,
296 650 334 693 eo
350 631 460 712 magis
477 629 613 695 timidos
628 638 817 716 perterrent
829 628 964 694 milites.
988 627 1091 710 Alii,2

90 756 198 800 cuneo
222 733 312 798 lacto
336 741 373 797 ut
389 733 546 798 celeriter
561 743 790 819 perrumpant,
814 742 964 816 censent,
988 755 1067 819 quo-

89 839 181 902 niam
203 845 274 901 tam
297 838 483 923 propinqua
501 838 569 901 sint
591 846 716 919 castra,
741 846 774 901 et
798 839 826 902 si
849 859 928 924 pars
953 834 1066 921 aliqua

90 943 323 1007 circumventa
346 941 524 1024 ceciderit,
559 950 594 1006 at
629 940 776 1027 reliquos
812 941 941 1013 servari
968 961 1067 1025 posse

91 1044 283 1127 confidunt3
307 1042 378 1126 alii,
401 1053 437 1109 ut
454 1046 488 1109 in
504 1044 584 1127 iugo
601 1045 792 1110 consistant
808 1053 909 1129 atque
926 1042 1091 1110 eundema

91 1171 206 1213 omnes
222 1149 333 1212 ferant
351 1170 476 1214 casum.
510 1147 584 1213 Hoc
601 1158 733 1214 veteres
756 1170 822 1213 non
840 1146 986 1234 probant
1009 1147 1091 1213 mi-4

90 1252 178 1334 lites,
195 1273 278 1337 quos
295 1251 358 1318 sub
373 1251 501 1318 vexillo
518 1274 585 1318 una
601 1252 769 1338 profectos
788 1251 972 1317 docuimus.
1000 1250 1068 1315 Ita-

91 1376 155 1440 que
178 1357 267 1420 inter
291 1378 327 1422 se
350 1354 519 1422 cohortati
544 1355 627 1421 duce
651 1353 737 1421 Gaio
754 1355 933 1439 Trebonio,
958 1357 1070 1441 equite

90 1459 253 1543 Romano,
276 1461 333 1545 qui
356 1461 405 1524 eis
429 1468 502 1524 erat
525 1461 749 1546 praepositus,
777 1481 837 1544 per
859 1451 988 1525 medios
1012 1459 1069 1524 ho-

92 1571 161 1626 stes
185 1572 404 1649 perrumpunt
426 1562 675 1649 incolumesque
704 1562 749 1627 ad
772 1585 872 1628 unum
898 1583 1012 1627 omnes
1036 1565 1071 1626 in

92 1674 208 1731 castra
220 1667 432 1751 perveniunt.
455 1666 527 1731 Hos
540 1665 712 1731 subsecuti
725 1665 861 1731 calones
875 1667 1094 1751 equitesques

92 1767 210 1832 codem
226 1770 351 1856 impetu
374 1769 518 1835 militum
533 1771 660 1835 virtute
677 1781 866 1836 servantur.
895 1770 941 1835 At
957 1771 992 1853 ii,
1015 1771 1093 1856 quio

93 1878 128 1941 in
144 1872 222 1955 iugo
239 1875 474 1958 constiterant,
497 1873 590 1939 nullo
607 1876 710 1939 etiam
725 1896 813 1939 nunc
830 1897 892 1939 usu
915 1874 964 1938 rei
986 1872 1072 1938 mili·

92 1977 176 2042 taris
189 1988 347 2065 percepto
371 2000 479 2064 neque
496 1981 530 2044 in
547 2001 596 2063 eo,
620 1978 709 2064 quod
731 1978 970 2066 probaverant,
994 1999 1071 2042 con·

93 2080 170 2147 silio
193 2104 406 2168 permanere,
430 2092 467 2148 ut
492 2105 528 2150 se
550 2082 623 2148 loco
648 2085 819 2170 superiore
844 2082 1072 2164 defenderent,

92 2207 200 2272 neque
216 2208 301 2270 eam,
324 2209 424 2274 quam
439 2186 601 2274 prodesse
618 2187 696 2253 aliis
712 2189 781 2252 vim
797 2186 1073 2270 celeritatemque

91 2289 262 2373 viderant,
280 2292 407 2356 imitari
419 2300 610 2376 potuerunt,
628 2290 688 2356 sed
701 2313 736 2356 se
749 2293 783 2355 in
796 2299 912 2354 castra
924 2290 1072 2374 recipcre

87 2380 209 2459 ¹conati
232 2395 384 2481 iniquum
406 2395 441 2460 in
464 2394 575 2460 locum
592 2394 808 2460 demiserunt.
839 2391 1093 2475 Centuriones,r

92 2518 233 2582 quorum
255 2497 409 2563 nonnulli
432 2520 475 2563 ex
490 2496 706 2564 inferioribus
731 2495 905 2562 ordinibus
928 2495 1073 2581 reliqua·

92 2622 166 2666 rum
189 2599 360 2683 legionum
383 2602 520 2667 virtutis
546 2623 652 2667 causa
686 2601 721 2665 in
753 2601 941 2686 superiores
977 2607 1073 2663 erant

93 2703 230 2768 ordines
255 2704 352 2770 huius
368 2703 514 2789 legionis
531 2703 693 2788 traducti,
715 2726 758 2769 ne
781 2712 861 2768 ante
876 2712 1009 2789 partam
1025 2704 1073 2767 roi

93 2804 253 2872 militaris
277 2806 414 2873 laudem
439 2809 653 2891 amitterent,
676 2807 860 2872 fortissime
882 2815 1073 2892 pugnantes

93 2909 326 2977 conciderunt.
348 2910 493 2977 Militum
516 2933 595 2998 pars
619 2911 737 2977 horum
758 2912 885 2976 virtute
909 2909 1095 2975 submotiss

93 3011 248 3079 hostibus
264 3023 399 3100 praeter
414 3037 506 3102 spem
521 3014 698 3081 incolumis
723 3016 755 3078 in
780 3023 895 3080 castra
910 3015 1073 3099 pervenit,

93 3138 173 3203 pars
198 3140 219 3183 a
240 3116 399 3184 barbaris
423 3119 655 3185 circumventa
678 3119 789 3204 periit.

179 3217 232 3285 41.
250 3218 600 3309 Germanidesperata
614 3221 1072 3308 expugnationecastrorum,

93 3324 184 3410 quod
206 3333 340 3391 nostros
357 3327 424 3391 iam
447 3327 641 3392 constitisse
665 3326 697 3390 in
722 3324 963 3390 munitionibus
980 3323 1072 3389 vide·

94 3426 190 3511 bant,
213 3450 288 3495 cum
311 3450 351 3493 ea
373 3428 512 3515 praede,
536 3451 637 3515 quam
660 3430 695 3494 in
719 3427 813 3493 silvis
839 3428 1073 3513 deposuerant,

95 3541 192 3597 trans
203 3531 355 3599 Rhenum
366 3554 441 3599 sese
452 3541 653 3618 receperunt
691 3531 741 3597 Ac
761 3539 877 3597 tantus
896 3531 1094 3597 fuitetiams
1181 3528 1184 3535 '
