2376 3924
479 233 556 285 cle.
575 235 684 284 sa-st
1006 233 1070 300 265

181 423 232 488 60,
256 423 404 488 Caesaris
439 432 547 487 autem
581 426 666 487 acies
688 424 750 487 hoc
771 422 867 487 modo
895 423 956 487 fuit
979 424 1069 488 collo-

96 538 178 610 cata,
202 537 239 591 ut
260 526 302 591 ab
326 526 453 592 sinistro
469 527 538 591 eius
554 546 655 591 cornu
670 525 778 590 ordiar
800 521 902 611 [etad
917 526 1069 601 dextrum

95 626 309 718 perveniam]:
354 629 467 695 habuit
499 629 658 715 legionem
691 649 735 714 x,
771 649 855 694 vl111.
886 633 920 694 in
942 633 1069 695 sinistro

95 759 204 819 cornu,
228 753 317 815 xxv,
344 751 589 814 xxvr11.,x111.,
616 751 715 815 xuu,
742 751 889 814 xxvuu,
917 753 1012 803 xxvi.
1037 740 1069 800 in

93 840 201 904 media
223 841 302 904 acie.
347 840 386 903 In
410 861 467 904 suo
490 847 600 903 autem
622 838 739 903 dextro
763 861 864 904 cornu
886 862 904 902 e
927 840 1092 905 secunda2

94 946 163 1008 acie
185 952 415 1008 veteranarum
437 942 599 1028 legionum
628 953 755 1029 partem
777 943 957 1008 cohortium
979 943 1069 1009 collo·

95 1056 235 1130 caverat,
259 1054 429 1132 praeterea
446 1069 488 1111 ex
504 1049 645 1111 tironum
668 1069 789 1132 paucas
805 1046 976 1112 adiecerat.
993 1049 1091 1112 Ter-³

94 1153 172 1215 tiam
188 1160 297 1216 autem
312 1152 415 1214 aciem
438 1150 470 1213 in
487 1151 651 1214 sinistrum
666 1171 760 1214 suum
776 1172 876 1215 cornu
892 1151 1070 1216 contulerat

95 1264 127 1318 et
148 1276 250 1338 usque
274 1253 317 1317 ad
338 1255 418 1317 aciei
441 1275 518 1318 suae
541 1253 682 1327 mediam
704 1254 864 1340 legionem
880 1265 1071 1341 porrexerat

95 1367 126 1421 et
149 1361 193 1421 ita
216 1357 439 1439 collocaverat,
463 1359 510 1421 uti
533 1360 697 1423 sinistrum
720 1380 814 1422 suum
830 1381 930 1423 cornu
952 1359 1070 1444 triplex

95 1471 188 1524 esset.
235 1462 274 1525 Id
300 1484 337 1527 eo
366 1462 496 1527 consilio
524 1465 656 1547 fecerat,
692 1463 779 1549 quod
801 1486 896 1528 suum
918 1463 1090 1528 dextrum⁴

94 1564 177 1628 latus
211 1565 442 1631 munitionibus
486 1566 713 1650 adiuvabatur,
754 1569 918 1631 sinistrum
951 1577 1069 1650 autem,

95 1671 257 1752 equitatus
291 1669 431 1734 hostium
463 1670 661 1736 multitudini
690 1673 738 1736 uti
760 1673 866 1736 resisti
889 1680 1006 1756 posset,
1029 1670 1070 1734 la-

93 1773 246 1856 borabat,
264 1772 442 1858 eodemque
454 1796 548 1838 suum
560 1795 687 1838 omnem
698 1776 877 1859 equitatum
893 1773 1072 1839 contulerat

95 1886 136 1960 et,
160 1877 246 1962 quod
269 1879 298 1940 ei
320 1901 435 1963 parum
450 1878 644 1960 confidebat,
667 1878 828 1964 praesidio
843 1878 893 1942 his
909 1877 1070 1962 equitibus

96 1980 254 2067 legionem
278 2000 308 2046 v.
333 1983 545 2067 praemiserat
572 1981 742 2068 levemque
765 1991 965 2046 armaturam
987 1984 1071 2046 inter

94 2087 218 2169 equites
251 2087 496 2170 interposuerat.
543 2087 735 2171 Sagittarios
763 2089 853 2150 varie
886 2088 1093 2171 passimqueo

94 2187 170 2250 locis
194 2190 290 2252 certis
312 2190 518 2274 maximeque
541 2191 574 2252 in
598 2189 749 2254 cornibus
771 2188 994 2254 collocaverat.

183 2289 235 2354 61.
260 2291 314 2357 Sic
335 2300 547 2376 utrorumque
571 2295 734 2357 exercitus
756 2294 904 2357 instructi
919 2314 984 2356 non
1000 2290 1071 2376 plus

95 2415 251 2478 passuum
274 2409 336 2457 ccc
359 2395 526 2459 interiecto
549 2396 663 2479 spatio,
687 2394 774 2479 quod
797 2396 931 2460 forsitan
947 2403 1022 2459 ante
1038 2392 1071 2457 id

94 2505 221 2582 tempus
244 2497 398 2562 acciderit
412 2519 590 2583 numquam
606 2500 685 2583 quin
700 2498 917 2581 dimicaretur,
941 2521 961 2561 a
976 2519 1071 2561 mane

94 2622 196 2685 usque
219 2599 262 2665 ad
284 2601 397 2665 horam
420 2619 452 2665 x.
477 2600 528 2665 die
552 2602 770 2686 perstiterunt.
794 2601 928 2686 Iamque
951 2601 1094 2667 caesara

97 2703 175 2767 dum
198 2706 377 2768 exercitum
400 2706 486 2768 intra
508 2706 702 2769 munitiones
725 2727 800 2770 suas
822 2705 980 2770 reducere
1003 2728 1072 2770 coe·

96 2809 203 2891 pisset,
242 2808 348 2873 subito
385 2810 556 2874 universus
594 2811 756 2895 equitatus
792 2809 926 2875 ulterior
962 2812 1071 2876 Numi-

95 2910 211 2975 darum
234 2912 511 2998 Gaetulorumque
545 2914 613 2977 sine
645 2913 745 2978 frenis
768 2913 811 2978 ab
834 2913 951 2979 dextra
979 2923 1071 3000 parte

96 3036 129 3077 se
160 3037 290 3080 movero
324 3018 520 3102 propiusque
544 3015 693 3082 Caesaris
721 3026 837 3101 castra,
872 3040 956 3103 quae
979 3027 1073 3083 erant

95 3120 127 3181 in
152 3119 247 3201 colle,
264 3142 299 3184 se
322 3119 469 3186 conferre
492 3123 607 3206 coepit,
630 3120 777 3186 frenatus
801 3130 910 3187 autem
932 3121 1071 3187 Labieni

96 3244 194 3307 eques
217 3225 250 3287 in
272 3222 342 3288 looo
365 3246 557 3310 permanere
580 3225 786 3310 legionesque
809 3226 969 3291 detinere:
998 3245 1107 3312 cumr·
1131 3297 1133 3304 ¹

95 3324 200 3390 subito
234 3348 311 3411 pars
345 3328 508 3412 equitatus
530 3326 679 3393 Caesaris
713 3351 788 3394 cum
814 3328 877 3394 levi
906 3338 1073 3395 armatura

95 3438 208 3494 contra
231 3429 386 3496 Gaetulos
408 3432 532 3497 iniussu
553 3454 592 3497 ac
614 3440 736 3497 temere
763 3431 888 3516 longius
911 3434 1073 3517 progressi

97 3533 315 3620 paludemque
337 3535 532 3623 transgressi
553 3535 793 3603 multitudinem
814 3535 955 3602 hostium
978 3537 1074 3621 pauci
