2376 3924
363 229 472 280 arnna
489 229 539 292 111,
559 229 636 282 cnr.
654 231 766 281 ss-os.
994 229 1055 294 153

82 441 156 482 eum
178 417 271 481 electi
303 415 418 482 milites
452 418 580 483 circiter
608 433 678 481 cxx
707 417 880 484 voluntarii
913 419 1057 483 eiusdem

81 523 245 585 centuriae
268 529 342 585 sunt
364 523 534 606 prosecuti.

166 625 216 689 92.
240 625 330 689 Inter
352 623 433 690 duas
456 627 541 690 acies
563 634 690 690 tantum
705 634 776 689 erat
790 625 937 690 relictum
953 629 1056 712 spatii,

80 739 116 793 ut
150 732 226 794 satis
260 737 346 794 esset
378 728 421 793 ad
455 751 647 794 concursum
684 732 852 815 utriusque
885 733 1056 794 exercitus.

81 834 146 900 Sed
168 835 341 920 Pompeius
375 836 440 898 suis
474 833 692 919 praedixerat,
727 843 763 898 ut
785 832 933 898 Caesaris
961 836 1057 919 impe-

80 947 150 1002 tum
184 939 373 1023 exciperent
405 959 488 1001 neve
522 959 556 1001 se
589 937 658 1002 loco
690 947 859 1002 moverent
891 939 1057 1021 aciemque

80 1044 149 1106 eius
172 1042 308 1107 distrahi
330 1050 533 1127 paterentur3
571 1042 669 1127 idque
692 1043 858 1106 admonitu
881 1040 916 1106 Ο.
940 1043 1079 1106 Triariir

80 1144 193 1209 fecisse
216 1145 395 1227 dicebatur,
419 1154 454 1210 ut
477 1147 599 1230 primus
622 1167 778 1210 excursus
793 1147 907 1229 visque
923 1144 1058 1208 militum

80 1249 309 1333 infringeretur
342 1251 492 1333 aciesque
527 1248 774 1332 distenderetur,
812 1258 909 1333 atque
937 1251 970 1312 in
993 1251 1058 1312 suis

81 1353 247 1417 ordinibus
270 1352 415 1437 dispositi
443 1352 604 1438 dispersos
633 1352 853 1436 adorirentur,
892 1352 1058 1436 leviusque

82 1447 198 1519 casura
221 1455 285 1541 pila
309 1455 462 1541 sperabat
477 1459 511 1521 in
526 1456 595 1522 loco
617 1459 751 1522 retentis
773 1455 937 1538 militibus,
961 1477 1059 1539 quam

82 1561 107 1621 si
141 1561 202 1643 ipsi
235 1561 385 1623 immissis
419 1559 489 1623 telis
525 1562 748 1643 occurrissent,
783 1558 877 1623 simul
910 1558 988 1640 fore,
1023 1566 1059 1621 ut

82 1661 244 1746 duplicato
277 1684 374 1726 cursu
408 1660 556 1726 Caesaris
589 1663 706 1727 milites
740 1664 1004 1727 exanimarentur
1027 1670 1060 1725 et

81 1765 269 1830 lassitudine
292 1767 537 1831 conficerentur.
583 1768 680 1850 Quod
702 1767 797 1833 nobis
819 1767 949 1852 quidem
971 1765 1079 1831 nullas

81 1872 204 1934 ratione
233 1870 355 1934 factum
378 1893 397 1935 a
419 1871 574 1956 Pompeio
596 1872 736 1954 videtur,
770 1881 942 1958 propterea
972 1870 1058 1955 quod

81 1983 129 2037 est
152 1974 313 2059 quaedam
341 1976 439 2038 animi
467 1976 610 2039 incitatio
633 1984 731 2060 atque
754 1975 903 2040 alacritas
930 1983 1059 2040 natura·

80 2078 152 2142 liter
174 2082 285 2144 innata
308 2078 465 2161 omnibus,
489 2100 573 2163 quae
596 2079 701 2144 studio
717 2101 846 2165 pugnae
861 2079 1058 2161 incenditur;

81 2181 166 2245 hanc
187 2204 253 2246 non
275 2185 462 2268 reprimere,
486 2181 544 2246 sed
559 2184 907 2268 augereximperatores
922 2181 1058 2264 debent3

82 2306 188 2368 neque
210 2285 330 2349 frustra
353 2288 529 2369 antiquitus
552 2288 733 2350 institutum
757 2295 815 2369 est,
838 2295 875 2350 ut
897 2288 989 2372 signa
1003 2308 1059 2350 un-

83 2388 181 2472 dique
209 2391 416 2454 concinerent
446 2388 684 2474 clamoremque
718 2392 862 2455 universi
895 2389 1058 2473 tollerent3

83 2492 199 2576 quibus
221 2491 319 2556 rebus
342 2501 374 2556 ct
396 2493 504 2557 hostes
526 2496 641 2558 terreri
663 2502 695 2557 et
717 2515 791 2558 suos
812 2496 939 2560 incitari
954 2497 1060 2559 existi-

82 2605 264 2659 uraverunt.

170 2698 220 2761 93.
244 2697 310 2765 Sed
332 2701 433 2764 nostri
466 2697 582 2763 milites
605 2699 681 2764 dato
716 2701 806 2783 signo
835 2721 909 2765 cum
938 2700 1060 2766 infestis

83 2802 153 2887 pilis
176 2807 452 2888 procucurrissent
473 2813 571 2889 atque
594 2806 738 2868 animum
759 2802 976 2870 advertissent
996 2826 1061 2868 non

84 2909 232 2971 concurri
260 2931 280 2972 a
301 2908 516 2993 Pompeianis,
550 2928 612 2972 usu
644 2908 738 2992 periti
771 2929 810 2971 ac
843 2907 1061 2993 superioribus

83 3014 199 3096 pugnis
223 3014 391 3077 exercitati
414 3034 473 3076 sua
495 3019 608 3096 sponte
632 3032 762 3076 cursum
783 3020 1007 3097 represserunt
1029 3019 1062 3074 et

83 3116 126 3180 ad
148 3115 290 3180 medium
313 3116 380 3181 fere
402 3117 541 3200 spatium
564 3117 784 3199 constiterunt,
807 3137 848 3179 ne
865 3117 1069 3200 consumptis.

83 3218 206 3284 viribus
240 3222 547 3306 appropinquarent,
580 3241 748 3305 parvoque
781 3221 962 3284 intermisso
984 3228 1061 3282 tem-

84 3326 169 3407 poris
193 3326 295 3410 spatio
319 3346 358 3389 ac
379 3346 491 3389 rursus
512 3331 668 3388 renovato
692 3345 789 3389 cursu
811 3323 875 3409 pila
904 3324 1062 3386 miserunt

84 3427 305 3513 celeriterque,
327 3437 364 3493 ut
386 3437 456 3492 erat
477 3435 688 3515 praeceptum
710 3449 730 3491 a
753 3426 903 3510 Caesare,
937 3424 1061 3511 gladios

85 3534 295 3599 strinxerunt
340 3533 472 3618 Neque‘
488 3554 567 3600 voro
600 3531 788 3616 Pompeiani
821 3530 896 3595 huic
928 3530 976 3594 rei
1009 3529 1083 3594 dea
