2376 3924
117 242 180 306 236
419 244 468 293 un
488 241 608 293 nunno
628 242 785 293 cunnioo

116 439 244 495 remota
261 452 335 494 esse
351 430 529 513 iudicaret,
553 431 706 497 omnibus
723 431 823 496 rebus
839 430 1091 496 inserviendum

116 535 246 616 statuit,
270 554 334 620 quo
350 533 492 599 celerius
509 533 616 599 hostis
632 543 823 621 contempta
841 557 901 601 sua
917 536 1090 621 paucitate

93 638 265 723 aprodiret
288 640 323 703 in
346 640 463 729 aciem.
491 637 681 723 Singularis
705 640 793 703 enim
821 639 957 704 virtutis
980 647 1090 705 veter·

113 744 215 806 rimas
245 741 395 827 legiones
419 759 491 825 vn,
520 760 604 826 vm,
632 760 721 807 v1111.
744 742 909 826 habebat,
941 765 1090 808 summae

114 847 185 930 spei
215 845 432 933 delectaeque
461 848 644 913 iuventutis
673 863 728 926 xl,
757 870 843 933 quae
872 856 991 912 octavo
1022 849 1090 912 iam

115 949 283 1034 stipendio
305 959 418 1014 tamen
443 951 477 1014 in
502 950 684 1015 collatione
713 952 918 1036 reliquarum
940 949 1089 1015 nondum

115 1053 255 1118 eandem
284 1055 466 1118 vetustatis
495 1076 535 1119 ac
565 1056 701 1119 virtutis
726 1064 863 1140 ceperat
887 1055 1088 1139 opinionem.

91 1158 231 1242 ultaque
260 1155 600 1224 consilio-advocato
630 1158 730 1245 rebus
766 1160 818 1240 iis,
853 1179 940 1244 quae
974 1156 1019 1222 ad
1053 1179 1089 1221 se

114 1269 226 1325 essent
251 1259 397 1344 delatae,
421 1261 574 1326 omnibus
600 1263 763 1347 expositis
787 1263 916 1326 animos
937 1261 1088 1327 multitu-

115 1364 202 1429 dinis
232 1364 417 1429 confirmat.
452 1363 488 1430 Si
517 1365 604 1430 forte
633 1365 747 1430 hostes
782 1366 884 1430 trium
917 1365 1088 1448 legionum

111 1488 249 1532 numero
270 1476 384 1553 posset
408 1466 529 1533 elicere
552 1468 598 1533 ad
615 1468 851 1552 dimicandum,
875 1470 1019 1552 agminis
1037 1490 1088 1533 or-

114 1572 224 1636 dinem
241 1574 290 1637 ita
306 1574 492 1655 constituit,
516 1582 553 1637 ut
569 1572 658 1658 legio
679 1575 832 1660 septima,
849 1582 982 1657 octava,
997 1595 1088 1638 nona

113 1684 192 1740 ante
216 1677 327 1741 omnia
350 1677 437 1741 irent
454 1676 704 1762 impedimenta,
728 1677 849 1742 deinde
866 1679 1012 1742 omnium
1028 1678 1089 1742 im-

112 1779 377 1865 pedimentorum
402 1801 533 1865 agmen,
563 1782 651 1866 quod
674 1791 788 1847 tamen
812 1791 884 1848 erat
908 1781 1088 1865 mediocre,

112 1893 148 1947 ut
172 1885 207 1947 in
231 1884 503 1969 expeditionibus
528 1907 602 1949 esse
618 1887 805 1969 consuevit,
829 1894 965 1969 cogeret
985 1885 1086 1950 unde·

113 1989 210 2070 cima,
233 2011 275 2052 ne
297 1988 434 2052 maioris
457 1988 682 2054 multitudinis
707 1992 836 2075 species
853 1989 1007 2054 accidere
1030 1989 1087 2054 ho·

90 2089 220 2155 ustibus
233 2100 355 2177 posset,
370 2113 469 2176 quam
481 2093 546 2178 ipsi
560 2092 845 2178 depoposcissent.
866 2093 941 2158 Hac
954 2095 1088 2159 ratione

111 2217 218 2280 paene
247 2195 412 2281 quadrato
447 2198 581 2280 agmine
616 2198 780 2262 instructo
812 2199 1087 2282 inconspectum

111 2298 256 2363 hostium
273 2300 416 2364 celerius
433 2301 588 2387 opinione
604 2323 717 2367 eorum
734 2303 919 2367 exereitum
936 2301 1087 2368 adducit.

198 2402 227 2465 9.
251 2400 335 2468 (lum
359 2414 495 2490 repente
519 2405 704 2470 instructas
729 2404 821 2470 velut
845 2406 879 2469 in
903 2407 976 2470 acie
993 2415 1086 2470 certo

112 2505 221 2588 gradu
249 2507 400 2591 legiones
430 2509 592 2574 accedere
623 2507 715 2574 Galli
744 2510 919 2592 viderunt,
949 2531 1087 2595 quorum

112 2620 207 2674 erant
231 2612 275 2676 ad
293 2610 474 2678 Caesarem
495 2612 597 2700 plena
619 2614 763 2679 fiduciae
779 2613 921 2679 consilia
944 2613 1086 2700 perlata,

111 2713 182 2777 sive
206 2716 401 2780 certaminis
424 2715 574 2804 periculo
599 2719 671 2782 sive
694 2717 806 2783 subito
835 2717 985 2783 adventu
1015 2719 1087 2782 sive

90 2821 368 2901 exspectatione
391 2822 499 2885 nostri
523 2819 657 2886 consilii
687 2823 803 2909 copias
832 2824 1003 2888 instruunt
1026 2843 1086 2907 pro

89 2920 232 2984 acastris
256 2944 317 2986 nec
341 2922 413 2987 loco
440 2926 610 3009 superiore
641 2925 818 2990 decedunt.
854 2923 998 3008 Caesar,
1022 2925 1085 2988 etsi

112 3021 272 3089 dimicare
289 3035 476 3112 optaverat,
493 3036 607 3092 tamen
622 3028 810 3094 admiratus
826 3038 959 3094 tantam
974 3026 1086 3093 multi-

110 3125 261 3192 tudinem
288 3129 435 3194 hostium
466 3130 554 3196 valle
584 3133 778 3197 intermissa
807 3133 916 3215 magis
946 3134 979 3196 iu
1008 3130 1086 3195 alti-

110 3229 261 3296 tudinem
285 3232 443 3318 depressa
461 3256 560 3319 quam
577 3234 646 3300 late
661 3245 800 3321 patente
824 3246 939 3301 castra
963 3236 1085 3300 castris

89 3332 255 3400 chostium
278 3337 416 3402 confert.
451 3339 547 3405 Haec
576 3340 717 3425 imperat
747 3341 838 3406 vallo
861 3341 983 3426 pedum
1007 3339 1086 3404 duo·

113 3437 219 3503 decim
243 3442 376 3524 muniri,
401 3442 577 3507 loriculam
599 3465 659 3529 pro
683 3445 747 3509 hac
771 3447 903 3510 ratione
922 3445 993 3509 eius
1010 3442 1087 3507 alti·

110 3541 239 3607 tudinis
256 3545 485 3631 inaedificari3
500 3546 627 3613 fossam
644 3547 811 3634 duplicem
827 3548 948 3633 pedum
964 3547 1086 3612 denum
1125 3548 1128 3556 “
