2376 3924
356 227 467 280 niens
485 227 535 288 111,
555 226 631 276 cnr.
651 227 761 275 ra-re.
996 225 1056 289 103

78 428 224 505 portare,
259 427 357 503 atque
380 417 478 480 etiam
499 437 564 480 uno
587 424 732 501 tempore
755 414 889 498 accidit,
917 425 955 481 ut
976 415 1081 486 ciffi-r

79 522 241 588 cilioribus
264 524 314 586 usi
336 518 582 606 tempestatibus
598 541 641 582 ex
656 516 802 604 pellibus,
826 519 943 604 quibus
965 531 1058 585 erant

79 636 183 690 tectae
206 648 317 706 naves,
341 633 535 688 nocturnum
551 624 703 708 excipere
718 644 826 687 rorem
848 633 1056 709 cogerentur3

80 755 161 816 quas
178 741 285 794 tamen
302 726 509 793 difficultates
525 727 685 812 patienter
700 735 798 810 atque
822 748 926 812 aequo
951 729 1081 793 animoa

78 834 228 898 ferebant
255 854 360 917 neque
388 829 449 895 sibi
478 828 633 894 nudanda
655 828 748 893 litora
778 838 810 893 et
831 828 1059 915 relinquendos

81 948 193 1023 portus
215 932 455 1001 existimabant.
494 931 559 998 Sed
582 954 657 996 cum
679 941 787 996 essent
809 934 842 996 in
864 931 983 1018 quibus
1006 931 1082 1000 rie-e

79 1041 257 1105 monstravi
286 1038 457 1121 angustiis,
491 1058 530 1099 ae
563 1056 597 1097 se
625 1033 709 1099 Libo
739 1058 813 1099 oum
840 1033 958 1100 Bibulo
987 1058 1059 1100 con·

82 1146 249 1224 iunxisset,
273 1141 448 1225 loquuntur
471 1137 566 1203 ambo
583 1160 625 1201 ex
640 1137 778 1202 navibus
795 1161 869 1203 cum
883 1137 938 1204 Μ’.
957 1138 1060 1204 Acilio

83 1258 116 1311 et
138 1248 240 1313 Statio
263 1246 377 1309 Murco
401 1242 530 1326 legatis,
554 1262 692 1326 quorum
715 1241 796 1306 alter
818 1242 927 1330 oppidi
949 1245 1059 1324 muris,

80 1351 161 1415 alter
194 1347 362 1435 praesidiis
395 1344 603 1409 terrestribus
636 1354 802 1429 praeerat:
835 1345 918 1409 velle
951 1368 986 1410 se
1020 1345 1061 1410 de

80 1456 230 1518 maximis
253 1451 351 1515 rebus
374 1472 447 1513 cum
464 1447 603 1513 Caesare
626 1447 722 1532 loqui,
748 1450 775 1511 si
796 1447 933 1513 facultas
956 1447 1060 1512 detur.

81 1561 155 1622 Huc
171 1556 296 1621 addunt
311 1576 416 1640 pauca
431 1555 477 1617 rei
494 1551 735 1617 confirmandae
751 1574 859 1632 causa,
875 1561 912 1617 ut
923 1552 964 1617 de
977 1575 1083 1617 com-r

81 1664 236 1747 positione
260 1660 363 1723 acturi
377 1656 575 1721 viderentur.
598 1655 733 1720 Interim
748 1656 911 1740 postulant
933 1665 969 1720 ut
997 1659 1061 1720 sint

81 1765 234 1846 indutiae,
270 1772 368 1848 atque
397 1760 444 1850 ,ab
478 1762 516 1824 iis
548 1761 732 1846 impetrant.
778 1761 937 1844 Magnum
965 1761 1083 1842 enim,s

81 1868 167 1954 quod
191 1866 388 1947 afferebant,
417 1863 605 1946 videbatur,
629 1872 662 1928 et
684 1862 858 1929 caesarem
880 1863 914 1929 id
937 1886 1060 1929 summo

81 1972 226 2037 sciebant
248 1992 381 2057 cupere,
411 1979 443 2033 et
472 1968 652 2053 profectum
674 1967 795 2053 aliquid
818 1967 951 2033 Vibullii
973 1991 1060 2032 man·

81 2077 164 2141 datis
189 2073 446 2141 existimabatur.

169 2181 217 2242 1o.
253 2178 374 2242 (laesae
402 2200 439 2241 eo
467 2187 612 2262 tempore
644 2198 717 2240 cum
745 2175 869 2260 legione
897 2197 963 2239 una
992 2198 1061 2260 pro-

82 2285 184 2347 fectus
218 2281 261 2346 ad
294 2279 497 2366 recipiendas
534 2279 702 2343 ulteriores
740 2281 887 2343 civitates
925 2288 957 2343 et
993 2302 1062 2342 rern

81 2387 328 2450 frumentariam
356 2381 609 2467 expediendam,
639 2404 704 2466 qua
733 2391 869 2465 angusto
898 2381 1061 2462 utebatur,

83 2501 153 2553 erat
177 2489 219 2551 ad
235 2487 441 2567 Buthrotum,
466 2487 648 2571 oppositum
664 2482 836 2568 Corcyrae.
872 2484 923 2549 Ibi
946 2487 1084 2550 certiora

83 2593 124 2656 ab
148 2592 251 2656 Acilio
274 2603 307 2657 et
329 2594 443 2657 Murco
472 2613 530 2676 per
552 2589 674 2653 litteras
702 2589 807 2652 factus
830 2588 871 2652 de
895 2589 1062 2674 postulatis

84 2697 216 2761 Libonis
246 2707 278 2761 ct
309 2694 415 2760 Bibuli
444 2694 603 2777 legionem
636 2691 801 2776 relinquit3
837 2695 905 2778 ipse
929 2695 1062 2760 Oricum

81 2803 265 2864 revertitur.
296 2800 345 2864 Eo
369 2821 442 2863 cum
465 2799 615 2878 venisset,
640 2805 818 2861 evocantur
840 2795 883 2860 illi
907 2796 949 2861 ad
972 2796 1085 2863 collo-e

83 2906 203 2988 quium.
233 2902 346 2967 Prodit
361 2901 445 2966 Libo
467 2910 566 2986 atque
589 2908 726 2964 excusat
739 2899 902 2983 Bibulum,
927 2900 1013 2984 quod
1037 2902 1063 2964 is

83 3006 250 3071 iracundia
278 3027 404 3070 summa
433 3013 504 3069 erat
531 3004 777 3088 inimicitiasque
800 3003 943 3068 habebat
966 3006 1063 3068 etiam

83 3113 226 3195 privatas
249 3132 323 3173 cum
346 3108 486 3174 Caesare
509 3129 552 3171 ex
574 3105 737 3172 aedilitate
759 3116 792 3172 et
814 3118 968 3192 praetura
991 3131 1063 3172 con-

83 3223 208 3298 ceptas:
226 3213 266 3276 ob
283 3234 356 3276 eam
371 3232 503 3275 eausam
520 3209 713 3296 colloquium
727 3212 857 3293 vitasse,
874 3234 915 3276 ne
931 3234 983 3276 res
998 3235 1064 3275 ma-

83 3319 190 3380 ximae
207 3318 274 3401 spei
288 3316 515 3398 maximaeque
538 3311 683 3378 utilitatis
698 3315 767 3378 eius
782 3314 951 3379 iracundia
966 3316 1063 3400 impe-

83 3421 238 3485 direntur.
269 3420 326 3484 Eis
350 3440 509 3482 summam
531 3439 601 3481 esse
623 3439 662 3482 ac
683 3417 782 3482 fuisse
804 3439 932 3504 semper
954 3416 1086 3482 volunt

82 3533 199 3607 tatem,
221 3533 257 3587 ut
278 3531 524 3607 componeretur
546 3529 644 3606 atque
660 3520 702 3585 ab
718 3522 816 3584 armis
832 3518 1061 3602 discederetur,
