2376 3924
117 229 157 293 68
419 229 468 278 DE
487 229 608 279 BELLO
632 228 789 279 Gannico

116 442 156 483 ac
173 420 239 484 iam
254 426 291 482 ut
306 419 417 483 omnia
432 428 551 484 contra
564 418 754 504 opinionem
766 418 971 503 acciderent,
984 428 1098 485 tamen

118 546 153 587 se
176 544 277 608 quam
299 522 479 608 plurimum
502 522 647 589 navibus
665 544 773 608 posse,
797 523 966 589 Romanos
989 545 1098 610 neque

118 626 222 691 ullam
245 626 443 692 facultatem
466 626 592 692 habere
613 627 751 692 navium
780 648 887 712 neque
915 649 1028 692 eorum
1051 627 1097 691 lo-

119 753 243 811 corum,
266 730 325 794 ubi
340 729 465 795 bellum
482 732 610 813 gesturi
627 739 751 812 essent,
775 730 875 813 vada,
899 739 1026 816 portus,
1050 733 1099 795 in-

97 834 212 898 rsulas
229 835 380 916 novisse3
404 855 444 899 ac
460 832 561 917 longe
578 833 680 898 aliam
704 856 779 898 esse
793 835 1047 917 navigationem
1064 837 1099 899 in

120 936 279 1002 concluso
292 938 377 1001 mari
391 946 492 1022 atque
508 939 542 1001 in
558 940 754 1004 vastissimo
773 948 874 1024 atque
886 941 1098 1024 apertissimo

97 1040 258 1106 sOceano
287 1040 548 1126 perspiciebant.
594 1042 658 1106 His
681 1042 773 1106 initis
800 1040 952 1108 consiliis
977 1043 1100 1128 oppida

119 1145 283 1226 muniunt,
307 1143 474 1211 frumenta
498 1168 540 1210 ex
563 1147 656 1230 agris
673 1146 706 1210 in
732 1145 854 1231 oppida
878 1155 1100 1232 comportant,

98 1269 225 1312 enaves
260 1248 294 1311 in
318 1247 514 1331 Venetiam,
549 1248 607 1314 ubi
635 1248 816 1314 Caesarem
848 1250 992 1335 primum
1026 1271 1100 1314 esse

122 1349 247 1415 bellum
263 1360 435 1434 gesturum
451 1352 643 1435 constabat,
660 1352 932 1438 quamplurimas
949 1362 1100 1438 possunt,

91 1478 115 1516 1o
128 1463 263 1540 cogunt.
283 1454 399 1521 Socios
416 1456 481 1521 sibi
498 1457 542 1523 ad
555 1457 590 1522 id
605 1456 729 1522 bellum
744 1457 905 1540 Osismos,
920 1456 1102 1539 Lexouios,

122 1561 316 1643 Namnetes,
333 1559 548 1643 Ambiliatos,
564 1562 725 1646 Morinos,
740 1561 963 1644 Diablintres,
986 1561 1102 1625 Mena-

122 1665 195 1750 pios
219 1663 434 1748 adscisount3
458 1664 587 1730 auxilia
603 1689 646 1730 ex
661 1666 851 1749 Britannia,
875 1686 960 1751 quae
983 1672 1102 1730 contra

125 1791 182 1832 eas
206 1768 362 1850 regiones
385 1770 496 1855 posita
521 1779 581 1853 est,
605 1778 793 1835 arcessunt.

211 1869 260 1934 10.
283 1871 390 1936 Erant
413 1873 478 1937 hae
507 1872 723 1939 difficultates
744 1872 825 1938 belli
841 1871 996 1957 gerendi,
1019 1894 1103 1957 quas

126 1998 227 2060 supra
244 1975 462 2060 ostendimus,
487 1977 547 2042 sed
564 1977 669 2043 multa
680 1976 861 2043 Caesarem
878 1986 990 2041 tamen
1008 1974 1103 2040 adid

103 2079 249 2148 abellum
265 2078 473 2144 incitabant:
496 2081 640 2145 iniuriae
656 2088 862 2147 retentorum
878 2080 1026 2165 equitum
1040 2078 1104 2142 Ro·

124 2204 309 2265 manorum,
332 2181 470 2249 rebellio
493 2185 587 2249 facta
610 2193 686 2269 post
709 2183 930 2266 deditionem,
960 2181 1104 2247 defectio

127 2287 216 2351 datis
233 2285 418 2370 obsidibus,
441 2296 491 2352 tot
515 2290 693 2353 civitatum
708 2288 906 2370 coniuratio,
930 2285 1104 2371 imprimis,

126 2414 168 2454 ne
191 2389 255 2454 hac
277 2398 374 2475 parte
396 2390 553 2475 neglecta
577 2391 727 2478 reliquae
747 2393 902 2456 nationes
926 2388 992 2454 sibi
1015 2387 1105 2453 idem

105 2494 228 2561 nlicere
244 2493 500 2561 arbitrarentur.
523 2496 642 2580 Itaque
657 2517 734 2560 cum
744 2492 971 2579 intellegeret,
991 2514 1105 2558 omnes

127 2598 196 2662 fere
221 2595 339 2663 Gallos
363 2600 459 2664 novis
483 2599 582 2665 rebus
607 2598 742 2663 studere
766 2597 867 2664 etad
890 2596 1015 2663 bellum
1037 2619 1105 2661 mo·

128 2702 242 2768 biliter
257 2703 479 2790 celeriterque
495 2704 655 2786 excitari,
681 2725 795 2768 omnes
820 2711 932 2768 autem
955 2700 1106 2766 homines

128 2816 252 2873 natura
281 2806 432 2872 libertati
456 2806 593 2872 studere
615 2814 649 2872 et
672 2805 903 2872 condicionem
931 2805 1106 2870 servitutis

130 2911 252 2996 odisse,
269 2913 463 2997 priusquam
475 2910 587 2997 plures
601 2911 759 2976 civitates
772 2910 1016 2995 conspirarent,
1031 2928 1107 2992 par·

129 3016 280 3082 tiendum
314 3013 379 3080 sibi
413 3036 454 3080 ao
489 3015 592 3080 latius
624 3012 894 3080 distribuendum
922 3010 1108 3078 exercitum

130 3122 273 3206 putavit.

218 3223 268 3288 ll.
292 3225 412 3311 Itaque
434 3224 546 3289 Titum
569 3222 757 3288 Labienum
787 3221 938 3306 legatum
966 3221 1000 3286 in
1028 3219 1109 3286 Tre-

132 3351 240 3412 veros,
264 3330 321 3414 qui
344 3329 488 3414 proximi
510 3327 637 3392 flumini
660 3326 776 3392 Rheno
800 3335 892 3410 sunt,
919 3345 996 3390 oum
1018 3325 1109 3411 equi·

111 3442 207 3503 rtatu
219 3419 333 3498 mittit.
361 3432 448 3498 Huic
461 3431 613 3514 mandat,
625 3432 746 3497 Remos
758 3429 971 3517 reliquosque
983 3428 1110 3513 Belgas

134 3536 235 3600 adeat
259 3543 359 3620 atque
382 3535 416 3598 in
440 3533 549 3599 officio
571 3534 744 3598 contineat
761 3531 1030 3617 Germanosque,
1053 3532 1111 3617 qui
