2376 3924
116 249 166 298 LX
421 247 631 298 ADNOTATIO
652 246 796 298 CRITICA

117 444 182 488 sunt
208 438 327 499 Kraner,
354 436 481 499 Diibner,
508 437 613 485 Dinter.
643 440 737 486 contra
760 435 908 500 Nipperdei
935 436 1099 500 scripturam

115 537 241 590 quoque
258 520 347 574 subiti
361 519 485 587 periculi
506 519 712 573 recordatio
730 524 782 573 eet
801 519 910 587 laetior,
935 519 1024 587 quod
1042 520 1099 574 oio·

116 608 195 662 torio
212 607 310 674 foedis
329 623 363 660 ee
382 605 561 673 difficillimis
579 606 663 660 rebus
681 606 834 671 eruderat,
858 623 1023 671 monueram,
1043 625 1100 659 non

118 696 198 745 modo
217 696 297 744 nimis
317 710 375 744 eam
396 694 524 745 recedere
542 710 559 744 a
578 694 709 745 librorum
728 695 871 756 memoria,
897 710 991 745 verum
1016 695 1100 746 etiam

121 797 152 832 eo
172 782 331 847 displicere,
350 780 422 846 quod
441 780 501 830 loco
520 781 671 844 communi,
698 781 786 844 qualis
804 783 905 831 inesset
922 781 1014 831 verbis
1032 794 1101 848 quo·

120 882 171 933 que
188 865 277 920 subiti
291 866 414 934 periculi
431 865 592 918 recordatio
611 870 652 918 eet
671 865 783 934 laetior,
812 869 955 932 sequentia
973 884 1027 917 non
1045 869 1100 918 nisi

118 961 176 1005 tum
194 952 399 1018 responderent,
418 969 478 1002 cum
498 959 589 1002 essent
607 953 876 1017 generaliter-dicta:
899 968 960 1005 eum
978 951 1100 1006 uictoria

116 1038 216 1104 facilis
235 1053 269 1091 eoo
288 1036 465 1103 difficillimis
486 1037 570 1090 rebus
589 1036 703 1090 oceidit.
875 1041 877 1044 ‘

222 1141 245 1174 c.
258 1126 299 1188 78,
312 1127 341 1174 2:
356 1123 510 1191 paruulum
529 1122 638 1193 seeum]
657 1126 696 1175 sic
715 1125 773 1178 fet
792 1125 892 1190 reliqui
909 1125 973 1176 libri
991 1132 1101 1192 praeter

118 1211 175 1273 ab,
194 1213 241 1276 qui
258 1225 350 1263 secure
368 1209 518 1277 parvulum
537 1211 673 1271 exhibent,
693 1210 764 1276 quod
776 1210 931 1277 Nipperdey
944 1213 1054 1278 recepit.
1065 1241 1099 1250 —

119 1297 186 1348 ibid.
204 1296 408 1349 retinuerat
427 1297 574 1346 secundnm
594 1297 709 1362 optimos
728 1297 805 1348 codd.
823 1299 878 1348 iam
896 1299 925 1347 in
943 1299 1032 1364 priore
1052 1314 1100 1364 po-

120 1384 163 1432 sui
187 1382 319 1446 editione,
345 1382 472 1447 idemque
496 1387 641 1446 sequentes
664 1381 762 1432 deinde
786 1388 948 1447 receperunt
974 1383 1100 1434 editores.

120 1469 277 1534 Nipperdey
294 1469 434 1534 vulgatum
455 1471 585 1520 terruerat
604 1468 735 1531 servavit,
760 1468 832 1532 quod
850 1483 904 1518 non
922 1469 976 1519 nisi
993 1471 1020 1519 in
1041 1469 1101 1520 cod.

121 1556 251 1606 Dresd.2
280 1560 385 1606 exstare
412 1560 529 1605 testatur
547 1554 668 1605 Diibnsr.
694 1583 730 1592 —
754 1555 821 1604 ibid.
840 1553 951 1621 quood
974 1554 1025 1607 sub
1048 1554 1102 1608 im·

115 1642 198 1708 perio
217 1639 377 1694 Pharnacis
395 1638 511 1709 fuerat]
537 1639 633 1706 quoad
659 1655 707 1705 pro
732 1639 831 1690 tradito
859 1639 934 1707 quod
960 1643 1102 1707 proposuit

122 1728 236 1790 Oehler3
255 1727 418 1792 Nipperdey,
436 1727 543 1775 Kraner
562 1725 732 1790 corruptelae
751 1727 828 1790 signo
842 1733 984 1786 notarunt;
1002 1729 1102 1779 Dinter

118 1813 170 1879 que*
189 1814 281 1863 edidit.

224 1985 328 2033 BELL.
341 1984 420 2034 ΑΕΒ.
440 2001 462 2038 c.
482 1987 505 2047 2,
526 1986 555 2034 2:
686 1982 890 2053 concuteretur]
909 1984 1035 2035 lacunam
1052 2000 1100 2036 no·

121 2071 191 2120 terit
212 2070 376 2135 Nipperdey.
403 2098 436 2107 —
463 2071 487 2138 ξ.
512 2071 542 2119 5:
566 2074 634 2136 post
662 2069 734 2122 de'eoe
762 2075 895 2136 quartum
921 2086 984 2123 curo
1010 2069 1101 2140 louyis

118 2155 223 2223 scocie
240 2155 360 2209 eruribus
383 2155 416 2208 iu
434 2162 612 2223 conspectum
629 2155 749 2221 Africae
774 2156 865 2209 eeuit:
892 2172 1011 2223 reamque
1037 2171 1101 2210 oue·

121 2244 221 2296 rortoe
244 2243 369 2311 reliquae
386 2248 503 2312 praeter
522 2259 634 2311 paucos
657 2248 737 2297 eeuto
758 2243 903 2311 dispersae
922 2249 1005 2311 etque
1023 2258 1103 2296 erra·

120 2331 235 2383 buodoe
254 2330 366 2383 diverso
390 2329 450 2383 loeo
473 2329 646 2400 petierunt]
676 2332 744 2382 haec
762 2332 825 2381 libri
844 2332 988 2396 praebent,
1016 2344 1110 2396 eaque·

123 2424 196 2469 recte
216 2435 244 2468 se
263 2419 363 2468 habere
381 2418 446 2468 olim
464 2419 518 2467 iam
538 2424 632 2468 eontra
643 2417 838 2483 Nipperdeium
851 2418 953 2482 monui,
972 2418 1019 2482 qui
1035 2415 1102 2469 reli·

121 2519 263 2570 quaeque
282 2521 341 2556 eam
360 2505 393 2555 ob
413 2519 523 2555 causam
543 2503 716 2554 scribendum
735 2520 794 2554 esse
813 2505 934 2570 putarit,
952 2521 987 2555 ne
1005 2505 1102 2570 longas

124 2606 208 2640 naves
228 2607 321 2642 omnes
340 2607 400 2641 cum
415 2590 531 2640 Caesare
549 2590 632 2640 fuisse
652 2591 829 2643 existimares.
848 2596 877 2640 at
895 2606 956 2640 curn
976 2590 1103 2640 scribitur

122 2692 243 2744 uereque
263 2675 412 2729 onerariae
438 2674 668 2743 reliquaeque
687 2679 804 2740 praeter
824 2690 950 2742 paucos,
976 2673 1103 2741 reliquae

124 2764 196 2813 baud
215 2763 296 2813 dubie
314 2763 440 2812 dicuutur
459 2761 557 2830 loupae
574 2775 674 2828 uures;
695 2761 789 2811 harum
809 2769 897 2812 autem
913 2775 1026 2829 paucas
1043 2765 1102 2810 tan-

124 2856 179 2896 turn
199 2862 259 2896 cum
279 2848 395 2899 Caesare
413 2848 499 2898 fuisse
517 2849 596 2898 modo
615 2852 752 2897 narratum
773 2853 827 2897 est:
846 2863 894 2897 our
911 2849 995 2913 igitur
1012 2846 1103 2896 denuo

124 2932 153 2981 id
171 2934 286 2983 lectores
305 2935 494 2983 monerentur?
522 2940 548 2983 et
567 2935 590 2982 si
609 2933 737 2984 monendi
756 2940 845 2995 erant,
873 2949 921 2983 cur
938 2949 991 2984 non
1010 2930 1102 2983 addito

124 3019 282 3084 pronomine
300 3017 367 3070 illos
386 3019 420 3068 ad
433 3034 546 3086 paucos
565 3019 752 3088 (reliquaeque
765 3024 882 3086 praeter
897 3033 1008 3087 pouces
1026 3016 1103 3084 illas)

123 3104 308 3170 significatum
332 3110 385 3165 est,
412 3104 501 3155 denuo
526 3107 633 3156 easdem
658 3106 712 3155 dici
737 3121 820 3156 nares
844 3122 914 3171 quae
935 3105 1014 3156 modo
1032 3119 1104 3155 com·

125 3197 289 3242 memoratae
308 3193 381 3242 sint?
410 3192 535 3258 displicet
553 3192 648 3252 etiam,
676 3192 748 3256 quod
766 3193 850 3242 verba
867 3205 988 3258 utrmque
1004 3203 1105 3243 orua-

122 3277 187 3330 re'oe
204 3277 380 3345 reliquaeque
393 3281 510 3345 praeter
525 3292 638 3344 paucos
656 3293 677 3329 e.
697 3293 719 3344 q.
738 3292 761 3329 e.
788 3278 828 3328 ita
846 3278 918 3329 diota
935 3282 1007 3338 sunt,
1026 3277 1105 3341 quasi

123 3366 265 3416 onerariae
284 3382 368 3416 naves
386 3381 479 3415 omnes
497 3364 708 3428 deerravissent3
728 3363 775 3414 sed
794 3380 855 3414 cum
875 3380 897 3414 c.
916 3366 940 3425 3,
958 3367 974 3414 2
994 3349 1106 3414 Caesari

124 3450 171 3500 01.
191 3452 296 3516 equites
314 3453 400 3503 fuisse
417 3452 576 3513 doceamur,
605 3451 710 3514 equites
729 3456 820 3501 autem
838 3451 969 3501 onerariis
988 3450 1106 3501 naribus

123 3543 217 3586 vectos
237 3554 296 3588 esse
315 3555 339 3592 o.
357 3539 414 3601 al
439 3541 577 3588 narratum
601 3537 650 3601 sit,
679 3537 832 3587 necessario
857 3535 1029 3586 statuendum
1055 3542 1106 3601 est,
