2376 3924
122 244 184 308 124
447 247 497 301 Du
516 246 636 298 BELLO
656 245 768 296 CIVILl

96 442 234 504 aessent.
271 433 331 496 His
346 433 444 497 rebus
466 435 660 520 comparatis
683 433 841 519 legionem
862 433 976 498 reduci
998 435 1100 499 iussit.

118 537 306 622 Pompeiani
340 536 401 601 hoc
433 536 620 603 insolentius
653 546 751 623 atque
784 537 939 603 audacius
972 546 1101 603 nostros

118 661 264 725 premere
288 649 320 705 et
338 643 458 706 instare
474 651 649 727 coeperunt
664 650 833 727 cratesque
849 664 906 727 pro
921 643 1101 708 munitione

119 741 261 808 obiectas
308 745 539 831 propulerunt,
588 754 625 811 ut
672 745 774 811 fossas
819 745 1099 813 transcenderent.

96 847 216 928 «Quod
238 870 312 912 cum
335 848 616 914 animadvertisset
638 847 774 932 Caesar,
796 851 935 933 veritus,
963 872 1005 916 ne
1035 874 1102 917 non

118 951 252 1035 reducti,
269 952 327 1017 sed
344 955 455 1018 reiecti
468 953 667 1038 viderentur,
683 957 852 1041 maiusque
867 954 1101 1020 detrimentum

118 1066 303 1143 caperetur,
333 1081 352 1121 a
380 1057 485 1122 medio
507 1058 576 1123 fere
599 1060 701 1145 spatio
730 1079 804 1122 suos
826 1079 885 1144 per
907 1056 1099 1141 Antonium,

118 1163 173 1246 qui
206 1164 235 1225 ei
275 1160 392 1246 legioni
425 1170 590 1247 praeerat,
628 1161 813 1226 cohortatus
853 1159 934 1226 tuba
970 1163 1101 1248 signum

95 1264 189 1328 sdari
222 1271 319 1349 atque
347 1267 380 1328 in
408 1263 515 1330 hostes
543 1266 699 1351 impetum
729 1265 801 1329 fieri
832 1264 933 1330 iussit.
979 1264 1101 1331 Milites

116 1368 249 1456 legionis
268 1383 355 1436 vl111.
374 1368 478 1434 subito
494 1371 664 1455 constipati
686 1368 750 1455 pila
772 1370 980 1434 coniecerunt
1001 1378 1035 1433 11
1057 1391 1101 1434 ex

117 1471 268 1536 inferiore
296 1471 365 1537 loco
394 1472 552 1537 adversus
579 1472 698 1536 olivum
726 1473 849 1536 incitati
879 1493 977 1536 cursu
1006 1495 1100 1558 prae·

118 1577 229 1662 cipites
253 1576 467 1662 Pompeianos
495 1584 632 1661 egerunt
659 1584 692 1640 et
719 1586 813 1660 terga
835 1583 963 1640 vertere
986 1587 1101 1662 coege-

116 1688 206 1764 runt3
241 1679 359 1766 quibus
392 1678 435 1745 ad
467 1679 689 1766 recipiendum
722 1687 827 1744 crates
860 1678 1006 1744 deiectae
1034 1679 1101 1745 lon-

117 1785 264 1868 guriique
293 1783 410 1849 obiecti
438 1793 470 1848 et
499 1784 663 1848 institutae
691 1783 796 1848 fossae
825 1804 943 1868 magno
966 1784 1101 1870 impedi-

94 1896 224 1950 omento
258 1887 397 1951 fuerunt.
454 1887 563 1951 Nostri
594 1907 690 1970 vcro,
730 1887 786 1971 qui
819 1888 897 1951 satis
930 1883 1101 1961 habebant

117 1991 185 2055 sine
208 1989 401 2055 detrimento
424 1989 607 2075 discedere,
630 1989 847 2076 compluribus
874 1988 1053 2055 interfectis
1077 2009 1100 2054 v

117 2095 246 2157 omnino
282 2114 413 2158 suorum
449 2095 574 2159 amissis
608 2095 805 2180 quietissime
839 2115 874 2158 se
904 2102 1101 2179 receperunt

116 2195 276 2283 pauloque
293 2198 374 2262 11111
389 2218 464 2263 eum
485 2196 592 2263 locum
614 2196 683 2261 aliis
706 2195 946 2282 comprehensis
962 2194 1099 2262 collibus

116 2302 310 2366 munitiones
333 2302 547 2387 perfecerunt.

200 2404 251 2469 47.
290 2406 373 2470 Erat
400 2427 486 2470 nova
516 2413 549 2470 et
576 2405 730 2469 inusitata
752 2400 827 2468 belli
848 2404 931 2466 ratio
954 2419 1029 2468 cum
1051 2412 1100 2468 tot

115 2508 318 2575 castellorum
346 2531 482 2574 numero
510 2515 666 2593 tantoque
695 2509 797 2592 spatio
821 2516 853 2570 et
874 2508 973 2571 tantis
995 2509 1100 2572 11111111·

114 2610 253 2677 tionibus
276 2622 309 2676 11
330 2622 396 2677 toto
419 2610 593 2677 obsidionis
615 2630 745 2695 genere,
767 2618 837 2674 tum
854 2611 952 2673 etiam
966 2607 1100 2695 reliquis

93 2717 220 2780 erebus.
250 2717 334 2781 Nam
350 2720 544 2802 quicumque
566 2714 705 2780 alterum
727 2713 875 2778 obsidere
890 2714 997 2777 conati
1010 2723 1099 2796 sunt,

115 2818 277 2903 perculsos
312 2829 410 2905 atque
443 2820 588 2885 infirmos
621 2818 729 2883 hostes
758 2817 863 2882 adorti
891 2825 948 2880 aut
975 2815 1099 2902 proelio

115 2930 282 3006 superatos
316 2931 373 2987 aut
408 2922 516 3008 aliqua
549 2922 723 2985 offensione
757 2927 920 3006 permotos
953 2919 1099 2987 continu·

85 3061 88 3066 ·
115 3032 224 3105 erunt,
259 3045 332 3087 cum
362 3025 422 3109 ipsi
451 3047 585 3090 numero
615 3026 760 3109 equitum
782 3021 986 3108 militumque
1005 3042 1099 3108 prae·

114 3135 254 3206 starent3
284 3149 383 3191 causa
406 3138 515 3192 autem
537 3127 712 3193 obsidionis
735 3126 816 3191 haec
838 3125 907 3190 fere
929 3145 1001 3190 esse
1023 3145 1098 3191 eon-

92 3234 229 3314 ³suevit,
253 3240 290 3296 ut
311 3231 473 3297 frumento
496 3232 604 3297 hostes
627 3230 845 3318 prohiberent.
890 3228 1029 3300 Attum
1050 3229 1097 3293 in·

113 3348 222 3422 tegras
245 3346 343 3421 atque
365 3336 540 3400 incolumes
564 3340 672 3422 copias
695 3334 816 3400 Caesar
843 3333 995 3398 inferiore
1016 3330 1098 3397 mili·

113 3451 183 3505 tum
217 3462 351 3504 numero
385 3437 585 3521 continebat,
628 3461 702 3503 cum
733 3437 777 3502 illi
810 3438 952 3502 omnium
985 3455 1099 3500 rerum

90 3546 206 3629 ⁴copia
240 3543 462 3627 abundarent3
501 3541 617 3607 cotidie
656 3543 742 3606 enim
779 3561 917 3628 magnus
950 3538 1098 3628 undique
