2376 3924
67 910 386 1022 BELLUM
422 905 1076 1044 ALEXANDRINUM.

411 1265 701 1325 Auuuunnuuu.

68 1391 109 1456 [A.
123 1392 155 1444 U.
170 1391 198 1442 C.
213 1393 270 1443 ΙΙ106.
286 1391 353 1459 iou]
373 1392 449 1454 Quae
461 1392 496 1442 ad
508 1392 713 1458 expugnandam
727 1390 918 1443 Alexandriam
931 1390 1041 1452 Caesar,

103 1480 138 1530 ad
162 1478 359 1529 defendendam
383 1479 511 1545 Aegyptii
534 1481 705 1546 paraverint,
733 1483 903 1546 exponuntur
925 1477 1044 1528 c.1-3.

102 1565 216 1615 Arsinoe
240 1565 400 1630 interempto
424 1565 532 1616 Achilla
559 1568 688 1617 exercitui
713 1564 896 1632 Ganymedem
923 1565 1046 1633 praeficit
1104 1595 1106 1598 ·

104 1667 126 1701 c.
146 1652 171 1702 4.
206 1650 260 1701 Hic
279 1650 423 1702 Caesarem
450 1666 521 1718 aqua
548 1652 745 1704 interclusurus
772 1652 837 1704 rotis
860 1658 888 1703 et
910 1651 1044 1704 machinis

103 1754 228 1804 magnam
241 1739 295 1788 vim
315 1752 402 1803 aquae
422 1754 454 1789 ex
472 1740 539 1790 mari
558 1740 684 1806 exprimit
702 1746 729 1791 et
746 1741 775 1790 in
793 1745 896 1805 partem
915 1739 990 1790 urbis
1010 1739 1044 1788 ab

104 1824 221 1876 Caesare
252 1830 411 1892 occupatam
447 1825 482 1877 ad
513 1825 735 1892 corrumpendam
766 1825 873 1877 dulcem
903 1829 1043 1892 puteorum

103 1929 200 1979 aquam
218 1915 352 1979 immittit,
371 1921 399 1964 at
412 1912 513 1965 Caesar
530 1913 664 1965 fodiendis
682 1915 711 1964 in
729 1913 809 1964 litore
827 1914 916 1980 puteis
935 1912 1045 1962 calami-

103 2002 152 2050 tati
170 1999 293 2052 medetur
311 2017 334 2051 c.
353 2000 430 2054 o-o.
464 1999 631 2051 Rhodiorum
651 2001 809 2052 fortitudine
827 2001 920 2067 reique
939 2000 1045 2051 navalis

105 2087 273 2151 experientia
296 2086 397 2138 Caesar
416 2087 520 2154 proelio
542 2086 634 2138 navali
655 2088 742 2138 victor
762 2087 869 2138 excedit
890 2103 913 2137 c.
939 2088 978 2137 10.
1004 2088 1045 2137 11.

105 2173 193 2222 Maior
214 2171 309 2222 classis
331 2172 366 2223 ab
389 2171 547 2239 Ganymede
574 2180 746 2240 comparatur
770 2174 919 2237 e.1a.13;
947 2175 1044 2225 iterurn

104 2258 223 2308 vincitur
241 2257 404 2310 Rhodiorum
423 2260 554 2325 imprimis
571 2261 671 2312 virtute
689 2277 712 2311 c.
732 2260 841 2310 14-17.
877 2261 968 2311 Minus
985 2276 1045 2326 pro-

106 2360 183 2410 spere
210 2359 254 2394 res
282 2345 363 2395 cessit
386 2343 497 2396 Caesari
523 2344 641 2396 Pharum
669 2346 787 2397 insulam
815 2361 957 2412 aggress03
987 2347 1045 2411 ipse

106 2434 200 2481 natatu
218 2429 369 2496 periculum
388 2431 516 2500 evasitpc.
529 2431 638 2481 18-21.
663 2431 722 2494 Quo
740 2430 902 2482 detrimento
921 2446 980 2481 cum
994 2430 1046 2482 Ro·

106 2518 194 2567 manis
213 2517 319 2567 animus
343 2532 396 2568 non
421 2516 625 2584 infringeretur,
652 2516 829 2568 Alexandrini
847 2515 882 2569 ad
902 2516 1045 2569 Caesarem

107 2604 139 2653 de
158 2619 222 2669 rege
241 2602 401 2655 dimittendo
419 2603 525 2671 legatos
543 2604 662 2667 mittunt,
689 2603 863 2667 simulantes,
888 2620 919 2656 eo
937 2609 1046 2671 recepto

106 2706 184 2740 omne
203 2688 425 2755 impedimentum
444 2689 580 2741 sublatum
599 2691 641 2751 iri,
660 2681 804 2757 quominus
823 2689 934 2742 Caesari
953 2708 982 2743 sa
1000 2690 1045 2741 de-

108 2777 202 2827 derent
227 2793 250 2827 c.
263 2777 304 2826 22.
323 2777 364 2826 28.
383 2777 489 2840 Quibus
505 2776 646 2842 promissis
664 2777 770 2828 etiamsi
787 2775 866 2829 fidem
880 2777 982 2830 Caesar
993 2793 1046 2829 non

106 2864 231 2925 haberet,
259 2879 403 2929 regemque
421 2862 561 2914 dimissum
589 2863 692 2914 hostem
718 2862 837 2916 futurum
860 2881 920 2917 esse
942 2867 1047 2932 praevi·

107 2949 195 3016 deret,
222 2955 314 3001 tamen
333 2957 394 3002 e'um
412 2949 536 3013 dimittit,
563 2950 666 3001 bellum
685 2956 779 3002 contra
797 2968 888 3018 regem
907 2952 1047 3004 honestius

107 3038 263 3088 existimans
282 3052 362 3103 quam
381 3042 475 3088 contra
492 3053 674 3089 convenarum
694 3052 726 3088 ac
742 3039 918 3106 fugitivorum
938 3054 1047 3090 manum

107 3139 130 3172 c.
143 3123 185 3173 24..
202 3122 400 3174 Alexandrinos
410 3123 605 3175 commeatibus
617 3125 760 3177 iusidiatos
772 3141 925 3192 aggressus,
938 3123 1048 3191 quadri·

105 3223 206 3258 remem
219 3206 353 3259 Rhodiam
371 3209 472 3261 amittit
490 3225 512 3258 c.
525 3197 568 3263 to.
597 3210 655 3261 Iam
673 3211 845 3263 Mithridates
862 3212 1047 3277 Pergamenus
1073 3214 1090 3233 ”¹

108 3294 230 3345 collectis
247 3295 275 3344 in
295 3293 374 3361 Syria
386 3292 538 3362 Ciliciaque
557 3295 666 3348 auxiliis
684 3296 720 3348 ad
738 3297 882 3349 Caesarem
902 3295 1048 3360 contendit,

106 3381 248 3433 Pelusium
267 3399 300 3434 ex
317 3381 415 3434 itinere
433 3383 543 3449 recipit,
565 3383 762 3436 Alexandrinos
781 3385 833 3437 iter
851 3384 1048 3448 intercepturos

107 3465 184 3536 fugat
201 3482 225 3521 c.
242 3469 285 3521 86.
303 3468 345 3522 ii.
376 3466 544 3522 Coniunctus
563 3485 623 3522 curn
643 3486 675 3523 eo
695 3469 798 3522 Caesar
815 3475 905 3522 castra
922 3470 994 3536 regis
1013 3467 1048 3519 ad
