2376 3924
151 222 210 286 168
458 223 508 271 DE
526 221 647 271 BELLO
667 220 825 273 GALLICO

148 422 223 497 post
248 411 434 477 discessum
457 410 605 477 hostium
634 420 753 495 terror,
781 421 881 477 ntea
909 421 1020 496 nocte,
1050 433 1126 476 cum

149 513 255 581 Gaius
278 515 468 582 Volusenus
497 518 620 582 missus
649 537 725 582 cum
755 516 906 602 equitatu
936 515 982 580 ad
1010 525 1125 581 castra

148 622 312 703 venisset,
342 619 443 685 fidem
469 641 537 685 non
565 619 694 685 faceret
724 619 844 685 adesse
866 618 1126 685 eum·ineolumi

126 723 329 795 sansarem
345 725 507 789 exercitu.
531 723 587 788 Sic
612 726 746 789 omnino
762 725 891 789 animos
908 725 1007 789 timor
1029 745 1125 808 prae·

149 837 386 915 occupaverat,
409 839 446 894 ut
468 850 576 913 paene
599 828 749 894 alienata
772 836 883 893 mente
908 827 1028 893 deletis
1058 850 1125 893 om·

147 933 246 998 nibus
256 935 361 1019 copiis
374 934 560 1018 equitatum
573 955 608 997 se
622 955 665 997 ex
680 933 762 1015 fuga
776 933 945 1017 recepisse
962 931 1125 1014 dicerent,

148 1059 255 1122 neque
271 1036 431 1101 incolumi
448 1038 601 1103 exercitu
613 1035 800 1103 Germanos
824 1046 938 1102 castra
954 1056 1126 1122 oppugna·

125 1151 241 1209 sturos
261 1141 365 1205 fuisse
388 1139 641 1206 contenderent.
667 1140 773 1221 Quem
795 1141 950 1205 timorem
966 1137 1125 1204 Caesaris

148 1245 315 1310 adventus
339 1243 486 1309 sustulit.

233 1348 284 1413 42.
318 1349 486 1414 Reversus
515 1347 574 1414 ille
603 1357 743 1414 eventus
766 1348 848 1413 belli
871 1370 939 1413 non
962 1349 1124 1430 ignorans

148 1475 260 1535 unum,
277 1452 366 1539 quod
382 1453 538 1519 cohortes
551 1476 594 1519 ex
610 1455 757 1519 statione
770 1463 802 1517 et
820 1452 990 1538 praesidio
1012 1460 1126 1517 essent

149 1559 307 1640 emissae,
342 1567 480 1644 questus
505 1560 558 1638 (ne
586 1559 722 1622 minimo
753 1556 887 1642 quidem
910 1579 992 1622 casu
1015 1555 1125 1622 locum

148 1660 293 1746 relinqui
325 1659 495 1742 debuisse)
524 1660 665 1726 multum
693 1661 864 1726 fortunam
891 1662 926 1725 in
949 1661 1125 1746 repentino

126 1763 293 1831 ahostium
316 1764 466 1829 adventu
495 1766 645 1851 potuisse
674 1765 855 1849 iudicavit,
888 1764 992 1830 multo
1022 1765 1123 1829 etiam

149 1867 303 1954 amplius,
320 1868 410 1954 quod
426 1891 533 1953 paene
549 1868 593 1934 ab
610 1870 683 1954 ipso
699 1868 791 1935 vallo
808 1870 981 1954 portisque
997 1878 1124 1934 castro·

126 1995 221 2038 arum
244 1972 409 2038 barbaros
433 1975 626 2039 avertisset.
666 1971 816 2052 Quarum
839 1974 985 2038 omnium
1013 1993 1125 2036 rerum

146 2081 293 2145 maxime
308 2079 544 2145 admirandum
560 2078 749 2162 videbatur,
767 2078 855 2164 quod
873 2075 1043 2160 Germani,
1068 2079 1125 2163 qui

148 2205 186 2247 eo
202 2181 344 2247 consilio
359 2182 513 2247 Rhenum
529 2185 748 2266 transierant,
764 2192 802 2247 ut
817 2181 1024 2265 Ambiorigis
1039 2182 1124 2247 fines

148 2286 443 2372 depopularentur,
467 2286 512 2352 ad
534 2297 650 2353 eastra
665 2288 890 2353 Romanorum
907 2285 1013 2350 delati
1030 2295 1124 2371 opta·

144 2392 312 2456 tissimum
334 2389 523 2475 Ambiorigi
548 2389 743 2457 beneficium
766 2389 969 2456 obtulerunt.
1113 2375 1117 2382 ¹

231 2493 283 2559 43.
307 2491 436 2559 ansar
451 2517 566 2560 rursus
579 2495 624 2560 ad
635 2493 810 2561 vexandos
823 2492 937 2560 hostes
953 2496 1124 2581 profectus

146 2618 270 2680 magno
299 2607 418 2664 coacto
447 2620 584 2663 numero
615 2621 657 2664 ex
684 2599 836 2664 finitimis
860 2598 1059 2665 civitatibus
1089 2601 1124 2665 iu

126 2707 260 2767 somnes
290 2712 405 2788 partes
437 2702 587 2768 dimittit.
633 2701 758 2768 Omnes
788 2702 857 2767 vici
885 2711 987 2788 atque
1011 2705 1124 2770 omnia

147 2805 313 2891 aedificia,
330 2829 415 2892 quae
431 2809 571 2893 quisque
588 2816 821 2894 conspexerat,
838 2806 1124 2892 incendebantur3

125 2909 273 2995 spraeda
297 2933 340 2974 ex
364 2909 517 2976 omnibus
540 2910 624 2976 locis
649 2910 830 2996 agebatur3
859 2911 1026 2976 frumenta
1055 2934 1124 2977 non

147 3011 252 3078 solum
268 3022 367 3078 tanta
379 3013 592 3080 multitudine
605 3016 828 3080 iumentorum
841 3024 942 3102 atque
953 3016 1124 3083 hominum

146 3117 439 3202 consumebantur,
465 3118 525 3184 sed
548 3121 650 3184 etiam
673 3121 753 3185 anni
776 3129 925 3206 tempore
946 3131 1048 3207 atque
1064 3125 1123 3188 im·

146 3221 263 3286 bribus
286 3222 545 3307 procubuerant,
569 3234 617 3308 ut,
641 3225 742 3311 siqui
759 3226 862 3292 etiam
877 3227 912 3290 in
928 3228 1123 3313 praesentia

148 3349 183 3390 se
207 3325 446 3411 occultassent‚
469 3336 582 3393 tamen
598 3328 650 3393 his
668 3329 812 3395 deducto
837 3332 991 3396 exercitu
1012 3352 1123 3396 rerum

124 3431 293 3496 somnium
316 3432 430 3517 inopia
446 3431 652 3518 pereundum
668 3434 850 3501 videretur.
888 3435 939 3500 Ac
964 3455 1065 3520 saepe
1087 3435 1123 3500 iu

147 3555 221 3598 eum
236 3533 345 3599 locum
362 3543 498 3602 ventum
515 3545 566 3602 est
581 3545 678 3603 tanto
695 3539 730 3603 in
744 3560 861 3605 omnes
875 3549 992 3625 partes
1010 3537 1122 3605 diviso
