2376 3924
269 237 318 287 AD
338 237 436 289 CAES.
454 238 558 288 BELL.
578 237 647 290 CIV.
666 239 688 301 1,
707 240 826 289 13-22.
998 240 1037 289 XI

55 427 162 478 nendus
182 432 248 477 erat.
266 427 367 477 retinui
384 428 477 492 itaque
496 426 567 491 qnod
580 427 645 476 olim
658 428 828 478 conieceram
847 426 878 478 irs
893 432 1039 495 postorum

54 511 193 566 ciuitatis.
213 512 255 577 (cf.
274 511 305 564 io
320 516 467 580 posterum
484 513 510 562 b.
530 529 552 564 c.
573 516 595 574 1,
616 514 640 573 1,
658 513 683 564 3.
710 515 735 574 2,
754 513 796 574 21,
817 515 840 562 2.
867 514 891 574 3,
910 515 952 575 86,
970 514 1003 578 5.)

160 614 183 649 c.
204 600 244 659 14,
262 599 292 648 4:
321 598 360 651 ad
388 599 484 665 forum
507 600 706 668 productos
724 599 866 653 Lentulus
890 616 939 667 spe
957 600 1038 654 llber-

55 683 127 738 tats's
146 683 312 754 coufirmat]
327 685 499 753 productos,
525 687 597 751 quod
624 687 687 741 fbl
715 691 742 738 et
766 686 952 752 Oudendorpii
974 687 1037 737 libri

54 771 173 833 hubent,
203 771 258 822 iam
284 773 313 821 in
340 773 429 836 priore
457 773 577 823 editione
604 773 684 838 posui
710 788 758 837 pro
787 770 934 838 deductos,
965 772 1037 836 quod

54 857 213 924 Nipperdey
233 875 266 908 ex
285 858 362 914 codd.
381 873 424 912 ac
442 864 591 924 receperat.
616 873 674 925 spe
693 858 830 924 supplevit
847 858 1011 924 Nipperdey.

77 980 78 983 η
160 945 281 1006 c.16,1:
300 943 420 1010 Recepto
433 943 532 996 Firmo
544 945 744 1009 Asculoque
763 942 880 1011 erpolso
896 942 1036 1011 Lentulo]

56 1046 118 1081 eum
137 1035 220 1080 antea
237 1035 377 1082 narratum
397 1031 447 1091 sit,
474 1030 621 1080 Lentulum
641 1029 768 1080 Caesaris
787 1030 907 1080 adventu
930 1032 1038 1094 cognito

55 1116 157 1167 Asculo
175 1114 336 1180 profugisse,
363 1120 438 1180 patet
456 1115 586 1166 mendosa
605 1131 664 1167 esse
684 1115 808 1166 codicum
826 1116 912 1166 verba
928 1119 1037 1182 recepto

55 1201 156 1255 Firmo
176 1199 346 1266 expulsoque
364 1198 495 1253 Lentulo.
526 1217 619 1266 parum
643 1202 792 1252 verisimile
819 1201 938 1263 videtur,
967 1202 1039 1266 quod

55 1287 143 1339 Aldus
170 1287 325 1338 coniecerat
353 1291 380 1336 et
406 1287 563 1352 Nipperdey
593 1302 700 1353 quoque
731 1287 904 1353 probaverat,
938 1286 1037 1340 Firmo

56 1391 73 1426 a
97 1376 229 1441 magistro
257 1373 373 1440 quodam
401 1390 450 1439 pro
475 1373 580 1427 Asculo
606 1377 723 1439 positum
747 1391 821 1438 esse3
852 1389 903 1425 neo
930 1375 1038 1439 placere

55 1467 147 1526 potest
164 1460 245 1511 lectio
263 1463 373 1526 recepto
394 1459 538 1527 oppidO,
557 1476 638 1526 quam
656 1460 823 1511 Vielhabero
843 1461 988 1511 obsecutus
1006 1462 1038 1510 F.

55 1547 195 1596 Hofmann
214 1546 330 1610 recepit;
348 1547 431 1595 nimis
450 1546 536 1596 multa
555 1548 627 1598 enim
645 1546 791 1596 interiecta
805 1552 868 1596 sunt
882 1547 954 1596 inter
966 1546 1038 1596 huno

55 1633 150 1684 locum
177 1636 205 1682 et
231 1633 406 1696 superiorem,
434 1632 481 1682 ubi
505 1633 635 1684 Asculum
662 1638 887 1683 commemoratur
905 1648 928 1682 c.
948 1631 993 1694 15,
1012 1635 1036 1694 3,

57 1733 140 1784 quem
151 1724 189 1776 ,nt
206 1717 309 1768 nudum
326 1717 396 1769 illud
414 1717 551 1785 oppidum
569 1720 660 1770 stetim
678 1719 712 1770 de
730 1717 836 1773 Asculo
857 1719 961 1769 dictum
979 1734 1038 1768 esse

57 1804 243 1871 intellegatur.
279 1805 338 1870 ipse
365 1803 430 1854 olim
457 1815 488 1855 ut
512 1807 684 1856 emendarem
710 1805 779 1855 illud
806 1802 936 1872 expulsu,
967 1804 1038 1870 quod

57 1905 153 1956 parum
171 1894 245 1941 recte
263 1889 297 1940 de
314 1890 432 1941 Lentulo
449 1896 516 1947 ante
534 1891 659 1942 Caesaris
677 1891 825 1942 adventum
848 1891 962 1957 profugo
982 1890 1037 1940 dic·

57 1984 115 2027 tum
134 1976 256 2037 videtur,
281 1976 442 2042 scripseram
459 1980 569 2043 recepto
587 1975 687 2029 Firmo
705 1991 740 2029 er
759 1978 885 2028 itinere
900 1974 1038 2043 pulsoque

57 2060 187 2115 Lentule.
219 2061 267 2113 sed
285 2077 347 2112 cum
365 2063 508 2127 sequentis
524 2062 610 2112 verba
632 2061 802 2128 iporiensem
826 2061 899 2115 diem
922 2061 972 2114 toi
994 2061 1037 2115 rei

57 2145 267 2213 frumentariae
289 2161 379 2199 causa
402 2150 531 2199 moratus
555 2163 610 2197 non
630 2149 684 2199 nisi
702 2149 737 2199 de
754 2149 856 2199 Asculo
875 2148 974 2216 oppido
997 2150 1038 2197 in·

54 2235 151 2300 tellegi
177 2234 297 2299 possint,
328 2233 421 2298 itaque
451 2249 562 2284 neeesse
594 2236 645 2297 sit,
676 2241 706 2284 ut
735 2235 787 2285 hoc
804 2237 908 2300 ·ipsum
938 2251 1036 2285 nomen

57 2319 219 2383 antecedat,
255 2319 290 2370 ed
318 2319 395 2371 illam
427 2319 615 2385 Oudendorpii
644 2321 714 2371 redii
743 2325 902 2387 scripturam
928 2324 1038 2386 recepto

57 2405 158 2459 Firmo
179 2406 373 2471 Asocloque
400 2403 517 2472 repulso
535 2402 665 2458 Lentulo.
683 2433 718 2444 -
736 2406 759 2472 ᾖ.
778 2407 809 2455 4:
834 2404 1038 2458 transductis

57 2498 94 2560 ut,
107 2497 189 2543 antee
213 2491 363 2543 secundnm
386 2490 464 2542 codd.
488 2492 533 2545 af
552 2493 657 2557 scripsi.
687 2492 852 2558 Nipperdey,
876 2493 990 2553 Kraner,
1008 2493 1040 2543 F.

56 2577 196 2628 Hofmann
214 2575 358 2630 traductis
377 2576 528 2627 ediderunt.

162 2679 186 2719 e.
204 2664 246 2726 19,
265 2666 294 2714 1:
321 2661 489 2729 considit),
517 2662 590 2728 quod
607 2667 635 2713 et
652 2679 696 2713 res
714 2662 851 2713 desiderat
874 2668 901 2712 et
919 2663 1039 2713 omnium

57 2751 115 2800 fere
133 2748 256 2802 codicum
276 2763 426 2800 consensus
449 2747 604 2811 confirmat,
630 2749 732 2799 iamin
751 2749 841 2814 priore
860 2747 979 2799 editione
997 2765 1038 2799 re-

59 2837 136 2887 stitui
147 2851 197 2901 pro
214 2833 341 2904 concilio,
362 2833 434 2899 quod
446 2835 602 2900 Nipperdey
614 2839 714 2902 etpost
726 2851 787 2887 eum
801 2833 909 2898 Oehler,
924 2835 1039 2898 Kraner,

58 2923 156 2972 Dinter
183 2920 334 2971 ediderunt.
364 2921 392 2970 in
420 2921 618 2972 recentioribus
646 2920 813 2972 editionibus
839 2922 894 2972 iarn
921 2920 1038 2974 sorotis

59 3008 167 3073 legitur.

162 3110 185 3144 c.
204 3095 246 3154 22,
264 3094 295 3142 3:
314 3107 377 3146 cum
395 3107 466 3145 euos
485 3091 519 3144 sle
537 3091 630 3144 solute
647 3106 703 3144 suo
720 3097 786 3145 orat
804 3096 888 3160 atquc
905 3092 1039 3159 obsecrat,

59 3183 97 3245 ut,
111 3178 166 3232 sebi
181 3183 295 3246 porcat,
313 3183 430 3232 veterem
447 3192 554 3246 quoquc
572 3177 728 3232 amicitiam
746 3176 957 3247 cooemcmoratll
976 3194 1038 3231 eom

59 3281 122 3319 eum
148 3265 177 3332 l,
203 3280 266 3318 eum
290 3279 321 3318 eo
348 3265 447 3331 reliqui
475 3264 548 3316 libri.
579 3269 642 3316 ente
660 3265 805 3315 Davisium
824 3264 885 3334 apii
906 3281 954 3330 pro
974 3268 1038 3316 orat

61 3351 204 3415 edebatur3
231 3352 255 3402 is
283 3352 385 3418 primns
412 3350 568 3401 monstretis
593 3350 756 3416 quibusdam
780 3353 945 3401 comicorum
968 3350 1038 3401 locis

60 3436 130 3489 illud
150 3451 234 3490 orare
251 3452 314 3491 cum
332 3435 426 3504 aliquo
451 3443 482 3487 ut
499 3442 573 3488 recte
592 3436 694 3488 dictum
717 3437 852 3501 defendit,
879 3437 959 3501 eique
982 3435 1038 3486 edi·

60 3527 134 3577 uros
149 3521 215 3575 iude
232 3522 356 3589 plerique
374 3522 498 3575 obsecuti
516 3528 587 3572 sunt.
621 3522 786 3589 Nipperdey,
811 3523 856 3572 cui
874 3523 1037 3573 comicorum
