2376 3924
359 252 470 303 LIBER
488 253 511 317 1,
531 253 607 304 CAP.
627 255 736 307 ’13-76.
997 256 1039 319 49

56 446 210 529 pristinae
243 443 382 508 lenitatis
416 447 558 510 omniurn
595 445 712 510 iudicio
747 444 867 510 Caesar
901 444 1037 529 ferebat,

59 548 290 632 consiliumque
313 550 381 613 eius
404 572 424 612 a
447 551 569 613 cunctis
592 548 802 635 probabatur.

149 651 198 717 75.
227 652 354 734 Quibus
376 652 474 718 rebus
496 655 651 718 nuntiatis
667 651 804 717 Afranio
827 652 869 717 ab
895 655 1039 717 instituto

57 778 154 841 opere
184 756 321 820 discedit
349 778 448 841 seque
476 759 509 820 in
538 766 644 820 castra
667 759 781 841 recipit
788 805 796 839 ,
828 758 873 820 sic
895 766 1038 841 paratus,

56 869 93 923 ut
114 858 304 942 videbatur,
328 869 380 942 ut,
404 862 599 944 quicumque
623 858 792 924 accidisset
814 881 923 941 casus,
954 859 1040 922 hunc

58 966 165 1048 quicto
188 972 221 1027 ct
237 984 341 1047 aequo
365 965 472 1027 animo
494 962 604 1026 ferret.
628 962 776 1027 Petreius
798 985 877 1026 vero
900 984 964 1026 non
988 961 1063 1025 dea

57 1069 135 1155 serit
162 1089 241 1131 sese.
288 1065 406 1131 Armet
427 1065 596 1148 familiam3
627 1088 701 1130 cum
727 1065 789 1129 hac
819 1074 851 1129 et
878 1067 1041 1151 praetoria

58 1171 188 1235 cohorte
225 1178 422 1234 cetratorum
458 1168 673 1254 barbarisque
713 1169 874 1253 equitibus
919 1171 1040 1255 paucis,

57 1273 271 1338 beneficiariis
294 1276 375 1357 suis,
407 1294 487 1358 quos
510 1294 588 1336 suae
612 1272 775 1338 custodiae
799 1294 897 1336 causa
919 1272 1041 1337 habere

57 1386 242 1459 consuerat,
272 1378 445 1462 improviso
467 1376 516 1440 'ad
546 1375 667 1440 vallum
703 1375 849 1457 advolat,
885 1375 1041 1460 colloquia

56 1481 192 1544 militum
214 1482 434 1566 interrumpit,
464 1490 589 1544 nostros
616 1480 741 1565 repellit
763 1504 783 1544 a
806 1484 935 1565 castris,
960 1503 1040 1567 quos

58 1587 229 1672 deprendit
251 1585 411 1651 interficit.
456 1585 583 1670 Reliqui
612 1595 730 1650 coeunt
757 1589 841 1650 inter
871 1609 905 1652 se
933 1596 965 1650 et
992 1605 1062 1651 res

57 1693 187 1777 pontino
225 1688 366 1775 periculo
400 1691 545 1754 exterriti
579 1691 723 1754 sinistras
757 1692 843 1774 sagis
872 1689 1041 1756 involvunt

57 1795 245 1880 gladiosque
275 1793 479 1878 destringunt
508 1802 605 1878 atque
628 1796 673 1857 ita
696 1815 730 1858 se
754 1817 773 1857 a
797 1797 927 1859 cetratis
954 1797 1039 1880 equi-

57 1899 206 1984 tibusque
235 1896 415 1962 defendunt
443 1906 624 1962 castrorum
657 1900 896 1984 propinquitate
927 1899 1039 1964 confisi

57 2024 156 2088 seque
179 2005 220 2066 in·
234 2009 341 2065 castra
364 2002 524 2087 recipiunt
546 2010 579 2065 et
600 1999 642 2065 ab
665 2004 703 2066 iis
726 2001 927 2085 cohortibus,
956 2025 1039 2088 quae

57 2115 151 2170 erant
173 2108 205 2169 in
229 2107 365 2170 statione
388 2105 430 2168 ad
453 2115 579 2191 portas,
604 2105 831 2172 defenduntur.

144 2209 194 2272 76.
219 2207 346 2290 Quibus
378 2207 477 2273 rebus
506 2209 659 2274 confectis
687 2210 768 2274 flens
796 2211 945 2275 Petreius
974 2232 1038 2274 ma·

57 2313 182 2400 nipulos
217 2315 364 2377 circumit
397 2312 577 2398 militesque
611 2312 766 2400 appellat,
805 2335 869 2377 neu
906 2335 940 2376 se
974 2336 1039 2378 neu

57 2419 261 2502 Pompeium,
284 2418 513 2500 imperatorem
539 2438 647 2499 suum,
679 2416 874 2481 adversariis
903 2417 946 2481 ad
968 2438 1039 2502 sup

58 2521 186 2605 plicium
212 2519 360 2603 tradant,
395 2518 552 2584 obsecrat.
597 2520 652 2584 Fit
685 2518 831 2583 celeriter
865 2541 1061 2584 concursusa

57 2628 88 2687 in
114 2627 320 2710 praetorium.
366 2622 527 2706 Postulat,
556 2633 592 2688 ut
618 2625 725 2687 iurent
753 2645 864 2688 omnes
892 2644 926 2687 se
949 2645 1039 2688 exer-

58 2731 157 2792 citum
190 2728 353 2814 ducesque
390 2752 455 2795 non
492 2729 676 2793 deserturos
713 2750 819 2813 neque
856 2727 1039 2814 prodituros

58 2853 163 2916 neque
193 2832 253 2897 sibi
283 2836 458 2918 separatim
487 2832 659 2918 areliquis
689 2831 855 2897 consilium
878 2841 1038 2918 capturos.

58 2937 214 3020 Princeps
242 2937 276 3000 in
302 2935 383 3000 hacc
409 2935 512 3001 verba
540 2938 625 3000 iurat
652 2937 736 3022 ipse;
770 2936 857 3001 idem
884 2938 1061 3001 iusiurans

58 3039 136 3103 dum
160 3039 261 3123 adigit
283 3037 471 3124 Afranium3
497 3040 738 3126 subsequuntur
760 3038 881 3105 tribuni
903 3039 1039 3105 militum

58 3145 342 3227 centurionesque,
381 3145 586 3209 centuriatim
619 3144 767 3231 producti
800 3142 915 3207 milites
951 3142 1038 3208 idem

57 3249 174 3310 iurant.
219 3246 378 3328 Edicunt,
407 3268 506 3332 penes
535 3269 632 3333 quem
661 3249 797 3333 quisque
826 3249 867 3310 sit
889 3245 1060 3312 ansarisr

58 3349 164 3433 miles,
188 3359 224 3415 ut
246 3348 461 3436 producatur:
489 3352 663 3437 productos
691 3351 799 3437 palam
821 3352 853 3413 in
876 3353 1038 3435 praetorio

57 3442 277 3519 interficiunt
295 3453 361 3519 Sed
383 3452 553 3540 plerosque
576 3459 607 3547 ii,
631 3458 686 3541 qui
709 3462 909 3540 receperant,
933 3452 1039 3518 celant

57 3568 221 3644 noctuque
244 3578 302 3643 per
324 3556 445 3623 vallum
468 3563 625 3626 emittunt.
666 3560 719 3626 Sic
741 3567 865 3623 terrore
889 3555 995 3621 oblato
1019 3579 1060 3621 aa

111 3667 196 3710 Casan.
209 3667 240 3709 11.
892 3677 913 3726 q
