2376 3924
133 218 194 281 120
469 218 517 268 us
537 216 655 268 suaso
675 216 786 268 civim

131 408 274 471 triduum
302 417 444 472 moratus
476 411 587 493 paucis
610 410 642 471 in
667 408 905 492 oppugnatione
928 406 1054 468 amissis
1079 427 1117 468 re

130 510 249 575 infecta
270 510 346 575 inde
369 510 523 576 discessit

215 614 266 678 41.
291 613 420 698 Caesar,
444 623 614 700 postquam
630 616 819 700 Pompeium
834 613 877 677 ad
892 611 1115 698 Asparagium

130 740 199 781 esse
230 721 396 802 cognovit,
427 718 540 782 eodem
563 741 637 783 cum
659 720 805 782 exercitu
828 716 989 803 profectus
1013 736 1114 802 expu-

129 830 226 904 gnato
241 824 274 884 in
289 823 403 887 itinere
420 821 536 907 oppido
552 821 790 903 Parthinorum,
807 821 840 884 in
856 841 919 904 quo
935 820 1111 906 Pompeius

130 924 326 1008 praesidium
354 922 514 1007 habebat,
543 927 638 990 tertio
666 924 718 989 die
741 921 785 1010 [in
806 919 1045 1008 Macedoniam]
1071 922 1114 986 ad

129 1029 319 1112 Pompeium
349 1030 497 1114 pervenit
525 1030 681 1113 iuxtaque
712 1049 786 1093 eum
816 1034 923 1092 castra
945 1028 1052 1112 posuit
1082 1036 1115 1089 et

129 1132 283 1218 postridie
306 1132 429 1197 eductis
453 1131 600 1198 omnibus
623 1134 721 1219 copiis
744 1134 813 1198 acie
828 1133 986 1198 instructa
1001 1130 1114 1196 decer·

107 1235 226 1298 anendi
248 1244 440 1320 potestatem
462 1237 614 1322 Pompeio
637 1237 721 1301 fecit.
755 1233 822 1303 Ubi
843 1235 932 1300 illum
954 1237 1020 1300 suis
1034 1234 1114 1300 loeis

129 1360 163 1403 se
191 1349 302 1403 tenere
332 1338 574 1422 animadvertit,
608 1340 743 1404 reducto
765 1342 798 1404 in
829 1348 935 1404 castra
965 1341 1114 1404 exercitu

107 1441 216 1508 oaliud
243 1442 304 1508 sihi
334 1442 499 1508 consilium
529 1443 723 1529 capiendum
745 1445 949 1508 existimavit.
995 1444 1113 1529 Itaque

129 1558 256 1633 postero
287 1548 339 1613 die
370 1549 517 1614 omnibus
548 1551 646 1636 copiis
676 1571 794 1634 magno
825 1550 959 1612 circuitu
990 1546 1114 1619 difficili

129 1662 329 1738 angustoque
345 1655 458 1717 itinere
474 1652 718 1737 Dyrrhachium
734 1651 897 1737 profectus
913 1658 961 1715 est
977 1664 1114 1735 sperans

128 1755 318 1840 Pompeium
334 1765 390 1819 aut
405 1755 649 1839 Dyrrhachium
672 1755 817 1840 compelli
833 1763 889 1817 aut
904 1751 946 1817 ab
962 1775 1000 1816 co
1015 1755 1114 1818 inter-

129 1856 214 1920 cludi
237 1879 340 1943 posse,
364 1859 451 1942 quod
474 1879 601 1923 omnem
624 1858 838 1923 commeatum
860 1858 1021 1941 totiusque
1036 1855 1114 1921 belli

107 1969 321 2043 capparatum
345 1982 382 2023 eo
399 1959 597 2044 contulisset,
622 1970 658 2024 ut
680 1960 805 2026 accidit.
837 1961 1009 2045 Pompeius
1025 1962 1114 2025 enim

128 2064 231 2147 primo
254 2066 406 2148 ignorans
429 2065 497 2127 eius
521 2064 700 2147 consilium,
732 2063 819 2149 quod
848 2062 976 2129 diverso
1006 2061 1050 2127 ab
1073 2085 1113 2127 ea

127 2169 259 2251 regione
281 2169 395 2232 itinere
418 2168 598 2254 profectum
619 2168 767 2250 videbat,
799 2168 954 2254 angustiis
977 2168 1025 2230 rei
1047 2166 1113 2232 fru-

127 2272 304 2335 mentariae
328 2272 528 2358 compulsum
551 2273 735 2339 discessisse
751 2271 973 2354 existimabat3
998 2279 1114 2356 postea

127 2396 185 2459 per
215 2375 437 2461 exploratores
471 2379 588 2442 certior
621 2378 725 2443 factus
758 2386 886 2463 postero
920 2375 973 2440 die
1003 2383 1114 2440 castra

126 2479 236 2560 movit,
259 2476 409 2545 breviore
431 2482 546 2544 itinere
570 2501 605 2544 se
628 2500 798 2545 occurrere
814 2482 950 2564 eiposse
965 2499 1112 2564 sperans.

104 2581 224 2662 aQuod
254 2582 323 2646 fore
353 2585 533 2668 suspicatus
556 2582 677 2649 Caesar
705 2583 885 2669 militesque
908 2580 1112 2672 adhortatus,

126 2693 162 2747 ut
185 2707 288 2770 aequo
313 2688 419 2750 animo
442 2685 587 2751 laborem
609 2687 741 2770 ferrent,
766 2709 869 2773 parva
890 2695 985 2772 parte
1007 2686 1113 2751 noctis

126 2789 239 2853 itinere
261 2792 442 2855 intermisso
464 2813 560 2855 mane
572 2790 816 2876 Dyrrhachium
830 2791 928 2873 venit,
952 2810 1026 2854 cum
1048 2791 1113 2875 pri-

126 2912 214 2954 mum
245 2914 361 2976 agmen
391 2894 524 2980 Pompei
554 2895 664 2981 procul
696 2903 897 2976 cerneretur,
932 2901 1029 2977 atque
1065 2891 1113 2959 ibi

126 3007 233 3057 eastra
255 2997 370 3079 posuit.
1087 3070 1090 3074 Α

212 3098 262 3161 42.
301 3100 474 3185 Pompeius
496 3102 688 3165 interclusus
711 3100 936 3186 Dyrrhachio,
959 3098 1111 3186 ubi'pro

126 3204 264 3288 positum
286 3211 397 3267 tenere
412 3225 476 3267 non
491 3207 603 3288 potuit,
627 3203 768 3269 secundo
785 3226 862 3269 usus
878 3202 1007 3268 consiho
1023 3201 1113 3267 edito

126 3303 204 3386 loco,
236 3306 291 3389 qui
314 3303 493 3389 appellatur
516 3306 615 3370 Petro
638 3307 826 3392 aditumque
848 3304 948 3371 habet
970 3304 1112 3373 navibus

125 3406 321 3472 mediocrem
351 3416 449 3494 atque
480 3429 534 3473 eas
565 3431 584 3472 a
614 3407 808 3494 quibusdam
831 3411 971 3494 protegit
991 3411 1112 3495 ventis,

103 3520 232 3575 acastre
254 3513 438 3576 communit.
472 3511 521 3577 Eo
544 3520 670 3597 partem
692 3514 823 3577 navium
846 3511 1048 3597 longarum<
