2376 3924
364 242 476 291 LIBER
493 242 526 301 V,
544 241 621 291 (ΔΡ.
643 242 751 293 14-18.
1009 246 1070 309 115

85 433 261 517 auderent,
271 433 384 499 minus
399 442 498 520 aptos
514 456 589 499 esse
605 432 651 499 ad
667 434 764 499 huius
776 436 910 518 generis
923 434 1070 499 hostem:

85 541 214 624 equites
232 546 346 604 autem
361 558 486 621 magno
501 558 578 603 eum
593 535 741 623 periculo
757 536 883 623 proelio
897 536 1092 617 dimicare,2

82 652 243 729 proptera
265 640 356 728 quod
379 640 429 705 illi
452 643 556 706 etiam
578 640 732 707 consulto
754 640 948 727 plerumque
971 641 1067 705 eede-

84 756 159 811 rent
184 755 228 828 et,
252 767 329 811 eum
351 746 489 833 paulum
516 745 562 811 ab
584 744 774 831 legionibus
804 762 939 811 nostros
962 769 1067 811 remo-

86 851 227 932 vissent,
241 872 284 914 ex
296 849 426 915 essedis
439 848 616 916 desilirent
627 860 662 915 et
673 850 814 936 pedibus
829 850 957 935 dispari
975 872 1069 935 proe-

86 952 130 1018 lio
153 952 409 1018 contenderent.
437 952 616 1040 Equestris
640 964 753 1018 autem
775 952 893 1039 proelii
924 954 1012 1017 ratio
1036 968 1092 1015 ets

87 1055 288 1122 cedentibus
316 1054 386 1119 illis
413 1064 447 1121 et
476 1056 730 1143 insequentibus
758 1080 821 1143 par
852 1072 953 1142 etque
981 1054 1070 1119 idem

84 1158 270 1245 perieulum
293 1158 471 1225 inferebat.
494 1159 691 1225 Accedebat
715 1159 795 1241 hue,
830 1172 865 1224 ut
889 1176 1092 1245 numquam*

84 1263 239 1346 conferti,
247 1261 308 1328 sed
320 1264 390 1327 rari
405 1264 604 1349 magnisque
620 1262 810 1327 intervallis
823 1263 1070 1347 proeliarentur

85 1367 315 1453 stationesque
345 1364 528 1452 dispositas
557 1365 732 1447 haberent,
768 1376 871 1451 atque
900 1366 985 1431 alios
1010 1365 1067 1430 alii

85 1469 246 1555 deinceps
269 1470 478 1556 exciperent,
502 1471 692 1556 integrique
715 1478 749 1535 et
771 1480 924 1535 recentes
949 1470 1068 1534 delati-

85 1574 177 1656 gatis
201 1572 435 1639 succederent.

172 1675 222 1740 17.
245 1677 386 1743 Postero
403 1676 458 1742 die
480 1677 596 1764 procul
621 1701 642 1742 a
665 1680 789 1744 eastris
804 1678 920 1743 hostes
943 1679 978 1742 in
1001 1677 1068 1742 col-

83 1779 173 1845 libus
194 1782 421 1847 constiterunt
454 1782 590 1867 rarique
624 1804 660 1847 se
690 1780 867 1848 ostendere
895 1796 929 1846 et
960 1780 1068 1847 lenius

83 1907 184 1971 quam
199 1883 310 1971 pridie
328 1896 463 1952 nostros
479 1887 609 1972 equites
622 1885 752 1972 proelio
767 1885 935 1951 lacessere
951 1907 1068 1971 eoepe-

82 1998 172 2054 runt.
197 1987 265 2053 Sed
280 1988 432 2073 moridie,
447 2012 524 2055 cum
537 1988 665 2055 Caesar
676 1990 863 2076 pabulandi
876 2011 982 2055 eausa
999 2000 1091 2054 tresr

82 2093 237 2178 legiones
253 2102 355 2178 atque
371 2114 502 2159 omnem
513 2095 701 2180 equitatum
718 2116 794 2159 cum
804 2092 891 2158 Gaio
899 2092 1067 2158 Trebonio

83 2196 198 2280 legato
227 2197 388 2278 misisset,
415 2207 554 2283 repente
583 2221 627 2263 ex
655 2198 810 2263 omnibus
838 2196 993 2283 partibus
1022 2195 1068 2261 ad

82 2299 303 2385 pabulatores
320 2299 579 2384 advolaverunt,
598 2304 647 2368 sic
669 2304 720 2368 uti
736 2301 780 2368 ab
797 2303 904 2386 signis
928 2300 1067 2384 legioni-

81 2402 213 2490 busque
229 2424 297 2468 non
313 2402 528 2483 absisterent.
544 2404 660 2469 Nostri
676 2407 803 2470 acriter
819 2406 853 2469 in
869 2425 926 2469 eos
943 2405 1088 2489 impetus

81 2508 174 2573 sacto
207 2505 402 2592 repulerunt
436 2530 543 2595 neque
575 2509 675 2574 finem
709 2508 870 2594 sequendi
905 2508 1066 2590 lecerunt,

81 2610 196 2697 quoad
213 2609 365 2677 subsidio
381 2612 501 2677 confisi
517 2614 659 2698 equites,
676 2636 752 2681 eum
770 2624 847 2700 post
863 2635 899 2677 se
915 2611 1065 2695 legiones

82 2713 260 2797 viderent,
293 2716 496 2802 praecipites
530 2714 645 2781 hostes
679 2726 841 2801 egerunt,
879 2738 1089 2802 magIqullet

82 2840 198 2883 eorum
212 2840 351 2884 numero
366 2819 546 2885 interfecto
561 2842 669 2905 neque
691 2822 743 2884 sui
760 2820 943 2905 colligendi
960 2843 1066 2906 neque

81 2922 293 2989 consistendi
309 2934 370 2989 aut
385 2944 430 2988 ex
445 2923 573 2989 essedis
597 2923 777 2990 desiliendi
795 2924 994 2991 facultatem
1012 2924 1066 2989 de-

82 3025 217 3092 derunt.
237 3024 295 3091 Ex
315 3024 381 3091 bac
403 3026 485 3110 fuga
506 3028 675 3113 protinus,
704 3049 791 3113 quae
814 3027 963 3113 undique
986 3049 1089 3100 con-5

80 3136 258 3210 venerant,
270 3128 401 3195 auxilia
418 3128 658 3215 discesserunt,
674 3154 782 3219 neque
794 3141 870 3217 post
888 3132 922 3197 id
936 3142 1065 3217 tempus

80 3252 240 3319 umquam
273 3235 411 3299 summis
443 3232 619 3301 nobiscum
652 3236 758 3321 copiis
787 3235 900 3301 hostes
929 3244 1065 3301 conteu-

82 3334 217 3402 derunt.

171 3440 222 3506 18.
244 3438 375 3507 Caesar
396 3441 535 3525 cognito
567 3440 710 3507 consilio
740 3464 854 3508 eorum
876 3443 922 3508 ad
943 3441 1064 3506 flumen

80 3540 253 3609 Tamesim
280 3544 317 3609 in
343 3542 429 3609 lines
451 3541 700 3610 Cassivellauni
736 3547 922 3612 exercitum
951 3543 1065 3625 duxit3

861 3647 900 3702 g}
