2376 3924
137 218 200 281 234
475 215 584 266 uuum
605 215 776 265 1111111111

138 410 207 490 tuit,
232 409 356 491 equites
378 406 495 471 dextro
518 409 710 491 sinistroque
738 426 839 470 cornu
862 407 993 492 opponit
1018 414 1052 470 et
1076 408 1125 470 ita

139 513 304 597 praecipit,
338 521 374 575 ut
397 511 614 597 providerent,
648 532 689 575 ne
717 509 920 574 multitudine
954 513 1126 594 equitatus

139 616 279 679 hostium
302 616 629 678 circumvenirentur:
652 613 860 678 existimabat
882 615 967 677 enim
990 635 1026 678 se
1051 616 1126 678 acic

140 720 297 783 instructa
319 740 393 783 cum
415 717 618 803 pedestribus
641 720 739 803 copiis
761 718 997 782 dimicaturum.

230 824 278 887 14.
303 821 385 887 Cum
422 824 584 906 utrimque
622 824 819 907 exspectatio
862 823 966 908 fieret,
1012 847 1127 911 neque

142 928 263 994 Caesar
285 950 355 992 sese
377 936 522 991 moveret
545 937 577 992 et
599 949 673 992 cum
695 951 827 994 suorum
855 933 1018 1015 paucitate
1049 954 1127 996 con-

142 1043 193 1098 tra
215 1055 368 1117 magnam
390 1035 456 1096 vim
479 1032 618 1097 hostium
641 1034 776 1097 artificio
799 1035 902 1118 magis
925 1055 1025 1118 quam
1048 1039 1128 1100 viri-

143 1137 204 1202 bus
220 1136 461 1201 decernendum
476 1136 611 1218 videret,
635 1136 740 1201 subito
757 1137 1019 1202 adversariorum
1034 1142 1128 1225 equi·

143 1251 229 1307 tatus
263 1264 333 1307 sese
367 1241 544 1306 extendere
573 1249 605 1304 et
632 1244 665 1305 in
694 1241 896 1306 latitudinem
929 1264 1128 1327 promovere

144 1346 303 1430 collesque
326 1345 493 1430 complecti
516 1353 548 1409 et
571 1343 718 1409 Caesaris
742 1347 920 1430 equitatum
942 1354 1129 1411 extenuare

147 1450 304 1534 simulque
320 1449 362 1514 ad
378 1449 643 1514 circumeundum
665 1471 854 1534 comparare
877 1471 912 1514 se
935 1460 1128 1535 coeperunt.

127 1554 335 1619 ²ansariani
357 1556 480 1638 equites
504 1576 615 1617 eorum
644 1552 883 1618 multitudinem
911 1575 1009 1638 aegre
1033 1559 1130 1621 susti-

147 1658 277 1723 nebant.
301 1656 398 1722 Acies
420 1659 549 1720 interim
570 1656 696 1720 mediae
720 1678 793 1720 cum
816 1679 1008 1722 concurrere
1031 1682 1130 1725 cona-

148 1772 269 1843 rentur,
294 1760 399 1824 subito
422 1782 464 1823 ex
488 1758 657 1823 condensis
679 1761 792 1823 turmis
815 1759 940 1845 pedites
961 1761 1131 1828 Numidae

149 1865 228 1928 levis
258 1872 442 1927 armaturae
471 1885 545 1926 cum
574 1862 735 1947 equitibus
765 1872 959 1949 procurrunt
987 1873 1020 1929 et
1041 1867 1131 1933 inter

128 1967 340 2050 magiona-ios
364 1962 510 2050 [pedites]
534 1965 637 2028 iacula
660 1969 829 2031 coniciunt.
864 1967 928 2032 Hic
950 1990 1025 2033 cum
1048 1969 1132 2036 an-

151 2073 269 2134 sariani
303 2072 336 2132 in
370 2091 424 2133 eos
457 2071 612 2153 impetum
645 2070 805 2154 fecissent,
843 2070 968 2136 illorum
1001 2075 1132 2158 equites

151 2173 372 2257 refugiebant3
397 2175 522 2259 pedites
537 2177 666 2239 interim
681 2176 885 2260 resistebant,
909 2176 988 2241 dum
1002 2180 1133 2263 equites

151 2299 264 2342 rursus
298 2299 394 2342 cursu
429 2287 584 2342 renovato
618 2278 780 2363 peditibus
803 2282 868 2344 suis
890 2291 1131 2348 succurrerent.

240 2380 289 2445 15.
313 2380 435 2446 Cacsar
469 2405 553 2446 novo
587 2404 706 2466 genere
739 2406 868 2468 pugnae
902 2383 1019 2468 oblat0,
1054 2406 1133 2450 cum

153 2489 295 2550 animum
323 2486 511 2550 adverteret
540 2486 668 2551 ordines
700 2508 830 2552 suorum
853 2490 886 2552 in
908 2488 1134 2574 procurrendo

152 2589 277 2655 turbari
302 2587 440 2675 (pedites
464 2593 558 2672 enim,
583 2590 661 2655 dum
684 2593 808 2676 equites
830 2591 955 2677 longius
971 2590 1014 2656 ab
1030 2594 1134 2676 signis

153 2703 400 2778 persequuntur,
438 2694 538 2758 latere
574 2693 697 2758 nudato
734 2717 753 2758 a
790 2697 944 2780 proximis
980 2695 1134 2760 Numidis

154 2796 265 2859 iaculis
286 2797 556 2880 vulnerabantur3
592 2800 715 2882 equites
738 2807 847 2863 autem
869 2798 1010 2864 hostium
1032 2797 1135 2884 pilum

155 2900 261 2963 militis
285 2922 382 2963 cursu
404 2901 497 2965 facile
519 2898 693 2985 vitabant),
729 2900 826 2965 edicit
847 2923 905 2986 per
928 2899 1068 2985 ordines,
1092 2923 1135 2967 ne

157 3005 228 3087 quis
250 3002 340 3066 miles
363 3001 405 3065 ab
429 3006 527 3087 signis
556 3021 610 3066 1111
641 3003 739 3087 pedes
773 3003 897 3087 longius
931 3002 1135 3088 procederet.

135 3107 329 3190 2Equitatus
357 3108 486 3169 interim
509 3106 646 3171 Labieni
675 3128 806 3171 suorum
833 3105 1038 3170 multitudine
1062 3129 1139 3173 con·

156 3211 235 3274 fisus
272 3208 420 3274 Caesaris
458 3212 653 3294 paucitatem
691 3212 827 3274 circuire
864 3231 928 3274 non
970 3218 1137 3276 moratura

158 3316 282 3399 equites
315 3313 432 3378 Iuliani
465 3316 560 3399 pauci
597 3313 801 3377 multitudine
837 3313 977 3378 hostium
1016 3312 1139 3381 defessi

158 3420 248 3502 equis
272 3417 509 3482 convulneratis
542 3417 696 3504 paulatim
730 3416 862 3499 cedere,
903 3416 1003 3482 hostis
1031 3420 1140 3505 magis

137 3523 326 3605 omagisque
363 3523 493 3584 instare.
539 3521 590 3584 Ita
626 3528 745 3605 puncto
788 3521 942 3605 temporis
986 3519 1142 3587 omnibus
