2376 3924
115 245 157 308 22
420 248 470 297 DE
487 248 608 298 BELLO
629 245 789 298 GALLIOO

95 436 199 503 ecum
205 436 588 526 hisAeduoseorumque
600 438 742 505 clientes
756 440 858 506 semel
865 450 966 528 atque
972 442 1096 508 iterum

117 544 217 610 armis
234 542 466 626 contendisse3
480 563 640 626 magnam
656 543 885 610 calamitatem
907 544 1021 631 pulsos
1039 569 1096 611 ac·

116 649 255 735 cepisse,
269 667 398 713 omnem
412 646 634 730 nobilitatem,
647 668 776 713 omnem
789 657 951 731 senatum,
965 670 1097 715 omnem

95 753 303 837 requitatum
326 752 490 817 amisisse.
515 749 645 831 Quibus
668 751 805 836 proeliis
828 751 1097 819 calamitatibus·

117 877 180 941 que
206 855 349 937 fractos,
380 855 437 940 qui
467 864 500 920 et
523 877 584 920 sua
608 856 733 920 virtute
761 864 793 919 et
816 856 929 942 populi
953 858 1098 921 Romani

116 959 262 1045 hospitio
286 967 388 1045 atque
404 959 554 1024 amicitia
569 957 748 1044 plurimum
765 969 844 1024 ante
861 961 895 1024 in
908 958 1023 1026 Gallia
1041 982 1098 1045 po-

117 1064 272 1145 tuissent,
297 1072 433 1128 coactos
458 1085 531 1128 esse
548 1060 714 1150 Sequanis
739 1061 873 1128 obsides
897 1062 978 1128 dare
1001 1064 1099 1128 nobi-

118 1165 867 1232 lissimoscivitatisetiureiurandocivitatem
876 1167 1099 1250 obstringere,

93 1293 192 1335 >sese
221 1291 329 1356 neque
357 1269 492 1335 obsides
521 1271 723 1355 repetituros
753 1292 860 1357 neque
889 1270 1053 1336 auxilium
1078 1295 1099 1336 a

119 1373 241 1460 populo
252 1375 402 1440 Romano
420 1373 656 1459 imploraturos
672 1395 780 1459 neque
792 1381 1017 1458 recusaturos,
1034 1396 1099 1460 quo

120 1479 229 1543 minus
251 1485 411 1563 perpetuo
436 1474 498 1541 sub
522 1475 655 1542 illorum
678 1475 809 1542 dicione
832 1487 933 1562 atque
960 1478 1100 1562 imperio

99 1591 244 1649 cessent.
278 1581 389 1646 Unum
411 1602 445 1644 se
469 1603 543 1645 esse
567 1603 609 1645 ex
633 1581 721 1645 omni
738 1582 878 1646 civitate
893 1579 1101 1665 Aeduorum,

122 1686 178 1771 qui
195 1684 319 1749 adduci
335 1706 402 1748 non
417 1684 575 1769 potuerit,
599 1692 635 1747 ut
660 1684 789 1748 iuraret
805 1692 864 1748 aut
879 1682 1004 1750 liberos
1020 1705 1101 1748 suos

100 1786 257 1856 sebsides
282 1786 388 1852 daret.
427 1786 480 1852 Ob
505 1809 579 1852 eam
602 1810 673 1852 rem
697 1810 733 1852 se
758 1809 802 1852 ex
824 1789 965 1852 civitate
989 1787 1102 1872 prosu·

122 1892 213 1974 gisae
236 1899 268 1954 et
292 1891 431 1955 Romam
455 1890 500 1956 ad
523 1900 676 1957 senatum
699 1893 834 1956 venisse
857 1889 1020 1955 auxilium
1043 1911 1102 1974 po·

123 1994 294 2078 stnlatum,
318 1993 407 2080 quod
431 1993 521 2060 solus
545 2016 652 2080 neque
674 1993 891 2060 iureiurando
914 2014 1021 2078 neque
1045 1992 1101 2058 ob·

89 2097 252 2164 rosidibus
281 2106 460 2162 teneretur.
506 2096 574 2162 Sed
600 2099 696 2184 peius
726 2097 912 2163 victoribus
937 2095 1103 2182 Sequanis

123 2224 221 2288 quam
234 2200 360 2266 Aeduis
378 2203 478 2266 victis
494 2201 675 2284 accidisse,
698 2210 876 2287 propterea
900 2199 990 2286 quod
1004 2197 1104 2265 Ario·

122 2307 247 2389 viatus,
276 2327 338 2370 rex
361 2303 619 2387 Germanorum,
650 2306 684 2369 in
708 2288 962 2369 eorum'finibus
986 2324 1103 2368 conse·

124 2409 232 2473 disset
259 2410 460 2493 tertiamque
489 2417 618 2494 partem
642 2409 717 2491 agri
741 2406 905 2492 Sequani,
932 2407 1104 2492 quiesset

125 2514 267 2597 optimus
298 2512 402 2576 totius
434 2509 584 2595 Galliae,
620 2511 857 2596 occupavisset
885 2519 917 2574 et
946 2530 1036 2575 nunc
1061 2509 1105 2575 de

125 2616 234 2681 altera
257 2625 353 2699 parte
369 2617 470 2681 tertia
487 2614 661 2699 Sequanos
679 2613 842 2679 decedere
864 2612 1005 2696 iuberet,
1028 2635 1104 2699 pro·

125 2730 241 2806 pterea
265 2718 354 2805 quod
376 2720 495 2805 paucis
518 2717 690 2782 mensibus
714 2726 794 2782 ante
809 2715 986 2782 Harudum
1009 2714 1104 2782 milia

125 2826 295 2888 hominum
311 2840 415 2885 xxnn
430 2821 475 2887 ad
498 2844 572 2886 eum
595 2823 777 2903 venissent,
802 2821 920 2906 quibus
944 2818 1039 2884 locus
1063 2839 1105 2885 ac

93 2953 117 2992 11
127 2928 223 2992 sedes
240 2936 451 3012 pararentur.
496 2926 661 2990 Futurum
685 2947 759 2990 esse
781 2927 898 3010 paucis
923 2924 1031 3004 annis,
1054 2925 1106 2988 uti

128 3053 241 3095 omnes
264 3053 306 3094 ex
323 3028 457 3095 Galliae
480 3028 602 3094 finibus
626 3027 841 3114 pellerentur,
866 3037 967 3112 atque
991 3048 1105 3092 omnes

128 3134 289 3199 Germani
305 3133 456 3198 Rhenum
472 3134 672 3198 transirent:
695 3154 803 3218 neque
827 3132 914 3195 enim
931 3129 1105 3195 conferen-

130 3238 207 3303 dum
231 3261 304 3302 esse
329 3236 496 3302 Gallicum
520 3259 596 3302 cum
611 3234 856 3302 Germanorum
879 3256 973 3318 agro,
996 3255 1107 3319 neque

127 3342 214 3405 hanc
231 3340 508 3405 consuetudinem
524 3341 633 3404 victus
651 3362 727 3405 cum
750 3338 809 3404 illa
833 3337 1106 3426 comparandam.

94 3465 119 3508 ra
127 3444 336 3509 Ariovistum
353 3454 473 3525 autem,
489 3452 527 3507 ut
543 3441 644 3507 semel
658 3440 832 3507 Gallorum
849 3443 964 3526 copias
978 3439 1107 3528 proelio

126 3549 256 3632 vicerit,
281 3547 369 3634 qnod
391 3546 554 3633 proelium
577 3546 703 3611 factum
720 3546 764 3610 sit
781 3542 1108 3631 Admagetobrigac,
