2376 3924
344 786 379 852 Ο.
407 786 521 854 lULII
547 785 766 853 CAESARIS

126 965 238 1074 DE
280 965 559 1074 BELLO
601 963 982 1075 GALLIOO

383 1177 519 1231 LIBER
543 1175 726 1233 PRIMUS.

476 1360 627 1371 -—-—---

407 1547 699 1606 ARGUMEM'PUM.

61 1653 156 1704 Gallia
179 1653 314 1721 descripta
340 1659 466 1706 narratur
488 1654 591 1705 bellum
615 1654 787 1704 Helveticum
811 1669 832 1704 c.
853 1654 946 1703 1-29.
974 1654 1038 1703 Hel·

98 1742 164 1790 vetii
182 1742 209 1790 in
230 1740 348 1792 Galliam
368 1742 510 1808 migraturi
526 1742 642 1806 primum
666 1756 714 1807 per
736 1740 917 1804 provinciam,
941 1740 1038 1790 deinde

97 1843 145 1892 per
160 1828 300 1891 Sequanos
318 1830 370 1879 iter
387 1833 528 1894 temptant,
547 1827 595 1877 aed
614 1843 675 1877 cum
693 1827 799 1877 duobus
811 1827 922 1892 proeliis
941 1843 958 1876 a
972 1827 1037 1876 Cae-

97 1932 157 1966 sare
176 1916 312 1981 profligati
329 1920 428 1976 essent,
447 1915 493 1980 qui
512 1930 545 1964 ex
563 1919 639 1964 tanta
659 1914 736 1965 clade
755 1918 925 1978 supererant,
945 1916 973 1962 in
991 1930 1037 1979 pa·

96 2003 175 2052 triam
195 2002 357 2068 relegantur.
378 2003 437 2052 Iam
455 2017 517 2052 cum
536 2001 568 2052 de
586 2001 730 2062 Ariovisto,
750 2000 946 2052 Germanorum
967 2017 1037 2066 rege,

97 2089 144 2155 qui
161 2095 218 2140 tum
233 2091 418 2154 Sequanorum
437 2105 532 2155 agrum
550 2090 695 2151 incidebat,
715 2088 789 2140 Galli
808 2088 880 2153 apud
893 2087 1037 2140 Caesarem

97 2182 324 2241 conquererentur
342 2193 364 2227 c.
383 2177 498 2239 30-32,
520 2176 738 2242 colloquiumque
758 2191 774 2226 a
793 2191 856 2241 rege
875 2176 1036 2241 denegatum
1055 2232 1061 2241 ,

96 2265 168 2311 esset
191 2277 213 2311 e.
235 2263 276 2325 33,
298 2263 340 2315 34.
366 2263 466 2314 Caesar
491 2263 694 2328 componendae
718 2264 757 2312 rei
779 2264 885 2328 legatos
908 2261 942 2311 ad
960 2261 1035 2311 Ario-

94 2349 193 2397 vistum
214 2349 309 2410 mittit,
334 2349 381 2400 sed
399 2349 498 2400 frustra
521 2365 543 2399 c.
563 2348 604 2414 35,
629 2351 669 2399 36.
705 2351 800 2414 Itaque
820 2347 922 2398 Caesar
944 2349 1036 2414 copias

94 2433 225 2484 adversus
244 2450 335 2500 regem
355 2436 447 2486 educit
464 2452 487 2488 c.
505 2437 552 2495 373
571 2452 631 2486 cum
649 2435 830 2502 trepidarent,
849 2435 969 2485 oratione
987 2435 1036 2483 mi-

94 2520 172 2570 litum
192 2521 296 2572 animoa
315 2521 455 2573 confirmat
473 2539 496 2573 c.
509 2522 619 2572 30-41.
639 2521 811 2588 Colloquium
831 2520 955 2571 Caesaris
975 2536 1035 2570 cum

93 2606 230 2655 Ariovisto
259 2605 454 2658 Germanorum
484 2609 586 2674 impetu
617 2608 751 2659 dirimitur
779 2624 801 2658 c.
828 2608 944 2671 42-463
974 2623 1036 2657 cnm

94 2692 182 2742 denno
208 2692 372 2758 colloquium
391 2710 438 2745 rex
454 2696 580 2760 petisset,
601 2694 675 2746 Galli
692 2694 727 2744 ad
746 2710 807 2745 cum
824 2693 964 2759 legantur,
989 2696 1035 2759 qui

94 2795 155 2829 eum
168 2778 253 2828 vincti
267 2780 446 2830 retinerentur
465 2797 488 2832 c.
506 2782 547 2844 47,
565 2782 620 2831 iam
633 2782 715 2832 armis
732 2797 776 2831 res
789 2781 886 2846 agitur.
906 2779 1034 2831 Germani

93 2865 255 2931 gravissima
276 2865 353 2916 clade
372 2871 485 2933 accepta
502 2865 622 2919 eGallia
639 2867 796 2934 profugiunt
814 2884 836 2921 c.
854 2867 963 2921 48-54.
1033 2889 1035 2893 >

146 3038 173 3103 1.
191 3037 305 3104 Gallia
317 3049 367 3105 eet
378 3041 484 3105 omnis
498 3024 608 3106 divisa
621 3043 655 3107 in
667 3051 781 3128 partes
794 3052 880 3128 trec,
894 3065 1033 3130 quarum

56 3166 157 3209 unam
180 3143 332 3210 incolunt
347 3143 486 3228 Belgae,
510 3143 612 3211 aliam
627 3144 800 3231 Aquitani,
824 3150 961 3214 tertiam
977 3152 1033 3236 qui
1055 3204 1058 3209 .

56 3249 203 3333 ipsorum
218 3247 334 3332 lingua
351 3247 477 3332 Celtae,
495 3259 612 3314 nostra
629 3247 721 3314 Galli
739 3251 962 3337 appellantur.
985 3253 1053 3318 Hie

56 3373 169 3417 omnes
189 3350 317 3436 lingua,
341 3354 517 3435 institutis,
540 3352 672 3437 legibue
696 3355 784 3420 inter
807 3378 843 3421 se
866 3356 1031 3423 differunt.
1089 3333 1093 3350 ¹

56 3451 174 3518 Gallos
209 3454 251 3519 ab
281 3454 461 3542 Aquitanis
493 3453 665 3521 Garumna
699 3457 838 3541 flumen,
872 3459 1031 3544 aBelgie

108 3571 192 3615 caesar.
205 3572 224 3618 1.
239 3572 260 3615 a.
276 3574 301 3617 e.
845 3565 865 3615 t
