2376 3924
373 232 483 282 Ltcnn
501 231 565 296 1111,
588 230 664 281 ΟΑΡ.
685 231 794 281 12-15.
1032 233 1073 299 89

93 424 218 488 castris
243 421 361 489 eduxit
384 424 651 510 equitatumque,
680 424 769 510 quod
796 426 923 491 recenti
947 425 1073 510 proelio

94 527 311 614 perterritum
323 549 397 593 esse
410 525 641 611 existimabat,
654 549 776 611 agmen
790 528 948 616 subsequi
964 531 1073 595 iussit.

183 628 232 694 14.
246 629 464 718 Acietriplici
478 632 635 696 instituta
645 640 677 696 et
690 630 845 698 celeriter
857 643 932 699 octo
946 633 1075 700 milium

95 735 216 801 itinere
239 734 392 800 confecto
416 736 508 821 prius
532 735 577 800 ad
599 736 745 802 hostium
773 745 888 803 castra
912 740 1073 823 pervenit,

95 861 205 926 quam,
230 839 310 925 quid
326 847 495 922 ageretur,
513 835 675 904 Germani
691 842 816 906 sentire
836 852 983 927 possent.
1009 843 1097 924 Quia

96 941 251 1009 omnibus
267 941 366 1008 rebus
384 940 495 1025 subito
512 944 693 1028 perterriti,
711 953 744 1010 et
759 942 935 1010 celeritate
951 946 1074 1010 adven-

96 1059 150 1113 tus
163 1047 271 1113 nostri
284 1055 318 1111 et
331 1045 483 1111 discessu
496 1068 641 1130 suorum,
658 1069 765 1133 neque
781 1048 914 1113 consilii
927 1049 1074 1114 habendi

96 1173 204 1237 neque
227 1172 321 1216 arma
344 1150 501 1237 capiendi
517 1152 627 1236 spatio
653 1151 731 1216 dato
747 1151 997 1237 perturbantur,
1021 1175 1074 1216 co·

95 1258 217 1342 piasne
229 1253 394 1319 adversus
406 1253 537 1320 hostem
551 1254 683 1337 ducere,
702 1278 745 1320 an
759 1265 873 1321 castra
887 1255 1075 1338 defendere,

97 1382 140 1424 an
164 1359 245 1442 fuga
270 1358 413 1425 salutem
434 1368 550 1444 petere
572 1367 773 1445 praestaret.
805 1360 954 1442 Quorum
977 1363 1098 1426 timore

96 1485 172 1528 cum
195 1461 331 1528 fremitu
346 1470 378 1527 et
398 1485 566 1529 concursu
590 1464 847 1548 significaretur,
871 1463 995 1530 milites
1018 1486 1075 1528 no·

98 1569 161 1632 stri
182 1566 318 1654 pristini
343 1565 409 1631 diei
432 1567 574 1653 perfidia
597 1568 733 1632 incitati
756 1568 790 1631 in
814 1577 928 1632 castra
952 1569 1076 1653 irrupe-

96 1681 185 1737 runt.
210 1669 284 1751 Quo
299 1669 375 1734 loco
392 1673 448 1754 qui
467 1669 624 1735 celeriter
640 1693 733 1735 arma
750 1692 871 1757 capere
887 1679 1100 1755 potueruntr

96 1775 270 1862 paulisper
284 1773 409 1838 nostris
431 1775 628 1839 restiterunt
647 1783 747 1860 atque
768 1777 856 1840 inter
877 1795 992 1840 carros
1017 1778 1077 1841 im-

97 1876 770 1965 pedimentaqueproeliumcommiserunt
782 1902 789 1962 3
803 1879 980 1967 etreliqua
994 1879 1099 1945 mul-5

97 1982 209 2049 titudo
217 1968 394 2068 puerorum
401 1981 642 2068 mulierumque
657 1986 747 2060 (nam
758 2006 833 2048 cum
842 1983 993 2050 omnibus
1008 1985 1076 2048 suis

99 2087 197 2152 domo
221 2095 438 2153 excesserant
461 2086 679 2172 Rhenumque
701 2088 922 2169 transierant)
951 2089 1079 2173 passim

97 2191 215 2275 fugere
237 2193 365 2278 coepit3
389 2191 434 2256 ad
457 2212 540 2276 quos
564 2190 810 2256 consectandos
836 2189 964 2256 Caesar
988 2192 1077 2276 equi-

98 2304 208 2360 tatum
230 2296 333 2361 misit.

188 2396 238 2464 15.
262 2395 424 2464 Germani
439 2407 516 2484 post
533 2407 666 2481 tergum
682 2397 828 2463 clamore
852 2398 979 2480 audito,
1003 2421 1079 2464 cum

100 2524 178 2567 suos
195 2488 340 2567 interfici
358 2501 524 2584 viderent,
542 2503 646 2567 armis
664 2500 805 2566 abiectis
823 2503 996 2588 signisque
1018 2504 1078 2566 mi-

100 2603 257 2670 litaribus
285 2605 414 2670 relictis
446 2627 483 2669 se
506 2626 549 2669 ex
572 2605 695 2670 castris
719 2606 907 2688 eiecerunt,
942 2615 975 2670 et
1003 2629 1100 2670 cuma

100 2708 145 2773 ad
156 2708 377 2773 confluentem
389 2706 506 2773 Mosae
519 2716 553 2773 et
564 2706 672 2772 Rheni
688 2709 933 2793 pervenissent,
949 2708 1078 2795 reliqua

99 2810 180 2896 luga
197 2810 387 2896 desperata,
406 2830 529 2894 magno
546 2831 684 2875 numero
700 2811 889 2895 interfecto,
906 2811 1027 2898 reliqui
1044 2836 1079 2877 so

100 2917 135 2979 in
157 2914 279 2980 flumen
301 2914 616 3001 praecipitaverunt
632 2922 733 2998 atque
757 2912 803 2977 ibi
828 2915 958 2998 timore,
982 2916 1079 2981 lassi-

101 3019 235 3102 tudine,
263 3019 298 3085 vi
326 3018 472 3083 fluminis
497 3018 648 3103 oppressi
674 3018 856 3103 perierunt.
895 3018 1010 3084 Nostri
1036 3019 1101 3084 ade

100 3142 202 3189 unum
218 3143 332 3188 omnes
347 3120 531 3187 incolumes
544 3121 722 3206 perpaucis
737 3120 924 3187 vulneratis
939 3124 1080 3186 extanti

100 3225 183 3293 belli
196 3225 327 3304 timore,
340 3247 416 3291 cum
427 3224 576 3289 hostium
591 3246 747 3289 numerus
759 3227 907 3310 capitum
921 3243 1081 3290 ccccxxx
1178 3274 1180 3309 ;

101 3330 231 3397 milium
252 3330 381 3413 luisset,
406 3351 442 3394 se
457 3328 493 3394 in
509 3337 624 3394 castra
647 3338 856 3413 receperunt.
884 3327 1012 3394 Caesar
1027 3330 1103 3414 iis,4

101 3456 185 3523 quos
208 3436 244 3500 in
270 3435 393 3501 castris
423 3434 626 3516 retinuerat,
652 3432 848 3498 discedendi
877 3441 1081 3517 potestatem

100 3539 194 3605 fecit.
227 3536 284 3605 Illi
312 3537 479 3624 supplicia
506 3537 745 3631 cruciatusque
770 3535 945 3601 Gallorum
969 3537 1103 3623 veriti,s
