2376 3924
391 220 502 271 mana
519 219 551 285 ν,
580 220 658 273 οΑΡ.
677 223 787 272 at-ae.
1014 223 1074 287 127

93 432 171 475 eam
199 431 269 473 rem
299 431 334 474 se
369 431 464 474 suam
497 409 598 474 fidem
632 411 854 494 interponere.
900 410 962 475 Ille
997 431 1098 477 cumo

95 512 200 578 Cotta
218 513 334 577 saucio
351 513 587 596 communicat,
604 514 633 578 si
649 513 816 596 videatur,
832 536 947 600 pugna
963 527 1000 582 ut
1020 540 1076 581 cx-

96 616 221 681 cedant
239 626 271 681 et
291 638 366 681 cum
378 615 574 700 Ambiorige
590 639 656 681 unc
673 616 924 703 colloquantur3
941 641 1077 704 sperare

97 719 204 785 abeo
230 720 356 785 desua
381 742 421 784 ac
450 719 592 785 militum
625 720 734 786 salute
764 722 936 806 impetrari
967 744 1075 806 possc.

96 822 200 888 Cotta
224 845 260 888 se
277 823 321 888 ad
337 833 504 889 armatum
519 823 649 889 hostem
665 825 789 889 iturum
804 835 907 907 negat
925 835 1026 910 atque
1042 826 1099 889 int
1143 895 1145 900 ἲ

97 950 136 992 eo
159 937 367 1013 perseverat.

202 1029 253 1094 37.
271 1029 416 1096 Sabinus
430 1051 512 1116 quos
527 1031 560 1095 in
572 1030 1077 1116 praesentiatribunosmilitum

97 1135 226 1200 circum
243 1157 278 1199 se
294 1133 442 1200 habebat
456 1144 488 1199 et
505 1136 686 1220 primorum
698 1135 852 1201 ordinum
864 1137 1077 1200 centuriones

98 1261 133 1304 se
158 1239 253 1323 sequi
277 1237 370 1303 iubet
394 1246 436 1321 et,
461 1260 535 1304 cum
557 1240 695 1324 propius
719 1238 947 1323 Ambiorigem
964 1262 1077 1304 acces·

99 1345 212 1426 sisset,
229 1344 339 1408 iussus
357 1364 451 1408 arma
468 1342 602 1407 abicere
619 1344 817 1427 imperatum
832 1341 916 1408 facit
933 1344 1077 1428 suisque,

98 1456 135 1511 ut
160 1446 249 1511 idem
271 1446 411 1529 iaciant,
435 1448 588 1531 imperat.
612 1446 762 1527 Interim,
795 1445 871 1510 dum
897 1445 937 1510 de
961 1447 1098 1510 condi-c

99 1549 255 1616 cionibus
290 1551 380 1614 inter
414 1572 450 1614 se
484 1560 591 1634 agunt
624 1549 822 1634 longiorque
856 1549 1009 1632 consulto
1034 1551 1077 1615 ab

98 1652 297 1736 Ambiorige
313 1654 503 1719 instituitur
516 1675 634 1736 sermo,
651 1652 815 1738 paulatim
828 1655 1077 1718 circumventus

100 1757 314 1822 interficitur.
338 1755 423 1820 Tum
447 1777 526 1820 vero
551 1778 610 1821 suo
633 1778 725 1821 more
748 1757 928 1822 victoriam
944 1756 1100 1822 conclu-a

98 1869 193 1926 mant
218 1869 320 1944 atque
342 1858 508 1925 ululatum
531 1859 653 1925 tollunt
676 1861 866 1946 impetuque
888 1861 922 1925 in
946 1870 1078 1926 nostros

99 1965 193 2030 sacto
211 1962 345 2028 ordines
361 1961 571 2048 perturbant.
595 1961 647 2028 Ibi
664 1962 790 2028 Lucius
807 1961 908 2029 Cotta
924 1985 1101 2048 pugnansr

101 2067 307 2133 interficitur
330 2088 406 2131 cum
428 2068 577 2131 maxima
600 2076 698 2152 parte
720 2065 872 2131 militnm.
896 2066 1026 2152 Reliqui
1044 2091 1079 2131 se

100 2174 136 2236 in
159 2179 274 2235 castra
297 2170 475 2254 recipiunt,
498 2169 588 2234 unde
611 2179 709 2235 erant
725 2172 864 2254 egressi.
887 2169 942 2235 Ex
959 2171 1101 2255 quibust

100 2275 228 2340 Lucius
251 2274 460 2339 Petrosidius
484 2273 650 2359 aquilifer,
686 2295 760 2339 cum
783 2295 908 2357 magna
931 2273 1079 2339 multitu·

101 2378 181 2444 dine
196 2377 351 2443 bostium
362 2385 579 2462 premeretur,
596 2376 745 2462 aquilam
757 2379 847 2443 intra
865 2377 990 2442 vallum
1005 2400 1079 2462 pro-

101 2482 191 2564 iecit,
209 2482 280 2568 ipse
296 2504 355 2568 pro
372 2483 495 2547 eastris
519 2482 701 2547 fortissime
724 2503 879 2568 pugnans
904 2482 1079 2547 occiditur.

99 2584 156 2650 Illi
168 2605 271 2670 aegre
283 2584 328 2650 ad
339 2594 472 2650 noctem
485 2587 767 2671 oppugnationem
781 2586 963 2669 sustinent3
979 2595 1101 2650 noctus

101 2688 147 2753 ad
170 2710 272 2753 unum
288 2710 403 2753 omnes
420 2679 599 2774 desperata
613 2687 724 2752 salute
738 2711 772 2752 se
785 2688 849 2773 ipsi
863 2689 1080 2754 interficiunt.

100 2792 207 2857 Pauci
226 2813 270 2856 ex
284 2791 411 2876 proelio
429 2790 535 2876 elapsi
550 2791 689 2856 incertis
706 2790 883 2856 itineribus
899 2814 959 2876 per
974 2793 1100 2858 silvest

102 2893 148 2959 ad
163 2893 278 2959 Titum
293 2893 484 2959 Labienum
506 2893 654 2977 legatum
672 2895 707 2958 in
723 2893 865 2960 hiberna
880 2900 1080 2980 perveniunt

102 3005 205 3083 atque
227 3019 303 3063 eum
327 2996 490 3079 derebus
515 2999 620 3083 gestis
645 2998 824 3063 certiorem
847 2999 988 3066 fuciunt.

205 3098 257 3165 38.
273 3100 349 3166 Hac
365 3102 508 3166 victoria
522 3100 675 3167 sublatus
689 3100 866 3167 Ambiorix
879 3107 994 3169 statim
1007 3128 1080 3171 cum

101 3203 257 3291 equitatu
278 3203 314 3268 in
337 3200 547 3287 Aduatucos,
583 3204 640 3290 qui
665 3212 761 3268 erant
786 3205 985 3289 oius1·egn0
1009 3208 1080 3272 fini·

102 3308 187 3391 timi,
209 3308 454 3394 proficiscitur3
476 3330 586 3395 neque
600 3316 734 3373 noctem
750 3330 858 3393 neque
875 3309 962 3374 diem
979 3311 1080 3375 inter-

102 3411 209 3478 mittit
223 3410 478 3498 peditatumque
495 3432 570 3476 sese
587 3410 746 3497 subsequi
762 3411 864 3478 iubet.
881 3413 930 3477 Re
948 3412 1102 3477 demon-2

103 3513 478 3602 strctsAductncisque
490 3516 670 3582 concitatis
684 3526 817 3602 postero
833 3515 885 3582 die
897 3518 931 3580 in
937 3516 1080 3583 Nervios
