2376 3924
136 224 178 289 12
445 219 496 275 DE
508 218 629 275 Buteo
643 214 800 274 olomeo

135 413 189 479 die
201 415 403 481 frumentum
415 414 578 480 militibus
591 415 701 480 metiri
719 421 896 500 oporteret,
913 415 1110 479 convocatis

134 538 247 582 eorum
259 515 479 603 principibus,
488 538 626 603 quorum
639 517 1110 602 magnameopiamineastris

33 692 35 697 ¹
132 619 292 703 habebat,
315 621 349 684 in
372 619 425 684 his
441 619 615 685 Divitiaco
632 627 666 684 et
680 619 794 703 Lisco,
819 621 874 705 qui
898 642 1025 685 summo
1041 642 1111 685 ma·
1168 617 1171 623 ’

132 722 1111 810 gistratuipraeerat,quemvergobretumappellantAedui,

132 828 187 912 qui
212 836 348 893 creatur
371 850 503 893 annuus
527 838 561 895 et
575 828 668 893 vitae
686 829 848 915 necisque
863 829 898 892 in
915 849 993 893 suos
1008 827 1110 893 habet

110 938 342 1015 opotestatem,
367 933 519 1016 graviter
534 953 591 996 eos
608 939 759 1012 accusat,
783 929 882 1017 quod,
906 953 980 996 eum
1002 952 1111 1017 neque

132 1035 195 1097 emi
219 1055 328 1120 neque
351 1057 395 1100 ex
418 1036 511 1118 agris
541 1036 626 1100 sumi
656 1043 787 1119 posset,
822 1041 891 1098 tam
916 1035 1109 1099 necessario

130 1145 291 1222 tempore,
315 1146 385 1203 tam
407 1140 604 1225 propinquis
627 1137 782 1203 hostibus
810 1137 854 1202 ab
878 1138 919 1202 iis
942 1159 1009 1204 non
1033 1137 1109 1202 sub-

130 1238 277 1324 levetur,
311 1243 512 1328 praesertim
540 1263 615 1307 oum
643 1261 768 1325 magna
799 1264 841 1307 ex
870 1249 968 1327 parte
997 1263 1110 1307 eorum

129 1343 286 1427 precibus
310 1345 479 1412 adductus
503 1345 629 1412 bellum
653 1346 855 1431 susceperit3
877 1344 983 1413 multo
1007 1347 1110 1410 etiam

130 1449 278 1531 gravius,
302 1450 391 1535 quod
416 1451 460 1515 sit
485 1449 679 1531 destitutus,
703 1451 863 1536 queritur.

217 1549 266 1616 17.
290 1551 374 1618 Tum
399 1553 531 1619 demum
546 1553 669 1618 Liseus
693 1554 846 1619 oratione
868 1552 1026 1619 Caesaris
1051 1552 1110 1618 ad-

131 1651 263 1737 ductus,
293 1654 383 1741 quod
406 1665 509 1721 antea
533 1665 698 1738 tacuerat,
721 1658 896 1742 proponit:
931 1678 1005 1723 esse
1027 1677 1109 1720 non-

128 1755 249 1841 nullos,
273 1779 413 1844 quorum
437 1761 625 1825 auotoritas
655 1758 745 1845 apud
773 1759 903 1845 plebem
930 1758 1109 1845 plurimum

119 1858 253 1943 ualeat,
277 1861 333 1948 qui
356 1864 518 1948 privatim
540 1862 613 1950 plus
637 1864 768 1949 possint
792 1884 892 1949 quam
915 1864 979 1948 ipsi
1002 1863 1109 1945 magi-

107 1972 267 2030 sstratus.
284 1966 357 2032 Hos
373 1966 537 2033 seditiosa
553 1975 655 2052 atque
668 1965 820 2052 improba
833 1967 986 2032 oratione
997 1963 1110 2030 multi-

107 2066 279 2133 etudinem
305 2067 486 2152 deterrere,
509 2090 552 2133 ne
574 2069 777 2134 frumentum
799 2067 995 2150 oonfsrant3
1019 2065 1109 2152 quod

127 2180 303 2255 praestare
327 2171 460 2255 debeat,
485 2173 514 2237 si
537 2173 604 2239 iam
619 2173 846 2259 principatum
863 2169 998 2236 Galliae
1022 2170 1108 2237 obti-

128 2296 208 2339 nere
217 2297 283 2341 non
296 2277 437 2361 possint,
447 2272 622 2341 Gallorum
630 2297 730 2362 quam
736 2275 1110 2360 Romanorumimperia

105 2377 291 2463 rperferre3
303 2401 413 2467 noque
426 2378 583 2446 dubitare
600 2379 756 2462 debeant,
775 2381 866 2466 quin,
889 2381 919 2445 si
930 2377 1107 2443 Helvetios

128 2483 363 2564 superaverint
374 2481 527 2567 Romani,
539 2504 609 2548 una
621 2502 697 2547 eum
709 2481 839 2568 reliqua
853 2479 971 2547 Gallia
979 2479 1108 2546 Aeduis

105 2581 319 2651 olibertatem
340 2588 408 2652 sint
432 2588 589 2674 erepturi.
613 2585 667 2652 Ab
683 2585 809 2652 eisdem
832 2595 949 2652 nostra
966 2584 1109 2653 consilia

126 2709 278 2775 quaeque
295 2691 328 2754 in
345 2693 469 2757 eastris
486 2699 649 2775 gerantur
664 2690 819 2756 hostibus
836 2691 1022 2757 enuntiari:
1045 2692 1107 2758 hos

40 2780 43 2786 ⁵
105 2813 148 2857 oa
172 2814 207 2856 se
230 2796 379 2859 coerceri
402 2816 469 2860 non
493 2817 603 2881 posse.
628 2793 717 2875 Quin
742 2797 855 2877 etiam,
878 2794 968 2881 quod
989 2817 1107 2862 neces·

128 2897 219 2960 saria
235 2920 271 2962 re
288 2906 426 2963 coaetus
440 2896 582 2964 Caesari
599 2899 794 2983 enuntiarit,
810 2897 1009 2982 intellegere
1023 2920 1107 2985 sese,

127 3008 254 3084 quanto
278 2999 314 3065 id
337 3022 415 3066 oum
435 3002 586 3088 periculo
610 3001 740 3088 feeerit,
757 3011 789 3068 et
807 3001 847 3068 ob
866 3024 940 3067 eam
955 3023 1106 3088 oausam,

127 3123 227 3187 quam
252 3102 310 3168 diu
331 3107 489 3191 potuerit,
513 3106 672 3171 tacuisse.

215 3205 264 3268 18.
295 3204 424 3272 Caesar
451 3208 515 3272 hae
551 3211 703 3275 oratione
731 3211 824 3276 Lisoi
853 3211 1106 3293 Dumnorigem,

126 3308 294 3374 Divitiaci
317 3311 473 3395 fratrem,
505 3311 678 3395 designari
703 3314 888 3397 sentiebat,
919 3312 994 3396 sed,
1018 3311 1107 3399 quod

126 3411 279 3497 pluribus
301 3414 539 3500 praesentibus
564 3438 621 3482 eas
638 3438 692 3481 res
709 3419 832 3483 iactari
847 3415 997 3499 nolebat,
1021 3415 1106 3481 cele-

103 3517 209 3581 sriter
224 3517 406 3584 eonsilium
423 3518 573 3604 dimittit,
589 3519 728 3584 Liscum
744 3522 877 3587 retinet.
902 3519 1046 3601 Quaerit
1063 3541 1107 3585 ex
