2376 3924
373 226 484 277 nmen
501 227 536 289 11,
556 225 632 277 cnr.
656 227 765 276 11-14.
1017 226 1058 291 67

72 414 214 500 praedae
242 416 276 478 in
304 415 420 479 urbem
450 417 666 502 irrumperent
694 415 874 502 urbemque
897 416 1050 482 delerent.

73 521 166 583 Haec
193 518 291 604 atque
320 518 465 583 eiusdem
492 521 620 604 generis
644 519 809 606 complura
830 531 867 585 ut
889 520 930 585 ab
954 521 1052 584 homi-

73 623 168 688 nibus
191 622 293 687 doctis
316 645 532 708 magnacum
554 624 774 689 misericordia
807 625 950 710 fletuque
984 648 1053 710 pro-

74 729 272 792 nuntiantur.

163 830 211 894 13.
236 831 364 914 Quibus
378 831 477 896 rebus
493 834 642 896 commoti
655 831 751 918 legati
767 833 883 898 milites
899 855 941 897 ex
957 855 1053 919 opere

75 935 250 1017 deducunt,
275 937 513 1020 oppugnatione
529 933 701 1018 desistunt3
727 935 877 1022 operibus
893 936 1054 1001 custodias

76 1038 269 1124 relinquunt.
314 1036 520 1102 Indutiarum
542 1037 685 1123 quodam
700 1061 819 1124 genere
835 1039 1075 1105 misericordiae

76 1143 161 1206 facto
195 1141 355 1206 adventus
389 1139 537 1205 Caesaris
576 1153 792 1228 exspectatur.
849 1142 980 1209 Nullum
1013 1166 1056 1207 ex

77 1268 169 1309 muro
176 1295 184 1328 ,
214 1243 337 1308 nullum
367 1267 387 1308 a
414 1247 531 1309 nostris
560 1247 697 1311 mittitur
723 1245 839 1330 telum3
868 1257 904 1311 ut
926 1270 961 1312 re
984 1269 1055 1312 con-

77 1350 162 1413 fecta
185 1371 295 1414 omnes
319 1371 430 1413 curam
453 1358 486 1412 et
507 1348 707 1433 diligentiam
728 1353 904 1416 remittunt.
935 1350 1076 1418 Caesare

79 1455 164 1515 enim
192 1475 250 1538 per
278 1452 400 1518 litteras
423 1453 584 1518 Trebonio
613 1476 809 1540 magnopere
832 1455 1055 1538 mandaverat,

78 1577 119 1618 ne
147 1559 293 1641 pervim
322 1555 475 1642 oppidum
503 1559 684 1642 expugnari
713 1567 888 1643 pateretur,
917 1581 958 1623 ne
986 1581 1056 1643 gra·

79 1663 151 1724 vius
174 1661 310 1746 permoti
332 1659 447 1724 milites
475 1670 508 1724 et
530 1660 718 1726 defectionis
747 1661 819 1726 odio
842 1670 874 1727 et
896 1671 1056 1748 contemp·

79 1768 166 1829 tione
182 1765 230 1827 sui
242 1772 275 1828 et
286 1762 407 1827 diutino
423 1762 533 1828 labore
546 1786 656 1829 omnes
668 1764 808 1850 puberes
820 1766 1054 1849 interficerent,

81 1867 167 1954 quod
196 1889 230 1932 se
259 1865 400 1930 facturos
428 1867 650 1951 minabantur,
686 1891 849 1954 aegreque
877 1878 955 1933 tunc
983 1879 1078 1934 sunt«

80 1974 206 2055 retenti,
230 1973 308 2057 quin
331 1972 485 2058 oppidum
506 1973 732 2057 irrumperent,
755 1975 963 2058 graviterque
986 1995 1059 2038 eam

80 2098 150 2140 rem
164 2074 316 2158 tulerunt,
333 2074 419 2160 quod
438 2076 563 2140 stetisse
579 2097 636 2161 per
648 2076 856 2159 Trebonium,
873 2079 1058 2161 quominus

83 2178 200 2265 oppido
223 2181 413 2265 potirentur,
436 2176 618 2242 videbatur.

170 2282 219 2345 14.
243 2280 289 2345 At
304 2280 412 2345 hostes
427 2282 496 2344 sine
515 2279 580 2344 fide
596 2288 723 2366 tempus
739 2291 835 2366 atque
860 2282 1060 2345 occasionem

82 2385 205 2452 fraudis
228 2406 267 2449 ac
282 2383 347 2449 doli
368 2392 528 2469 quaerunt
543 2385 781 2468 interiectisque
803 2383 924 2469 aliquot
946 2382 1060 2447 diebus

83 2492 199 2554 nostris
222 2486 449 2573 languentibus
472 2495 570 2572 atque
593 2488 699 2552 animo
721 2488 862 2552 remissis
877 2485 983 2551 subito
998 2508 1061 2550 me-

84 2593 208 2657 ridiano
242 2601 402 2677 tempore,
436 2612 511 2655 oum
545 2590 626 2655 alius
660 2590 872 2673 discessisset,
907 2589 987 2654 alius
1021 2612 1064 2653 ex

85 2697 208 2760 diutino
237 2692 347 2759 labore
375 2696 409 2758 in
437 2695 514 2779 ipsis
541 2692 692 2778 operibus
720 2695 820 2777 quieti
848 2714 883 2756 se
912 2691 1063 2776 dedisset,

86 2821 177 2862 arma
199 2819 277 2863 vero
301 2799 420 2862 omnia'·
428 2799 569 2882 reposita
592 2805 803 2882 contectaque
826 2806 942 2880 essent,
965 2799 1065 2882 portis

86 2925 120 2967 se
144 2901 231 2967 foras
254 2909 437 2986 erumpunt,
467 2900 609 2965 secundo
632 2921 815 2985 magnoque
838 2909 936 2966 vento
958 2902 1066 2986 ignem

88 3004 239 3092 operibus
262 3004 412 3069 inferunt.
450 3003 548 3068 Hunc
571 3005 617 3067 sio
639 3002 762 3069 distulit
783 3012 911 3087 ventus,
933 3006 980 3069 uti
1002 3022 1087 3069 unos

87 3119 233 3195 tempore
250 3129 361 3194 agger,
378 3106 487 3193 plutei,
511 3106 649 3190 testudo,
673 3109 780 3192 turris,
803 3117 964 3173 tormenta
979 3107 1067 3172 flam-

87 3235 174 3278 mam
198 3214 406 3298 conciperent
433 3220 467 3275 et
494 3213 583 3296 prius
611 3212 692 3276 haec
714 3214 822 3277 omnia
845 3232 1068 3276 consumeren-

88 3326 158 3399 tur,
188 3337 301 3400 quam,
331 3313 606 3401 quemadmodum
633 3313 818 3386 accidisset,
853 3313 1069 3379 animadverti

89 3429 206 3505 posset.
240 3420 351 3485 Nostri
373 3420 543 3503 repentina
564 3418 694 3484 fortuna
708 3419 845 3503 permoti
860 3439 961 3500 arma,
985 3434 1089 3502 quaes

89 3533 234 3611 possunt,
257 3523 431 3609 arripiunt3
456 3520 510 3587 alii
532 3545 577 3589 ex
599 3524 712 3589 castris
735 3543 805 3587 sese
828 3523 971 3587 incitant.
1015 3522 1071 3587 Fit

884 3627 917 3675 μ
