2376 3924
133 248 175 312 84
458 250 508 299 on
528 250 647 302 eruco
668 250 780 302 crvmr

134 438 304 524 pluresque
331 442 364 504 in
388 463 429 506 eo
456 441 525 506 loco
555 444 622 507 sine
645 443 778 508 vulnere
806 466 905 530 quam
935 449 967 511 in
991 448 1116 532 proelio

113 553 190 607 aaut
212 544 290 628 fuga
312 546 483 627 intereunt,
513 567 618 630 neque
640 545 776 611 multum
799 547 889 630 afuit,
913 550 990 633 quin
1014 552 1117 614 etiam

135 649 247 711 castris
281 647 528 733 expellerentur,
567 671 605 713 ac
638 648 781 713 nonnulli
819 653 963 735 protinus
997 652 1118 718 eodem

112 768 231 815 scursu
253 753 286 815 in
309 750 462 836 oppidum
483 751 725 817 contenderunt.
750 753 815 819 Sed
831 775 904 818 cum
919 754 979 819 loci
995 761 1118 820 natura

134 865 202 919 tum
225 856 358 919 munitio
382 864 560 919 castrorum
583 855 662 919 adiri
687 866 765 925 tunc
787 856 989 941 prohibebat,
1025 860 1117 945 quod

135 959 177 1022 ad
201 959 355 1045 proelium
379 960 498 1042 egressi
522 958 670 1023 Curionis
692 958 807 1023 milites
823 962 860 1024 iis
876 960 973 1026 rebus
989 962 1116 1048 indige-

135 1063 224 1145 bant,
248 1072 331 1147 quae
354 1061 396 1125 ad
420 1064 690 1146 oppugnationem
715 1069 893 1127 castrorum
916 1074 1009 1130 erant
1030 1070 1117 1131 usui.

114 1169 250 1251 filtaque
274 1165 370 1230 Curio
394 1167 572 1229 exercitum
594 1168 627 1229 in
650 1175 757 1230 castra
778 1166 905 1232 reducit
926 1171 992 1232 suis
1015 1173 1118 1234 omni-

137 1269 198 1334 bus
221 1278 349 1354 praeter
372 1268 512 1333 Fabium
533 1268 755 1352 incolumibus,
779 1292 822 1334 ex
843 1294 977 1337 numero
1001 1271 1119 1339 adver-

138 1375 296 1438 sariorum
330 1374 456 1436 circiter
481 1389 524 1434 oc
554 1372 729 1436 interfectis
763 1395 802 1438 ac
835 1373 934 1436 oculto
962 1373 1121 1455 pluribus

137 1477 328 1559 vulneratis,
367 1478 422 1561 qui
456 1499 566 1541 omnes
600 1475 744 1540 discessu
778 1476 925 1542 Curionis
959 1479 1120 1566 multique

138 1592 306 1666 praeterea
334 1604 392 1665 per
420 1579 655 1644 simulationem
676 1579 846 1644 vulnerum
874 1604 916 1645 ex
945 1585 1061 1648 castris
1084 1587 1120 1649 in

117 1684 292 1770 roppidum
327 1693 456 1768 propter
489 1685 636 1748 timorem
670 1705 739 1749 sese
769 1687 949 1771 recipiunt.'
983 1687 1121 1768 Quare

140 1787 367 1852 animadversa
383 1788 491 1850 Varus
507 1796 539 1850 et
554 1796 677 1852 terrore
700 1789 862 1853 exercitus
886 1791 1013 1874 cognito
1029 1789 1121 1855 buci·

139 1903 251 1957 natore
274 1894 306 1955 in
330 1893 443 1955 castris
465 1901 498 1955 et
520 1893 630 1977 paucis
659 1891 701 1955 ad
730 1894 870 1977 speciem
900 1892 1122 1960 tabernaculis

140 1995 258 2060 relictis
281 1995 321 2060 de
344 1996 439 2060 tertia
454 1993 563 2079 vigilia
579 1993 703 2060 silentio
719 1997 898 2060 exercitum
914 1998 946 2060 in
963 1996 1123 2082 oppidum

141 2099 275 2164 reducit.

245 2202 295 2267 36.
319 2205 452 2269 Postero
475 2203 527 2267 die
550 2202 647 2267 Curio
671 2201 818 2267 obsidere
841 2204 971 2268 Uticam
988 2214 1020 2268 et
1034 2204 1124 2270 vallo

142 2309 388 2373 circummunire
422 2307 566 2370 instituit.
612 2306 694 2369 Erat
727 2307 760 2369 in
794 2304 911 2390 oppido
948 2304 1124 2372 multitudo

141 2411 280 2476 insolens
303 2410 378 2475 belli
401 2411 611 2474 diuturnitate
635 2411 698 2491 otii,
723 2409 892 2474 Uticenses
915 2431 974 2494 pro
989 2408 1124 2494 quibus·

142 2516 218 2579 dam
241 2513 389 2580 Caesaris
416 2517 450 2578 in
478 2536 512 2578 se
545 2511 710 2577 beneficiis
743 2511 786 2577 illi
820 2514 1013 2596 amicissimi,
1048 2535 1124 2580 eon·

142 2629 258 2684 ventus
280 2621 317 2701 is,
352 2620 407 2703 qui
430 2641 472 2681 ex
495 2618 593 2682 variis
615 2616 788 2702 generibus
811 2626 982 2699 constaret,
1016 2625 1126 2683 terror

122 2742 186 2786 rex
209 2722 427 2808 superioribus
450 2721 577 2807 proeliis
600 2743 746 2806 magnus.
770 2723 886 2806 Itaque
902 2721 943 2812 de
958 2719 1125 2787 deditione

145 2848 254 2890 omnes
277 2825 383 2911 palam
406 2825 620 2910 loquebantur
644 2834 772 2888 etcum
795 2826 830 2888 P.
854 2824 945 2888 Attio
968 2805 1124 2909 agebant,

145 2951 185 2992 ne
208 2950 266 2992 sua
289 2931 465 3014 pertinacia
488 2931 630 2992 omnium
652 2929 797 2992 fortunas
818 2926 1001 3012 perturbari
1015 2925 1124 2994 vellet.

124 3033 237 3098 cHaec
260 3054 333 3096 cum
356 3042 539 3116 agerentur,
563 3034 666 3097 nuntii
689 3033 855 3117 praemissi
878 3030 920 3095 ab
942 3052 1020 3115 rege
1039 3029 1127 3123 Iuba
1174 3110 1179 3115 Ι

145 3145 316 3217 venerunt,
346 3138 400 3220 qui
423 3135 511 3199 illum
534 3135 647 3200 adesse
671 3157 745 3199 cum
768 3136 893 3219 magnis
916 3135 1016 3222 copiis
1046 3126 1117 3204 «μ’
1158 3132 1188 3154 ”

145 3249 219 3305 rent
241 3249 273 3304 et
295 3239 335 3303 de
359 3239 504 3304 custodia
526 3264 565 3304 ac
587 3239 772 3304 defensione
794 3239 884 3304 urbis
906 3237 960 3332 1ιυῖῚ
1011 3242 1014 3247 ’

147 3345 240 3427 Quae
263 3367 315 3408 res
338 3365 449 3408 eorum
472 3345 657 3428 perterritos
680 3345 803 3407 animos
826 3349 893 3407 conl
946 3328 951 3335 ⁵

233 3448 285 3512 37.
308 3447 550 3513 Nuntiabantur
573 3446 654 3510 haec
677 3447 792 3511 eadem
814 3444 873 3512 Cn*

151 3552 305 3637 quamdiu
334 3552 415 3624 fides
444 3552 514 3617 fieri
547 3572 612 3616 non
644 3559 798 3637 poteratz.¹
