2376 3924
153 219 194 284 98
458 222 507 272 DE
526 221 646 273 BELLO
666 221 825 274 ethereo

239 407 290 474 27.
314 407 439 474 Hostes
454 409 580 496 proelio
598 412 758 497 superati,
783 410 880 476 simul
904 421 1004 499 atque
1028 436 1064 478 se
1088 437 1131 478 ex

154 512 234 595 fuga
264 522 475 597 receperunt,
505 516 622 580 statim
645 513 690 580 ad
717 512 899 580 Caesarem
927 516 1060 601 legatos
1090 518 1131 582 de

153 637 237 700 pace
253 618 432 699 miserunt;
455 616 590 683 obsides
608 617 748 683 daturos
764 640 916 705 quaeque
931 620 1132 706 imperasset

132 720 303 790 rfacturos
328 743 402 784 esse
424 720 567 806 polliciti
592 731 679 786 sunt.
725 722 802 788 Una
831 745 907 789 cum
928 723 981 790 his
1005 723 1129 809 legatis

154 822 478 890 CommiusAtrebas
487 825 589 908 venit,
603 848 701 912 quem
708 847 811 912 supra
819 825 1130 893 demonstraveram

131 952 173 998 aa
190 927 339 993 Caesare
362 929 396 992 in
412 930 627 994 Britanniam
644 931 879 1016 praemissum.
913 930 1013 996 Hunc
1038 930 1087 995 illi
1112 954 1130 995 e

153 1034 233 1098 navi
251 1053 432 1116 egressum,
456 1054 532 1097 cum
555 1033 599 1098 ad
616 1055 673 1098 eos
691 1035 836 1100 oratoris
850 1033 949 1099 modo
969 1032 1129 1100 Caesaris

153 1136 315 1202 mandata
328 1136 483 1220 deferret,
496 1136 819 1221 comprehenderant
831 1147 933 1223 atque
946 1139 979 1202 in
994 1137 1129 1202 vincula

130 1242 383 1324 sconiecerant3
410 1250 482 1305 tum
504 1240 629 1327 proelio
648 1241 738 1306 facto
755 1242 955 1306 remiserunt
974 1249 1007 1304 et
1024 1242 1058 1304 in
1072 1262 1129 1325 pe·

154 1345 256 1410 tenda
272 1366 356 1430 pace
373 1346 443 1410 eius
460 1347 508 1410 rei
532 1345 666 1431 eulpam
689 1347 724 1410 in
746 1344 994 1411 multitudinem
1018 1347 1129 1409 conie-

131 1458 270 1514 rcerunt
286 1459 319 1514 et
333 1458 469 1535 propter
477 1449 737 1534 imprudentiam
746 1459 783 1514 ut
792 1450 1035 1534 ignosceretur,
1043 1451 1128 1534 peti-

152 1561 283 1617 verunt.
317 1549 445 1617 Caesar
461 1560 608 1638 questus,
632 1550 829 1637 quodcum
852 1550 941 1617 ultro
965 1554 999 1617 in
1023 1555 1128 1618 conti-

152 1665 287 1720 nentem
300 1655 423 1738 legatis
437 1656 548 1720 missis
561 1675 680 1741 pacem
696 1654 739 1719 ab
756 1677 793 1720 se
804 1657 980 1741 petissent,
1004 1654 1128 1722 bellum

152 1761 225 1824 sine
240 1780 347 1824 causa
363 1758 568 1843 intulissent,
585 1760 761 1842 ignoscere
778 1758 1023 1844 imprudentiae
1041 1759 1128 1824 dixit

129 1862 352 1948 oobsidesque
383 1863 578 1947 imperavit3
610 1883 749 1947 quorum
778 1860 829 1926 illi
852 1871 982 1948 partem
1011 1865 1129 1927 statim

153 1967 328 2050 dederunt,
358 1976 489 2053 partem
520 1989 563 2031 ex
585 1964 878 2050 longinquioribus
908 1966 992 2031 locis
1015 1987 1128 2032 arces-

131 2074 252 2137 rsitam
269 2073 386 2158 paucis
404 2069 522 2137 diebus
547 2092 620 2135 sese
644 2069 784 2135 daturos
799 2069 968 2134 dixerunt.
992 2070 1128 2136 Interea

152 2198 228 2242 suos
245 2177 429 2260 remigrare
445 2177 479 2240 in
496 2194 598 2258 agros
614 2175 793 2257 iusserunt,
817 2174 1052 2260 principesque
1067 2197 1128 2239 un-

153 2281 253 2366 dique
265 2281 446 2345 convenire
463 2288 496 2344 et
511 2299 548 2344 se
563 2278 788 2364 civitatesque
800 2274 1029 2343 suasansari
1039 2299 1128 2343 com·

151 2384 311 2449 mendare
334 2391 528 2468 coeperunt.

236 2485 287 2551 28.
317 2488 379 2552 His
403 2485 502 2552 rebus
519 2506 603 2570 pace
618 2484 816 2549 confirmata
831 2491 908 2568 post
924 2482 1013 2549 diem
1029 2506 1128 2570 quar-

150 2602 230 2674 tum,
255 2613 354 2677 quam
377 2600 429 2654 est
452 2591 486 2654 in
509 2589 722 2654 Britanniam
736 2596 885 2672 ventum,
907 2609 1013 2654 naves
1028 2605 1129 2672 xvm,

152 2693 336 2781 dequibus
368 2714 469 2779 supra
494 2692 759 2759 demonstratum
789 2700 851 2774 est,
881 2713 968 2779 quae
997 2693 1127 2778 equites

151 2798 368 2881 sustulerant,
385 2820 428 2862 ex
444 2797 615 2883 superiore
629 2805 729 2882 portu
744 2794 812 2861 leni
823 2804 925 2862 vento
942 2794 1127 2862 solverunt.

129 2902 248 2982 aquae
264 2923 340 2966 cum
356 2902 665 2988 appropinquarent
677 2899 878 2965 Britanniae
894 2908 927 2965 et
943 2921 987 2964 ex
1002 2901 1126 2965 castris

151 3006 355 3088 viderentur,
385 3014 484 3070 tanta
507 3013 691 3090 tempestas
716 3001 827 3069 subito
856 3011 974 3069 coorta
997 3011 1059 3088 est,
1089 3013 1127 3069 ut

151 3111 244 3176 nulla
261 3133 375 3176 earum
390 3131 524 3175 cursum
539 3118 655 3175 tenere
671 3116 795 3193 posset,
819 3105 879 3172 sed
894 3106 983 3173 aliae
999 3105 1127 3192 eodem,

151 3215 239 3279 unde
249 3225 346 3279 erant
354 3215 536 3300 profectae,
548 3212 764 3296 referrentur,
776 3209 866 3277 aliae
879 3208 923 3277 ad
935 3209 1128 3276 inferiorem

150 3328 280 3405 partem
312 3316 461 3402 insulae,
492 3338 579 3402 quae
609 3325 662 3381 est
692 3317 829 3402 propius
853 3313 935 3381 solis
957 3335 1127 3400 occasum,

128 3424 273 3507 s'magno
298 3424 349 3487 sui
372 3442 448 3487 cum
469 3418 619 3507 periculo
643 3417 873 3502 deicerentur;
901 3438 989 3505 quae
1010 3425 1128 3484 tamen

149 3528 283 3591 ancoris
313 3527 414 3591 iactis
444 3547 521 3593 cum
541 3521 699 3590 fluctibus
722 3521 980 3609 complerentur,
1010 3542 1127 3589 nsces-
