2376 3924
128 159 244 211 XXVIII
428 163 638 216 ADNOTATIO
659 164 803 215 carrica

129 356 175 419 qui
189 356 288 419 ubique
301 370 423 404 sermone
437 355 541 405 urbano
553 371 618 405 usus
634 365 687 416 est,
706 371 794 420 neque
807 357 924 406 orationi
942 359 1104 422 gravitatem

127 442 218 505 prisca
237 440 391 506 dudumque
404 440 527 490 obsoleta
539 441 674 491 vocabula
692 442 846 493 adhibendo
865 442 973 495 efficere
992 445 1104 509 studuit,

127 526 171 576 hic
188 527 262 576 vocis
281 526 395 577 formam
409 541 441 576 ex
453 525 588 576 Plautinis
606 525 710 577 horreis
730 543 789 578 esse
807 534 967 580 mutuatum.
987 530 1105 597 denique

127 613 209 662 etiam
234 627 380 676 pronomen
407 610 482 663 hunc
507 627 588 677 aegre
611 612 676 662 ferri
704 628 815 664 necesse
839 620 888 676 est,
915 631 977 665 cum
1005 618 1105 667 rectius

126 698 297 749 hauddubie
321 699 456 750 diceretur
473 696 522 750 sed
540 714 612 751 enoc
635 698 788 752 silvestrem
806 705 832 753 et
851 707 1012 770 aragoniam.
1035 716 1105 767 quae

127 800 188 834 cum
205 786 244 834 ita
262 786 317 835 sint
334 801 388 834 uon
407 782 531 834 dubitavi
549 783 766 835 emendationem
784 785 860 837 illam
886 788 1010 849 retinere,
1036 803 1106 854 quae

127 872 178 921 etsi
195 871 276 936 paulo
294 871 441 921 violentior
458 869 546 920 videri
565 876 662 935 potest,
681 878 772 921 tamen
798 888 891 923 omnes
911 873 1019 939 expedit
1038 873 1105 923 diffi-

128 957 241 1008 cultates
260 973 347 1022 neque
370 957 542 1007 excusatione
565 962 647 1006 caret.
671 973 731 1006 cum
751 959 822 1008 enim
841 964 943 1009 mutato
962 959 1106 1010 verborum

128 1043 221 1093 ordine
241 1043 368 1094 scribitur
386 1039 503 1094 dorsum
521 1056 579 1093 csse
597 1041 658 1093 eius
682 1041 744 1110 tupi
767 1042 964 1096 silvestre
988 1049 1023 1097 ct
1046 1060 1106 1097 an

127 1134 278 1196 portum,
298 1129 356 1181 cccl
373 1128 454 1181 hinc
468 1143 578 1195 prope
601 1143 755 1195 aeonum,
775 1145 841 1196 qna
859 1134 930 1183 essct
949 1129 1049 1183 aditus
1067 1131 1107 1183 ad

128 1214 247 1268 alteram
265 1221 378 1283 partem
402 1214 510 1282 oppidi,
533 1216 588 1264 iam
604 1222 686 1280 patet,
706 1231 754 1265 cur
772 1215 836 1266 huic
853 1216 914 1266 loco
934 1216 1008 1268 Galli
1026 1216 1107 1268 vehe-

127 1311 231 1354 menter
248 1303 388 1353 timuerint
401 1308 428 1352 et
440 1317 488 1351 cur
500 1300 536 1351 ad
548 1300 620 1350 hunc
638 1301 814 1350 muniendum
827 1317 919 1352 omnes
932 1318 949 1353 a
961 1305 1108 1369 Vercinge-

127 1391 214 1455 torige
232 1392 287 1440 sint
305 1389 418 1439 evocati.
443 1388 568 1437 turbatae
586 1402 650 1436 vero
672 1387 806 1452 genuinae
831 1387 956 1439 lectionis
974 1389 1107 1454 originem

128 1492 161 1525 ex
179 1476 308 1526 adverbio
326 1475 391 1528 binc
416 1473 589 1541 repetendam
608 1488 668 1523 esse
692 1474 825 1522 existimo.
850 1474 873 1523 si
898 1475 970 1524 enim
993 1474 1108 1525 iacimus

127 1559 191 1612 hinc
204 1566 252 1611 aut
264 1561 386 1626 magistri
405 1560 546 1610 cuiusdam
559 1558 703 1620 industria,
716 1574 795 1623 quem
809 1557 1014 1609 demonstrativi
1031 1559 1108 1609 illius

128 1647 251 1697 adverbii
269 1664 334 1697 usus
353 1649 450 1697 mirum
468 1644 595 1706 habebat,
613 1650 748 1694 mutatum
766 1660 825 1694 esse
840 1647 868 1693 in
881 1644 964 1708 huten,
983 1651 1030 1695 aut
1043 1660 1108 1695 casu

127 1734 156 1782 in
168 1733 239 1782 hanc
258 1734 358 1783 abiisse
377 1732 498 1793 formam,
518 1747 579 1780 cum
592 1730 739 1780 sescenties
752 1731 781 1779 iu
794 1729 871 1780 libris
883 1746 947 1780 mss.
965 1736 1108 1796 peccatum

129 1821 164 1868 sit
181 1819 365 1884 permutandis
389 1819 493 1869 voculis
517 1816 582 1869 binc
606 1816 680 1868 burto
698 1815 751 1868 huc
768 1815 821 1877 hir,
841 1818 923 1866 etiam
941 1823 1024 1884 patet,
1043 1833 1108 1884 quo-

128 1904 207 1954 modo
225 1906 280 1954 iam
298 1904 420 1968 reliquae
438 1904 533 1954 turbae
551 1904 656 1953 moveri
677 1904 821 1966 potuerint.
842 1903 890 1967 qui
908 1904 981 1954 enim
999 1909 1109 1954 antece-

129 1991 196 2041 dens
205 1991 367 2040 vocabulum
377 1989 492 2042 dorsum
502 2006 534 2040 ex
544 1990 608 2039 trita
619 1989 723 2038 ratione
734 1995 828 2038 neutro
840 2003 938 2054 genere
946 1988 1108 2055 accipiebat,

129 2079 184 2127 iam
202 2077 291 2127 facere
308 2092 363 2126 non
381 2078 476 2141 potuit,
495 2077 560 2142 quin
578 2075 652 2126 hotto
671 2074 706 2124 ad
726 2074 824 2124 collem
843 2079 924 2124 antea
948 2090 1109 2126 commemo·

129 2169 217 2214 ratum
235 2163 354 2214 referret.
373 2169 401 2214 at
420 2163 516 2213 collem
541 2177 657 2227 aequum
677 2161 733 2211 dici
759 2162 914 2212 necessario
939 2161 1109 2227 displicebat,

131 2256 224 2300 contra
242 2251 411 2315 aptissimum
429 2249 573 2299 videbatur
591 2246 724 2297 eiusmodi
744 2247 882 2312 epitheton
900 2247 933 2298 de
953 2248 1033 2298 dorso
1051 2249 1110 2315 iugi

132 2336 242 2385 dictum.
278 2335 341 2386 inde
367 2336 468 2385 factum
496 2340 544 2395 est,
572 2340 602 2383 ut
629 2333 756 2399 epithetis
790 2335 962 2384 commutatis
991 2349 1109 2400 aequum

130 2422 239 2472 dorsum
257 2422 467 2487 praedicaretur,
485 2419 624 2473 silvestris
642 2425 733 2470 autem
751 2426 778 2469 et
796 2423 937 2487 angustus
957 2419 1044 2470 collis.
1068 2435 1109 2471 re·

131 2509 264 2557 centiores
283 2507 399 2573 denique
419 2507 515 2569 critici,
533 2509 578 2572 qui
597 2506 682 2556 rerba
700 2506 793 2570 qualia
804 2507 858 2555 iam
872 2506 1005 2557 adornata
1024 2513 1109 2567 erant,

131 2593 205 2646 bunc
223 2592 376 2646 silvestrem
398 2597 424 2645 et
447 2596 608 2661 arrpuetnm,
634 2592 669 2642 ad
696 2592 866 2641 remotiorem
894 2608 989 2642 vocem
1016 2591 1110 2644 collem

132 2680 226 2729 referri
238 2695 291 2728 non
303 2694 384 2744 posse
396 2678 596 2744 intellegerent,
615 2678 777 2744 posthabitis
790 2679 888 2728 ceteris
902 2676 1109 2729 difficultatibus

132 2765 234 2818 dorsus
252 2765 304 2814 hoc
322 2763 383 2814 loco
401 2765 551 2815 masculino
573 2780 673 2831 genere
692 2779 708 2814 a
727 2764 844 2814 Caesare
867 2770 1025 2830 usurpatum
1051 2779 1110 2815 esse

130 2853 347 2917 pronuntiarunt.
365 2878 400 2890 -
417 2850 452 2901 de
469 2849 671 2917 significatione
689 2850 813 2901 adverbii
840 2849 904 2902 hiric
929 2850 1030 2900 sufficit
1054 2867 1102 2900 mo

131 2941 230 3000 nuisse,
250 2938 332 3003 plane
358 2936 452 2987 eadem
473 2939 501 2987 ri
520 2937 565 2987 hie
583 2937 698 3003 positum
724 2951 854 3001 essequa
878 2952 960 3001 supra
978 2937 1013 3000 11,
1034 2938 1102 2998 18‚i

130 3025 286 3075 dictumest
303 3021 382 3076 collis
393 3059 401 3075 .
411 3060 419 3074 .
428 3058 436 3073 .
446 3036 554 3090 passus
572 3020 685 3075 circiter
703 3021 835 3074 ducentos
857 3021 971 3087 infimus
984 3027 1101 3089 aperius

135 3110 174 3163 ab
193 3108 379 3177 superiore
392 3113 499 3176 parte
519 3107 665 3161 rilcestris.

235 3213 257 3246 c.
275 3198 318 3260 45,
337 3197 367 3245 d:
386 3209 479 3247 ornnes
498 3193 546 3247 illo
571 3193 615 3245 nd
636 3192 868 3245 marritionem
890 3193 985 3260 copiae
1009 3199 1060 3246 tro

132 3281 259 3352 euocturss
278 3283 405 3333 meliores
424 3282 487 3333 libri
506 3278 744 3333 munitionum
762 3278 888 3330 exhibent
906 3281 987 3346 idque
1007 3288 1034 3331 et
1052 3283 1057 3330 i

134 3385 194 3420 cum
221 3369 385 3436 Nipperdeio
414 3368 478 3418 olim
506 3365 644 3418 edideram
664 3371 691 3416 et
722 3364 834 3416 Krener.
861 3364 972 3431 Frigell,
990 3367 1057 3416 Diib:

133 3455 232 3507 Dlnter
261 3462 431 3522 receperunt.
477 3452 639 3515 Schneider,
677 3449 792 3511 writes,
823 3451 982 3517 quibuscum
1012 3453 1052 3502 de'
