<?xml version="1.0" encoding="UTF-8"?>
<!DOCTYPE html PUBLIC "-//W3C//DTD XHTML 1.0 Transitional//EN"
    "http://www.w3.org/TR/xhtml1/DTD/xhtml1-transitional.dtd">
<html xmlns="http://www.w3.org/1999/xhtml" xml:lang="en" lang="en">
 <head>
  <title>
</title>
<meta http-equiv="Content-Type" content="text/html;charset=utf-8" />
  <meta name='ocr-system' content='tesseract 3.04.00' />
  <meta name='ocr-capabilities' content='ocr_page ocr_carea ocr_par ocr_line ocrx_word'/>
</head>
<body>
  <div class='ocr_page' id='page_1' title='image "./ciuliicaesarisc00hoffgoog/ciuliicaesarisc00hoffgoog_0596.png"; bbox 0 0 2376 3924; ppageno 0'>
   <div class='ocr_carea' id='block_1_1' title="bbox 446 222 1033 288">
    <p class='ocr_par' dir='ltr' id='par_1_1' title="bbox 446 222 1033 288">
     <span class='ocr_line' id='line_1_1' title="bbox 446 222 1033 288; baseline 0 -16"><span class='ocrx_word' id='word_1_1' title='bbox 446 223 522 275; x_wconf 77' lang='lat' dir='ltr'>cnr.</span> <span class='ocrx_word' id='word_1_2' title='bbox 541 225 652 277; x_wconf 80' lang='grc'><strong>11-11,</strong></span> <span class='ocrx_word' id='word_1_3' title='bbox 974 222 1033 288; x_wconf 86' lang='lat'>191</span> 
     </span>
    </p>
   </div>
   <div class='ocr_carea' id='block_1_2' title="bbox 61 389 1059 709">
    <p class='ocr_par' dir='ltr' id='par_1_2' title="bbox 61 389 1059 709">
     <span class='ocr_line' id='line_1_2' title="bbox 64 389 1059 504; baseline -0.003 -23"><span class='ocrx_word' id='word_1_4' title='bbox 64 415 184 504; x_wconf 92' lang='lat' dir='ltr'>proelio</span> <span class='ocrx_word' id='word_1_5' title='bbox 207 437 282 480; x_wconf 89' lang='lat' dir='ltr'>cum</span> <span class='ocrx_word' id='word_1_6' title='bbox 302 413 535 480; x_wconf 79' lang='lat' dir='ltr'><strong>Alexandrinis</strong></span> <span class='ocrx_word' id='word_1_7' title='bbox 558 423 745 480; x_wconf 78' lang='lat' dir='ltr'>certaretur.</span> <span class='ocrx_word' id='word_1_8' title='bbox 783 415 899 500; x_wconf 90' lang='lat' dir='ltr'>Itaque</span> <span class='ocrx_word' id='word_1_9' title='bbox 923 389 1059 479; x_wconf 74' lang='lat' dir='ltr'>eodema</span> 
     </span>
     <span class='ocr_line' id='line_1_3' title="bbox 61 511 1037 606; baseline -0.003 -21"><span class='ocrx_word' id='word_1_10' title='bbox 61 529 206 606; x_wconf 89' lang='lat' dir='ltr'>tempore</span> <span class='ocrx_word' id='word_1_11' title='bbox 236 520 360 604; x_wconf 78' lang='lat' dir='ltr'>equites</span> <span class='ocrx_word' id='word_1_12' title='bbox 383 517 539 584; x_wconf 78' lang='lat' dir='ltr'>Germani</span> <span class='ocrx_word' id='word_1_13' title='bbox 567 517 704 604; x_wconf 90' lang='lat' dir='ltr'>dispersi</span> <span class='ocrx_word' id='word_1_14' title='bbox 732 517 818 584; x_wconf 87' lang='lat' dir='ltr'>vada</span> <span class='ocrx_word' id='word_1_15' title='bbox 846 511 1037 604; x_wconf 88' lang='lat' dir='ltr'>[fluminum]</span> 
     </span>
     <span class='ocr_line' id='line_1_4' title="bbox 62 621 1037 709; baseline -0.003 -21"><span class='ocrx_word' id='word_1_16' title='bbox 62 631 254 709; x_wconf 84' lang='lat' dir='ltr'>quaerentes</span> <span class='ocrx_word' id='word_1_17' title='bbox 281 624 399 708; x_wconf 89' lang='lat' dir='ltr'>partim</span> <span class='ocrx_word' id='word_1_18' title='bbox 422 621 662 686; x_wconf 83' lang='lat' dir='ltr'>demissioribus</span> <span class='ocrx_word' id='word_1_19' title='bbox 689 623 767 708; x_wconf 88' lang='lat' dir='ltr'>ripis</span> <span class='ocrx_word' id='word_1_20' title='bbox 789 622 911 686; x_wconf 90' lang='lat' dir='ltr'>flumen</span> <span class='ocrx_word' id='word_1_21' title='bbox 932 631 1037 686; x_wconf 87' lang='lat' dir='ltr'>trana-</span> 
     </span>
    </p>
   </div>
   <div class='ocr_carea' id='block_1_3' title="bbox 62 723 1076 3622">
    <p class='ocr_par' dir='ltr' id='par_1_3' title="bbox 62 723 1038 810">
     <span class='ocr_line' id='line_1_5' title="bbox 62 723 1038 810; baseline -0.004 -19"><span class='ocrx_word' id='word_1_22' title='bbox 62 736 154 810; x_wconf 82' lang='lat' dir='ltr'>runt,</span> <span class='ocrx_word' id='word_1_23' title='bbox 189 735 221 790; x_wconf 87' lang='lat' dir='ltr'>et</span> <span class='ocrx_word' id='word_1_24' title='bbox 253 724 419 810; x_wconf 88' lang='lat' dir='ltr'>legionarii</span> <span class='ocrx_word' id='word_1_25' title='bbox 441 724 567 810; x_wconf 88' lang='lat' dir='ltr'>magnis</span> <span class='ocrx_word' id='word_1_26' title='bbox 589 723 759 790; x_wconf 79' lang='lat' dir='ltr'>arboribus</span> <span class='ocrx_word' id='word_1_27' title='bbox 787 725 920 808; x_wconf 87' lang='lat' dir='ltr'>excisis,</span> <span class='ocrx_word' id='word_1_28' title='bbox 955 745 1038 809; x_wconf 89' lang='lat' dir='ltr'>quae</span> 
     </span>
    </p>

    <p class='ocr_par' dir='ltr' id='par_1_4' title="bbox 62 829 1038 918">
     <span class='ocr_line' id='line_1_6' title="bbox 62 829 1038 918; baseline -0.005 -22"><span class='ocrx_word' id='word_1_29' title='bbox 62 829 262 918; x_wconf 91' lang='lat' dir='ltr'>longitudine</span> <span class='ocrx_word' id='word_1_30' title='bbox 289 840 461 916; x_wconf 86' lang='lat' dir='ltr'>utramque</span> <span class='ocrx_word' id='word_1_31' title='bbox 488 831 593 915; x_wconf 90' lang='lat' dir='ltr'>ripam</span> <span class='ocrx_word' id='word_1_32' title='bbox 622 832 859 916; x_wconf 86' lang='lat' dir='ltr'>contingerent,</span> <span class='ocrx_word' id='word_1_33' title='bbox 888 829 1038 916; x_wconf 90' lang='lat' dir='ltr'>proiectis</span> 
     </span>
    </p>

    <p class='ocr_par' dir='ltr' id='par_1_5' title="bbox 62 934 1037 1023">
     <span class='ocr_line' id='line_1_7' title="bbox 62 934 1037 1023; baseline -0.002 -25"><span class='ocrx_word' id='word_1_34' title='bbox 62 936 106 998; x_wconf 81' lang='lat' dir='ltr'>iis</span> <span class='ocrx_word' id='word_1_35' title='bbox 133 937 366 1023; x_wconf 91' lang='lat' dir='ltr'>repentinoque</span> <span class='ocrx_word' id='word_1_36' title='bbox 396 956 516 1021; x_wconf 78' lang='lat' dir='ltr'>aggere</span> <span class='ocrx_word' id='word_1_37' title='bbox 544 936 660 999; x_wconf 88' lang='lat' dir='ltr'>iniecto</span> <span class='ocrx_word' id='word_1_38' title='bbox 688 934 809 998; x_wconf 87' lang='lat' dir='ltr'>flumen</span> <span class='ocrx_word' id='word_1_39' title='bbox 831 934 1037 999; x_wconf 87' lang='lat' dir='ltr'>transierunt.</span> 
     </span>
    </p>

    <p class='ocr_par' dir='ltr' id='par_1_6' title="bbox 63 1039 1065 1229">
     <span class='ocr_line' id='line_1_8' title="bbox 64 1039 1065 1126; baseline 0 -22"><span class='ocrx_word' id='word_1_40' title='bbox 64 1041 212 1123; x_wconf 83' lang='lat' dir='ltr'>Quorum</span> <span class='ocrx_word' id='word_1_41' title='bbox 233 1041 389 1126; x_wconf 89' lang='lat' dir='ltr'>impetum</span> <span class='ocrx_word' id='word_1_42' title='bbox 412 1039 494 1104; x_wconf 89' lang='lat' dir='ltr'>adeo</span> <span class='ocrx_word' id='word_1_43' title='bbox 522 1042 758 1124; x_wconf 89' lang='lat' dir='ltr'>pertimuerunt</span> <span class='ocrx_word' id='word_1_44' title='bbox 784 1039 907 1123; x_wconf 90' lang='lat' dir='ltr'>hostes,</span> <span class='ocrx_word' id='word_1_45' title='bbox 941 1046 978 1102; x_wconf 94' lang='lat' dir='ltr'>ut</span> <span class='ocrx_word' id='word_1_46' title='bbox 1005 1040 1065 1104; x_wconf 81' lang='lat' dir='ltr'>ina</span> 
     </span>
     <span class='ocr_line' id='line_1_9' title="bbox 63 1141 1038 1229; baseline -0.002 -21"><span class='ocrx_word' id='word_1_47' title='bbox 63 1145 141 1229; x_wconf 88' lang='lat' dir='ltr'>fuga</span> <span class='ocrx_word' id='word_1_48' title='bbox 157 1165 247 1229; x_wconf 90' lang='lat' dir='ltr'>spem</span> <span class='ocrx_word' id='word_1_49' title='bbox 263 1141 375 1208; x_wconf 90' lang='lat' dir='ltr'>salutis</span> <span class='ocrx_word' id='word_1_50' title='bbox 390 1141 592 1226; x_wconf 79' lang='lat' dir='ltr'>collocarent,</span> <span class='ocrx_word' id='word_1_51' title='bbox 616 1142 674 1208; x_wconf 84' lang='lat' dir='ltr'>scd</span> <span class='ocrx_word' id='word_1_52' title='bbox 690 1141 723 1207; x_wconf 92' lang='lat' dir='ltr'>id</span> <span class='ocrx_word' id='word_1_53' title='bbox 738 1142 875 1208; x_wconf 87' lang='lat' dir='ltr'>frustra:</span> <span class='ocrx_word' id='word_1_54' title='bbox 898 1164 1038 1228; x_wconf 88' lang='lat' dir='ltr'>namque</span> 
     </span>
    </p>

    <p class='ocr_par' dir='ltr' id='par_1_7' title="bbox 64 1245 1037 1334">
     <span class='ocr_line' id='line_1_10' title="bbox 64 1245 1037 1334; baseline -0.003 -22"><span class='ocrx_word' id='word_1_55' title='bbox 64 1272 106 1312; x_wconf 87' lang='lat' dir='ltr'>ex</span> <span class='ocrx_word' id='word_1_56' title='bbox 129 1269 167 1312; x_wconf 90' lang='grc'>11</span> <span class='ocrx_word' id='word_1_57' title='bbox 189 1247 267 1334; x_wconf 88' lang='lat' dir='ltr'>fuga</span> <span class='ocrx_word' id='word_1_58' title='bbox 290 1250 383 1333; x_wconf 84' lang='lat' dir='ltr'>pauci</span> <span class='ocrx_word' id='word_1_59' title='bbox 406 1246 449 1311; x_wconf 89' lang='lat' dir='ltr'>ad</span> <span class='ocrx_word' id='word_1_60' title='bbox 472 1268 582 1331; x_wconf 87' lang='lat' dir='ltr'>regem</span> <span class='ocrx_word' id='word_1_61' title='bbox 604 1245 794 1332; x_wconf 86' lang='lat' dir='ltr'>refugerunt</span> <span class='ocrx_word' id='word_1_62' title='bbox 821 1269 924 1333; x_wconf 88' lang='lat' dir='ltr'>paene</span> <span class='ocrx_word' id='word_1_63' title='bbox 953 1248 1037 1312; x_wconf 92' lang='lat' dir='ltr'>omni</span> 
     </span>
    </p>

    <p class='ocr_par' dir='ltr' id='par_1_8' title="bbox 64 1349 615 1437">
     <span class='ocr_line' id='line_1_11' title="bbox 64 1349 615 1437; baseline 0 -21"><span class='ocrx_word' id='word_1_64' title='bbox 64 1351 188 1437; x_wconf 87' lang='lat' dir='ltr'>reliqua</span> <span class='ocrx_word' id='word_1_65' title='bbox 210 1349 414 1416; x_wconf 90' lang='lat' dir='ltr'>multitudine</span> <span class='ocrx_word' id='word_1_66' title='bbox 436 1350 615 1416; x_wconf 85' lang='lat' dir='ltr'>interfecta.</span> 
     </span>
    </p>

    <p class='ocr_par' dir='ltr' id='par_1_9' title="bbox 65 1454 1076 3622">
     <span class='ocr_line' id='line_1_12' title="bbox 150 1454 1040 1541; baseline 0.002 -23"><span class='ocrx_word' id='word_1_67' title='bbox 150 1456 201 1521; x_wconf 88' lang='grc'>30.</span> <span class='ocrx_word' id='word_1_68' title='bbox 225 1454 347 1521; x_wconf 79' lang='lat' dir='ltr'>Caesar</span> <span class='ocrx_word' id='word_1_69' title='bbox 361 1476 397 1519; x_wconf 89' lang='lat' dir='ltr'>re</span> <span class='ocrx_word' id='word_1_70' title='bbox 412 1454 668 1541; x_wconf 85' lang='lat' dir='ltr'>praeclarissime</span> <span class='ocrx_word' id='word_1_71' title='bbox 683 1465 785 1540; x_wconf 82' lang='lat' dir='ltr'>gesta,</span> <span class='ocrx_word' id='word_1_72' title='bbox 809 1477 883 1519; x_wconf 90' lang='lat' dir='ltr'>cum</span> <span class='ocrx_word' id='word_1_73' title='bbox 898 1454 1040 1520; x_wconf 90' lang='lat' dir='ltr'>subitum</span> 
     </span>
     <span class='ocr_line' id='line_1_13' title="bbox 65 1557 1040 1643; baseline -0.001 -20"><span class='ocrx_word' id='word_1_74' title='bbox 65 1560 243 1623; x_wconf 83' lang='lat' dir='ltr'>adventum</span> <span class='ocrx_word' id='word_1_75' title='bbox 265 1579 359 1623; x_wconf 88' lang='lat' dir='ltr'>suum</span> <span class='ocrx_word' id='word_1_76' title='bbox 380 1557 539 1623; x_wconf 88' lang='lat' dir='ltr'>iudicaret</span> <span class='ocrx_word' id='word_1_77' title='bbox 560 1580 715 1643; x_wconf 89' lang='lat' dir='ltr'>magnum</span> <span class='ocrx_word' id='word_1_78' title='bbox 730 1567 887 1623; x_wconf 89' lang='lat' dir='ltr'>terrorem</span> <span class='ocrx_word' id='word_1_79' title='bbox 899 1557 1040 1624; x_wconf 88' lang='lat' dir='ltr'>Alexan·</span> 
     </span>
     <span class='ocr_line' id='line_1_14' title="bbox 66 1662 1040 1749; baseline -0.001 -22"><span class='ocrx_word' id='word_1_80' title='bbox 66 1664 166 1729; x_wconf 90' lang='lat' dir='ltr'>drinis</span> <span class='ocrx_word' id='word_1_81' title='bbox 194 1665 401 1746; x_wconf 70' lang='lat' dir='ltr'>inmaturum,</span> <span class='ocrx_word' id='word_1_82' title='bbox 436 1664 581 1749; x_wconf 90' lang='lat' dir='ltr'>protinus</span> <span class='ocrx_word' id='word_1_83' title='bbox 610 1663 713 1729; x_wconf 88' lang='lat' dir='ltr'>victor</span> <span class='ocrx_word' id='word_1_84' title='bbox 746 1662 788 1728; x_wconf 92' lang='lat' dir='ltr'>ad</span> <span class='ocrx_word' id='word_1_85' title='bbox 819 1672 926 1729; x_wconf 88' lang='lat' dir='ltr'>castra</span> <span class='ocrx_word' id='word_1_86' title='bbox 954 1664 1040 1747; x_wconf 89' lang='lat' dir='ltr'>regis</span> 
     </span>
     <span class='ocr_line' id='line_1_15' title="bbox 66 1765 1062 1853; baseline -0.005 -22"><span class='ocrx_word' id='word_1_87' title='bbox 66 1765 237 1853; x_wconf 84' lang='lat' dir='ltr'>pertendit.</span> <span class='ocrx_word' id='word_1_88' title='bbox 261 1765 354 1830; x_wconf 87' lang='lat' dir='ltr'>Haeo</span> <span class='ocrx_word' id='word_1_89' title='bbox 377 1787 451 1831; x_wconf 90' lang='lat' dir='ltr'>oum</span> <span class='ocrx_word' id='word_1_90' title='bbox 473 1775 505 1831; x_wconf 96' lang='lat' dir='ltr'>et</span> <span class='ocrx_word' id='word_1_91' title='bbox 528 1788 625 1853; x_wconf 89' lang='lat' dir='ltr'>opere</span> <span class='ocrx_word' id='word_1_92' title='bbox 648 1789 768 1852; x_wconf 89' lang='lat' dir='ltr'>magno</span> <span class='ocrx_word' id='word_1_93' title='bbox 783 1767 903 1832; x_wconf 89' lang='lat' dir='ltr'>vallata</span> <span class='ocrx_word' id='word_1_94' title='bbox 926 1775 959 1831; x_wconf 89' lang='lat' dir='ltr'>et</span> <span class='ocrx_word' id='word_1_95' title='bbox 980 1765 1062 1830; x_wconf 85' lang='lat' dir='ltr'>locia</span> 
     </span>
     <span class='ocr_line' id='line_1_16' title="bbox 66 1869 1042 1955; baseline 0 -21"><span class='ocrx_word' id='word_1_96' title='bbox 66 1880 183 1935; x_wconf 88' lang='lat' dir='ltr'>natura</span> <span class='ocrx_word' id='word_1_97' title='bbox 215 1872 338 1935; x_wconf 88' lang='lat' dir='ltr'>munita</span> <span class='ocrx_word' id='word_1_98' title='bbox 366 1869 641 1935; x_wconf 82' lang='lat' dir='ltr'>animadverteret</span> <span class='ocrx_word' id='word_1_99' title='bbox 670 1870 911 1955; x_wconf 87' lang='lat' dir='ltr'>confertamque</span> <span class='ocrx_word' id='word_1_100' title='bbox 940 1891 1042 1935; x_wconf 88' lang='lat' dir='ltr'>arma-</span> 
     </span>
     <span class='ocr_line' id='line_1_17' title="bbox 66 1973 1041 2058; baseline 0 -20"><span class='ocrx_word' id='word_1_101' title='bbox 66 1984 172 2039; x_wconf 89' lang='lat' dir='ltr'>torum</span> <span class='ocrx_word' id='word_1_102' title='bbox 209 1973 448 2040; x_wconf 88' lang='lat' dir='ltr'>multitudinem</span> <span class='ocrx_word' id='word_1_103' title='bbox 489 1974 678 2041; x_wconf 88' lang='lat' dir='ltr'>collocatam</span> <span class='ocrx_word' id='word_1_104' title='bbox 714 1977 748 2040; x_wconf 90' lang='lat' dir='ltr'>in</span> <span class='ocrx_word' id='word_1_105' title='bbox 785 1974 868 2041; x_wconf 90' lang='lat' dir='ltr'>vallo</span> <span class='ocrx_word' id='word_1_106' title='bbox 905 1974 1041 2058; x_wconf 81' lang='lat' dir='ltr'>videret,</span> 
     </span>
     <span class='ocr_line' id='line_1_18' title="bbox 66 2077 1043 2166; baseline 0.002 -25"><span class='ocrx_word' id='word_1_107' title='bbox 66 2077 165 2143; x_wconf 91' lang='lat' dir='ltr'>lassos</span> <span class='ocrx_word' id='word_1_108' title='bbox 192 2080 307 2144; x_wconf 89' lang='lat' dir='ltr'>itinere</span> <span class='ocrx_word' id='word_1_109' title='bbox 336 2103 374 2144; x_wconf 91' lang='grc'>11</span> <span class='ocrx_word' id='word_1_110' title='bbox 401 2078 587 2165; x_wconf 88' lang='lat' dir='ltr'>proeliando</span> <span class='ocrx_word' id='word_1_111' title='bbox 615 2079 731 2144; x_wconf 88' lang='lat' dir='ltr'>milites</span> <span class='ocrx_word' id='word_1_112' title='bbox 759 2079 802 2144; x_wconf 89' lang='lat' dir='ltr'>ad</span> <span class='ocrx_word' id='word_1_113' title='bbox 825 2079 1043 2166; x_wconf 87' lang='lat' dir='ltr'>oppugnanda</span> 
     </span>
     <span class='ocr_line' id='line_1_19' title="bbox 67 2183 1042 2270; baseline 0 -23"><span class='ocrx_word' id='word_1_114' title='bbox 67 2192 174 2247; x_wconf 86' lang='lat' dir='ltr'>castra</span> <span class='ocrx_word' id='word_1_115' title='bbox 188 2184 362 2261; x_wconf 84' lang='lat' dir='ltr'>succedere</span> <span class='ocrx_word' id='word_1_116' title='bbox 378 2184 487 2249; x_wconf 91' lang='lat' dir='ltr'>noluit.</span> <span class='ocrx_word' id='word_1_117' title='bbox 516 2184 632 2270; x_wconf 90' lang='lat' dir='ltr'>Itaque</span> <span class='ocrx_word' id='word_1_118' title='bbox 647 2206 712 2250; x_wconf 91' lang='lat' dir='ltr'>non</span> <span class='ocrx_word' id='word_1_119' title='bbox 733 2206 852 2270; x_wconf 91' lang='lat' dir='ltr'>magno</span> <span class='ocrx_word' id='word_1_120' title='bbox 874 2183 1042 2248; x_wconf 85' lang='lat' dir='ltr'>intervallo</span> 
     </span>
     <span class='ocr_line' id='line_1_20' title="bbox 67 2283 1064 2372; baseline -0.001 -22"><span class='ocrx_word' id='word_1_121' title='bbox 67 2285 176 2350; x_wconf 89' lang='lat' dir='ltr'>relicto</span> <span class='ocrx_word' id='word_1_122' title='bbox 199 2285 241 2350; x_wconf 90' lang='lat' dir='ltr'>ab</span> <span class='ocrx_word' id='word_1_123' title='bbox 264 2283 355 2351; x_wconf 89' lang='lat' dir='ltr'>hoste</span> <span class='ocrx_word' id='word_1_124' title='bbox 378 2297 485 2354; x_wconf 87' lang='lat' dir='ltr'>castra</span> <span class='ocrx_word' id='word_1_125' title='bbox 507 2289 621 2372; x_wconf 89' lang='lat' dir='ltr'>posuit.</span> <span class='ocrx_word' id='word_1_126' title='bbox 646 2290 778 2354; x_wconf 86' lang='lat' dir='ltr'>Postero</span> <span class='ocrx_word' id='word_1_127' title='bbox 794 2287 846 2353; x_wconf 92' lang='lat' dir='ltr'>die</span> <span class='ocrx_word' id='word_1_128' title='bbox 867 2286 1064 2370; x_wconf 80' lang='lat' dir='ltr'>castellum‚a</span> 
     </span>
     <span class='ocr_line' id='line_1_21' title="bbox 68 2389 1043 2476; baseline -0.001 -21"><span class='ocrx_word' id='word_1_129' title='bbox 68 2389 155 2475; x_wconf 90' lang='lat' dir='ltr'>quod</span> <span class='ocrx_word' id='word_1_130' title='bbox 177 2410 238 2453; x_wconf 89' lang='lat' dir='ltr'>rex</span> <span class='ocrx_word' id='word_1_131' title='bbox 260 2391 294 2454; x_wconf 92' lang='lat' dir='ltr'>in</span> <span class='ocrx_word' id='word_1_132' title='bbox 316 2392 463 2475; x_wconf 88' lang='lat' dir='ltr'>proximo</span> <span class='ocrx_word' id='word_1_133' title='bbox 485 2392 557 2454; x_wconf 85' lang='lat' dir='ltr'>vico</span> <span class='ocrx_word' id='word_1_134' title='bbox 586 2413 652 2456; x_wconf 90' lang='lat' dir='ltr'>non</span> <span class='ocrx_word' id='word_1_135' title='bbox 680 2392 774 2476; x_wconf 90' lang='lat' dir='ltr'>longe</span> <span class='ocrx_word' id='word_1_136' title='bbox 797 2414 817 2456; x_wconf 89' lang='lat' dir='ltr'>a</span> <span class='ocrx_word' id='word_1_137' title='bbox 839 2393 905 2456; x_wconf 88' lang='lat' dir='ltr'>suis</span> <span class='ocrx_word' id='word_1_138' title='bbox 928 2392 1043 2456; x_wconf 88' lang='lat' dir='ltr'>castris</span> 
     </span>
     <span class='ocr_line' id='line_1_22' title="bbox 67 2490 1043 2580; baseline 0.002 -23"><span class='ocrx_word' id='word_1_139' title='bbox 67 2496 229 2558; x_wconf 88' lang='lat' dir='ltr'>munierat</span> <span class='ocrx_word' id='word_1_140' title='bbox 255 2490 461 2578; x_wconf 88' lang='lat' dir='ltr'>brachiisque</span> <span class='ocrx_word' id='word_1_141' title='bbox 491 2515 566 2559; x_wconf 87' lang='lat' dir='ltr'>cum</span> <span class='ocrx_word' id='word_1_142' title='bbox 593 2516 690 2580; x_wconf 88' lang='lat' dir='ltr'>opere</span> <span class='ocrx_word' id='word_1_143' title='bbox 713 2503 892 2560; x_wconf 87' lang='lat' dir='ltr'>castrorum</span> <span class='ocrx_word' id='word_1_144' title='bbox 915 2495 1043 2560; x_wconf 89' lang='lat' dir='ltr'>coniun-</span> 
     </span>
     <span class='ocr_line' id='line_1_23' title="bbox 68 2596 1043 2683; baseline 0.001 -22"><span class='ocrx_word' id='word_1_145' title='bbox 68 2608 163 2664; x_wconf 84' lang='lat' dir='ltr'>xerat</span> <span class='ocrx_word' id='word_1_146' title='bbox 185 2598 247 2662; x_wconf 90' lang='lat' dir='ltr'>viei</span> <span class='ocrx_word' id='word_1_147' title='bbox 276 2596 441 2663; x_wconf 87' lang='lat' dir='ltr'>obtinendi</span> <span class='ocrx_word' id='word_1_148' title='bbox 464 2618 577 2679; x_wconf 86' lang='lat' dir='ltr'>causa,</span> <span class='ocrx_word' id='word_1_149' title='bbox 608 2597 729 2664; x_wconf 79' lang='lat' dir='ltr'>Caesar</span> <span class='ocrx_word' id='word_1_150' title='bbox 751 2619 923 2683; x_wconf 85' lang='lat' dir='ltr'>aggressus</span> <span class='ocrx_word' id='word_1_151' title='bbox 947 2599 1043 2662; x_wconf 91' lang='lat' dir='ltr'>omni-</span> 
     </span>
     <span class='ocr_line' id='line_1_24' title="bbox 68 2701 1043 2790; baseline 0.001 -25"><span class='ocrx_word' id='word_1_152' title='bbox 68 2701 129 2765; x_wconf 92' lang='lat' dir='ltr'>bus</span> <span class='ocrx_word' id='word_1_153' title='bbox 163 2703 262 2788; x_wconf 91' lang='lat' dir='ltr'>copiis</span> <span class='ocrx_word' id='word_1_154' title='bbox 295 2711 476 2790; x_wconf 82' lang='lat' dir='ltr'>expugnat,</span> <span class='ocrx_word' id='word_1_155' title='bbox 512 2725 576 2768; x_wconf 91' lang='lat' dir='ltr'>non</span> <span class='ocrx_word' id='word_1_156' title='bbox 605 2723 669 2787; x_wconf 94' lang='lat' dir='ltr'>quo</span> <span class='ocrx_word' id='word_1_157' title='bbox 697 2702 731 2767; x_wconf 93' lang='lat' dir='ltr'>id</span> <span class='ocrx_word' id='word_1_158' title='bbox 758 2704 882 2767; x_wconf 89' lang='lat' dir='ltr'>minore</span> <span class='ocrx_word' id='word_1_159' title='bbox 909 2723 1043 2767; x_wconf 92' lang='lat' dir='ltr'>numero</span> 
     </span>
     <span class='ocr_line' id='line_1_25' title="bbox 69 2805 1043 2893; baseline 0.002 -24"><span class='ocrx_word' id='word_1_160' title='bbox 69 2805 205 2870; x_wconf 92' lang='lat' dir='ltr'>militum</span> <span class='ocrx_word' id='word_1_161' title='bbox 234 2808 386 2891; x_wconf 88' lang='lat' dir='ltr'>consequi</span> <span class='ocrx_word' id='word_1_162' title='bbox 414 2805 544 2872; x_wconf 87' lang='lat' dir='ltr'>difficile</span> <span class='ocrx_word' id='word_1_163' title='bbox 567 2806 655 2871; x_wconf 86' lang='lat' dir='ltr'>lactu</span> <span class='ocrx_word' id='word_1_164' title='bbox 683 2814 828 2893; x_wconf 87' lang='lat' dir='ltr'>putaret,</span> <span class='ocrx_word' id='word_1_165' title='bbox 857 2805 916 2870; x_wconf 82' lang='lat' dir='ltr'>sed</span> <span class='ocrx_word' id='word_1_166' title='bbox 943 2815 980 2871; x_wconf 88' lang='lat' dir='ltr'>ut</span> <span class='ocrx_word' id='word_1_167' title='bbox 1001 2805 1043 2871; x_wconf 93' lang='lat' dir='ltr'>ab</span> 
     </span>
     <span class='ocr_line' id='line_1_26' title="bbox 70 2908 1044 2996; baseline 0.002 -24"><span class='ocrx_word' id='word_1_168' title='bbox 70 2930 108 2972; x_wconf 89' lang='lat' dir='ltr'>ea</span> <span class='ocrx_word' id='word_1_169' title='bbox 136 2910 272 2974; x_wconf 87' lang='lat' dir='ltr'>victoria</span> <span class='ocrx_word' id='word_1_170' title='bbox 300 2910 479 2994; x_wconf 90' lang='lat' dir='ltr'>perterritis</span> <span class='ocrx_word' id='word_1_171' title='bbox 501 2908 734 2975; x_wconf 76' lang='lat' dir='ltr'>Alexandrinis</span> <span class='ocrx_word' id='word_1_172' title='bbox 762 2910 908 2996; x_wconf 90' lang='lat' dir='ltr'>protinus</span> <span class='ocrx_word' id='word_1_173' title='bbox 938 2918 1044 2975; x_wconf 89' lang='lat' dir='ltr'>castra</span> 
     </span>
     <span class='ocr_line' id='line_1_27' title="bbox 69 3013 1067 3100; baseline 0 -25"><span class='ocrx_word' id='word_1_174' title='bbox 69 3015 155 3097; x_wconf 86' lang='lat' dir='ltr'>regis</span> <span class='ocrx_word' id='word_1_175' title='bbox 178 3024 389 3100; x_wconf 88' lang='lat' dir='ltr'>oppugnaret.</span> <span class='ocrx_word' id='word_1_176' title='bbox 433 3015 549 3099; x_wconf 90' lang='lat' dir='ltr'>Itaque</span> <span class='ocrx_word' id='word_1_177' title='bbox 572 3036 609 3079; x_wconf 91' lang='lat' dir='ltr'>eo</span> <span class='ocrx_word' id='word_1_178' title='bbox 632 3036 738 3098; x_wconf 79' lang='lat' dir='ltr'>cursu,</span> <span class='ocrx_word' id='word_1_179' title='bbox 762 3035 826 3100; x_wconf 90' lang='lat' dir='ltr'>quo</span> <span class='ocrx_word' id='word_1_180' title='bbox 848 3013 1067 3098; x_wconf 66' lang='lat' dir='ltr'>refugientes«</span> 
     </span>
     <span class='ocr_line' id='line_1_28' title="bbox 69 3116 1044 3184; baseline -0.001 -3"><span class='ocrx_word' id='word_1_181' title='bbox 69 3117 310 3183; x_wconf 81' lang='lat' dir='ltr'>Alexandrinos</span> <span class='ocrx_word' id='word_1_182' title='bbox 343 3140 385 3183; x_wconf 88' lang='lat' dir='ltr'>ex</span> <span class='ocrx_word' id='word_1_183' title='bbox 419 3116 548 3183; x_wconf 85' lang='lat' dir='ltr'>castello</span> <span class='ocrx_word' id='word_1_184' title='bbox 577 3119 611 3183; x_wconf 90' lang='lat' dir='ltr'>in</span> <span class='ocrx_word' id='word_1_185' title='bbox 638 3127 745 3184; x_wconf 86' lang='lat' dir='ltr'>castra</span> <span class='ocrx_word' id='word_1_186' title='bbox 766 3127 842 3182; x_wconf 85' lang='lat' dir='ltr'>sunt</span> <span class='ocrx_word' id='word_1_187' title='bbox 863 3116 978 3182; x_wconf 89' lang='lat' dir='ltr'>milites</span> <span class='ocrx_word' id='word_1_188' title='bbox 1000 3119 1044 3180; x_wconf 93' lang='lat' dir='ltr'>in·</span> 
     </span>
     <span class='ocr_line' id='line_1_29' title="bbox 70 3220 1076 3307; baseline -0.001 -23"><span class='ocrx_word' id='word_1_189' title='bbox 70 3223 180 3305; x_wconf 85' lang='lat' dir='ltr'>secuti,</span> <span class='ocrx_word' id='word_1_190' title='bbox 196 3220 427 3287; x_wconf 89' lang='lat' dir='ltr'>munitionibus</span> <span class='ocrx_word' id='word_1_191' title='bbox 442 3230 669 3287; x_wconf 86' lang='lat' dir='ltr'>successerunt</span> <span class='ocrx_word' id='word_1_192' title='bbox 684 3222 905 3307; x_wconf 89' lang='lat' dir='ltr'>acerrimeque</span> <span class='ocrx_word' id='word_1_193' title='bbox 921 3222 1045 3284; x_wconf 92' lang='lat' dir='ltr'>eminus</span> <span class='ocrx_word' id='word_1_194' title='bbox 1073 3220 1076 3226; x_wconf 81' lang='grc'><strong>’</strong></span> 
     </span>
     <span class='ocr_line' id='line_1_30' title="bbox 69 3325 1067 3414; baseline -0.006 -24"><span class='ocrx_word' id='word_1_195' title='bbox 69 3326 219 3411; x_wconf 90' lang='lat' dir='ltr'>proeliari</span> <span class='ocrx_word' id='word_1_196' title='bbox 242 3334 426 3413; x_wconf 90' lang='lat' dir='ltr'>coeperunt.</span> <span class='ocrx_word' id='word_1_197' title='bbox 467 3326 606 3392; x_wconf 75' lang='lat' dir='ltr'>Duabus</span> <span class='ocrx_word' id='word_1_198' title='bbox 628 3349 672 3392; x_wconf 90' lang='lat' dir='ltr'>ex</span> <span class='ocrx_word' id='word_1_199' title='bbox 694 3325 841 3414; x_wconf 88' lang='lat' dir='ltr'>partibus</span> <span class='ocrx_word' id='word_1_200' title='bbox 864 3325 970 3390; x_wconf 86' lang='lat' dir='ltr'>aditus</span> <span class='ocrx_word' id='word_1_201' title='bbox 993 3341 1067 3408; x_wconf 80' lang='lat' dir='ltr'>ops</span> 
     </span>
     <span class='ocr_line' id='line_1_31' title="bbox 69 3426 1045 3517; baseline -0.004 -22"><span class='ocrx_word' id='word_1_202' title='bbox 69 3433 275 3517; x_wconf 87' lang='lat' dir='ltr'>pugnationis</span> <span class='ocrx_word' id='word_1_203' title='bbox 308 3433 427 3497; x_wconf 89' lang='lat' dir='ltr'>nostris</span> <span class='ocrx_word' id='word_1_204' title='bbox 460 3430 615 3496; x_wconf 88' lang='lat' dir='ltr'>dabatur:</span> <span class='ocrx_word' id='word_1_205' title='bbox 655 3454 736 3515; x_wconf 86' lang='lat' dir='ltr'>una,</span> <span class='ocrx_word' id='word_1_206' title='bbox 778 3452 876 3516; x_wconf 88' lang='lat' dir='ltr'>quam</span> <span class='ocrx_word' id='word_1_207' title='bbox 908 3426 1045 3493; x_wconf 85' lang='lat' dir='ltr'>liberum</span> 
     </span>
     <span class='ocr_line' id='line_1_32' title="bbox 70 3531 1045 3622; baseline -0.001 -23"><span class='ocrx_word' id='word_1_208' title='bbox 70 3557 237 3602; x_wconf 88' lang='lat' dir='ltr'>accessum</span> <span class='ocrx_word' id='word_1_209' title='bbox 252 3535 373 3602; x_wconf 88' lang='lat' dir='ltr'>habere</span> <span class='ocrx_word' id='word_1_210' title='bbox 390 3536 619 3618; x_wconf 76' lang='lat' dir='ltr'>demonstravi,</span> <span class='ocrx_word' id='word_1_211' title='bbox 643 3535 754 3620; x_wconf 77' lang='lat' dir='ltr'>altera,</span> <span class='ocrx_word' id='word_1_212' title='bbox 778 3556 862 3622; x_wconf 88' lang='lat' dir='ltr'>quae</span> <span class='ocrx_word' id='word_1_213' title='bbox 883 3531 1045 3598; x_wconf 88' lang='lat' dir='ltr'>mediocre</span> 
     </span>
    </p>
   </div>
   <div class='ocr_carea' id='block_1_4' title="bbox 0 0 1203 3924">
    <p class='ocr_par' dir='ltr' id='par_1_10' title="bbox 0 0 1203 3924">
     <span class='ocr_line' id='line_1_33' title="bbox 0 0 1203 3924; baseline 0 0"><span class='ocrx_word' id='word_1_214' title='bbox 0 0 1203 3924; x_wconf 95' lang='lat' dir='ltr'> </span> 
     </span>
    </p>
   </div>
  </div>
 </body>
</html>
