2376 3924
407 248 455 297 AD
475 248 578 298 BELL.
597 247 676 300 AFR.
697 248 807 296 38-45.
1009 247 1096 296 LXIX

115 453 166 503 que
185 437 418 503 inspecturus
442 435 512 487 iter·
536 434 630 499 facem
648 433 759 501 eoepit),
785 451 845 483 cum
864 434 1041 484 verisimilius
1060 437 1097 485 sit

114 539 169 573 una
187 523 335 586 eademque
354 523 460 571 iactura
478 527 622 584 utrumque
642 519 806 569 vocabulum
825 519 971 580 excidisse,
1000 522 1048 570 sed
1066 521 1094 570 id

115 624 221 674 quoque
240 625 256 659 a
274 624 339 658 vero
358 624 411 656 non
432 608 564 657 absonum
588 606 709 668 videtur,
736 606 838 656 iactum
862 621 920 656 esse
944 606 1094 658 litterarum

115 695 291 745 similitudine
304 694 503 744 terminationis
521 690 750 761 [impedimus
769 708 830 742 cum
843 696 973 756 sequente
992 695 1095 759 terres,

114 788 143 830 ut
160 781 333 846 participium
352 780 422 829 illud
440 780 708 845 praetermitteretur,
730 778 800 827 unde
819 777 878 827 fieri
897 793 1008 828 necesse
1028 787 1094 841 erat,

114 873 144 916 ut
162 868 244 917 etiam
262 865 316 918 iter
335 867 476 926 eiceretur,
495 880 530 914 ne
543 865 692 915 accusativi
711 869 805 916 turres
824 863 992 931 castellaque
1010 866 1095 915 verbo

114 959 250 1013 carerent,
279 967 412 1017 cumque
431 955 661 1002 construerentur.
691 951 798 1001 Kraner
816 950 904 1000 locum
925 950 1094 1016 corruptelae

114 1041 190 1104 signo
210 1041 322 1099 notavit,
341 1039 440 1088 Dinter
457 1037 605 1103 Nipperdei
624 1037 770 1087 lectionem
788 1037 904 1102 repetiit.

217 1125 299 1186 c.40‚
319 1125 348 1173 1:
374 1121 442 1175 ‘eilia
462 1138 621 1191 perntcyca
643 1122 772 1176 turribus
796 1122 869 1174 IIII
889 1121 1094 1192 instructa]

113 1210 298 1262 t'ttsirttctct
316 1215 347 1259 ut
359 1209 423 1260 clim
439 1209 586 1259 secundum
600 1208 658 1259 cod.
677 1209 693 1262 f
708 1210 818 1274 scripsi;
837 1209 919 1274 vulgo
939 1212 1093 1262 exstructa.

113 1299 136 1357 ξ.
156 1295 183 1344 5:
204 1299 357 1362 postquam
374 1323 409 1332 —
427 1291 536 1363 [eund]
556 1295 589 1346 cf.
608 1309 689 1360 supra
708 1295 742 1344 ad
763 1311 786 1343 c.
804 1294 830 1355 4,
849 1297 873 1343 3.
900 1321 936 1332 -
960 1295 1042 1346 ibid.:
1061 1293 1094 1345 itt

113 1381 167 1445 fide
183 1381 328 1448 pariter
347 1380 500 1451 tuenda]
519 1383 559 1431 sic
577 1383 631 1432 iarn
650 1383 677 1431 in
696 1398 736 1447 pr.
750 1381 814 1432 edit.
833 1381 930 1445 scripsi
948 1396 996 1444 pro
1011 1395 1093 1446 par-

115 1467 251 1534 tienda,
273 1469 344 1533 quod
363 1469 440 1520 codd.
459 1469 596 1519 exhibent.
628 1483 670 1517 me
689 1472 799 1518 secutus
818 1474 859 1516 est
877 1467 998 1517 Diibner.
1028 1470 1092 1534 Nip-

113 1553 215 1618 perdey
233 1551 410 1606 servanda
429 1556 544 1620 scripsit,
564 1554 636 1620 quod
649 1555 755 1604 Kraner
770 1562 798 1603 et
809 1554 907 1603 Dinter
924 1562 1092 1619 receperunt.

217 1655 239 1688 c.
257 1640 300 1706 41,
318 1642 347 1689 2:
377 1639 487 1707 iamque
513 1640 607 1693 nitreas
634 1639 708 1693 mille
731 1638 883 1708 paeane]
908 1654 1042 1707 passus
1070 1641 1091 1702 f,

114 1726 212 1790 reliqui
225 1725 302 1777 codd.
316 1741 411 1793 pass.
423 1727 538 1787 habent;
556 1727 639 1792 vulgo
654 1741 828 1794 passerum
846 1727 942 1777 editur.
961 1755 996 1764 —
1012 1727 1092 1777 ibid.:

114 1809 321 1878 elephantisque
339 1811 455 1865 turritis
473 1811 650 1880 interpositis
671 1810 887 1882 [armatissimi]
912 1830 995 1863 uncos
1013 1815 1093 1878 posui

113 1905 224 1948 auctore
243 1898 441 1950 Schambachie
460 1914 523 1949 ann.
541 1899 606 1965 phil.
625 1906 644 1949 t.
659 1899 751 1962 CXIX,
769 1917 796 1965 p.
808 1902 867 1949 sto.
885 1928 920 1938 -
937 1902 961 1963 ς.
980 1902 1008 1948 3:
1028 1914 1092 1951 ecn-

114 1983 191 2036 stitit
206 2021 299 2036 ......
304 1982 321 2053 ῙΙ
344 1985 470 2034 lacunam
488 1991 549 2050 post
566 1984 695 2037 cottetitt't
713 1987 817 2036 notavit
834 1986 996 2051 Nipperdey.

216 2088 238 2119 c.
256 2072 299 2137 42,
316 2071 346 2119 8:
371 2069 544 2137 praesertim
567 2086 630 2123 cum
652 2069 754 2123 milites
778 2087 796 2122 a
820 2087 900 2123 marte
924 2071 981 2124 diei
1001 2070 1093 2124 ieiuni

113 2155 164 2207 sub
183 2155 271 2208 (tretis
290 2155 433 2209 stetissent
452 2155 624 2226 defatigata]
643 2159 698 2208 iam
716 2158 780 2207 olim
800 2160 903 2208 removi
921 2175 1013 2219 uncos,
1033 2161 1091 2223 qui-

113 2243 163 2291 bus
176 2243 331 2308 Nipperdey
350 2242 504 2312 defatigati
523 2250 553 2294 nt
565 2246 687 2309 magistri
701 2245 914 2295 additamentum
933 2246 1091 2295 incluserat.

216 2345 239 2380 c.
251 2331 293 2393 44,
305 2332 335 2381 3:
354 2334 420 2383 crete
438 2333 599 2398 suggestant
617 2328 711 2400 ciue]
731 2332 830 2381 retinui
849 2329 924 2382 eires
943 2348 959 2381 a
977 2330 1091 2394 Nipper-

112 2416 172 2465 deio
191 2416 319 2478 deletum,
338 2418 411 2482 quod
429 2416 496 2466 licet
514 2416 586 2466 absit
604 2432 621 2466 a
639 2416 717 2467 codd.
737 2417 817 2480 abc,
845 2423 933 2468 exstat
951 2424 1043 2466 tamen
1063 2419 1090 2465 in

112 2502 168 2555 fhl
188 2508 215 2553 et
233 2503 345 2569 reliquis
363 2504 450 2553 libris.

215 2607 237 2639 e.
250 2592 292 2652 45,
306 2593 335 2639 2:
357 2595 383 2642 et
401 2589 567 2655 forsitan
584 2589 655 2642 istc
673 2593 794 2642 uterer
812 2587 958 2657 beneficio}
978 2589 1092 2654 Nipper-

112 2675 163 2738 dey
180 2714 186 2735 ,
206 2677 325 2738 Kraner,
353 2677 450 2727 Dinter
477 2677 616 2742 vulgatum
645 2675 773 2741 forsan
803 2677 985 2736 retinuerunt,
1017 2674 1091 2739 quod

112 2762 224 2811 Dtibner
243 2763 270 2811 in
290 2762 366 2811 nullo
385 2778 495 2812 sucrum
514 2763 637 2812 codicum
663 2768 769 2812 exstare
794 2767 915 2811 testatur.
940 2789 973 2798 -
995 2765 1092 2813 uterer

111 2848 166 2899 isto
184 2849 339 2915 Nipperdey
358 2851 504 2900 secundum
526 2850 580 2904 ab·
607 2878 642 2888 -
669 2852 694 2912 ἓ.
712 2851 742 2898 8:
766 2863 822 2916 pro
845 2848 927 2901 cuiue
949 2847 1092 2916 dignitate

111 2935 284 3002 victoriaque
302 2934 425 3002 atnplitts
445 2936 571 2989 tricies
590 2935 699 2988 arietis
719 2933 896 3005 depugnavi]
916 2951 977 2986 cum
997 2940 1089 3000 aperte

110 3022 241 3072 mendosa
259 3022 322 3082 sint,
341 3037 410 3086 quae
429 3022 494 3072 libri
513 3022 613 3073 habent
631 3020 772 3075 XXXVI
786 3021 906 3088 attttt's,
933 3024 1011 3086 posui
1030 3023 1090 3086 qui-

110 3108 171 3156 dem
190 3107 263 3174 qued
280 3108 436 3174 Nipperdey
454 3109 585 3171 coniecit,
613 3125 664 3160 uec
686 3114 777 3159 tamen
802 3109 961 3160 crediderim
985 3111 1024 3158 sic
1043 3126 1089 3158 ve-

111 3211 168 3244 ram
196 3196 347 3245 restitutam
375 3211 435 3246 esse
462 3196 615 3246 lectionem.
646 3196 744 3246 Dinter
766 3194 889 3263 actplius
913 3194 1012 3246 XXX.
1037 3199 1090 3246 tot

111 3279 218 3333 aretiis
243 3282 270 3344 (i,
290 3297 313 3330 e.
333 3279 439 3346 tricies)
463 3281 556 3332 edidit.
585 3282 761 3332 verisimilius
785 3285 877 3333 tamen
896 3281 1004 3332 videtur
1026 3297 1090 3330 cen·

109 3370 244 3419 tnricnem
261 3368 339 3418 illum
359 3384 412 3417 nen
431 3369 555 3432 quotiens
573 3370 669 3433 armis,
698 3369 746 3420 sed
769 3375 833 3434 quet
857 3384 942 3418 annos
967 3369 1021 3418 iam
1039 3384 1090 3432 pro

111 3455 269 3506 Caesariani
296 3456 430 3505 exercitus
454 3454 585 3521 dignitate
609 3457 777 3522 victoriaque
801 3460 950 3521 pugnasset
973 3459 1088 3504 'comme-

110 3557 244 3601 morasse;
272 3541 324 3591 hcc
346 3557 410 3591 vero
437 3541 566 3606 temporis
594 3544 712 3607 spatium
736 3545 758 3593 ri
786 3543 820 3593 ab
849 3557 920 3592 anno
944 3557 970 3592 u.
996 3557 1019 3592 c.
1038 3543 1092 3591 696
