2376 3924
119 221 176 285 186
417 222 467 272 un
485 222 607 272 annno
628 222 785 274 cxnmco

217 412 268 477 24.
281 415 344 479 His
358 413 1090 502 totrebusimpeditaoppugnationemilites,

114 541 189 583 cum
212 526 283 585 toto
308 530 457 606 tempore
479 520 605 604 frigore
630 530 662 586 et
679 521 827 588 assiduis
843 522 1008 590 imbribus
1025 533 1093 590 tar·

115 622 286 709 darentur,
310 634 424 690 tamen
447 626 635 690 continenti
658 624 774 690 labore
798 628 909 693 omnia
931 626 1015 694 haec
1041 651 1092 694 su-

113 737 316 814 peraverunt
341 738 374 794 et
398 727 516 794 diebus
540 746 614 791 xxv
637 749 796 813 aggerem
827 729 954 813 [latum]
986 732 1091 816 pedes

22 872 24 876 ι
115 847 254 896 cccxxx
277 831 415 916 longum,
450 830 556 898 altum
584 832 688 918 pedes
711 851 808 897 Lxxx
838 844 1090 902 exstruxerunt.

93 937 198 1002 2cum
214 938 242 1002 is
258 958 388 1002 murum
403 935 549 1002 hostium
561 959 669 1022 paene
679 940 902 1023 contingeret,
916 947 948 1004 et
962 936 1092 1005 Caesar

114 1040 159 1105 ad
183 1064 264 1127 opus
289 1040 533 1106 consuetudine
557 1040 742 1108 excubaret
764 1042 954 1128 militesque
977 1043 1090 1110 horta·

112 1154 214 1227 retur,
238 1168 279 1210 ne
303 1143 392 1230 quod
415 1146 548 1209 omnino
572 1152 702 1230 tempus
720 1143 762 1210 ab
780 1167 879 1230 opere
895 1147 1092 1212 intermitte-

112 1258 214 1332 retur,
230 1247 330 1335 paulo
347 1257 426 1313 ante
442 1249 577 1314 tertiam
589 1249 742 1332 vigiliam
755 1257 806 1313 est
817 1248 1092 1319 animadversum

112 1353 241 1418 fumare
265 1373 434 1436 aggerem,
470 1375 567 1438 quem
590 1352 746 1419 cuniculo
770 1352 884 1418 hostes
909 1354 1091 1419 succende-

91 1465 199 1538 srant,
225 1455 408 1542 eodemque
430 1465 579 1542 tempore
599 1465 668 1522 toto
685 1478 779 1522 muro
796 1455 943 1522 clamore
956 1457 1091 1524 sublato

114 1559 244 1626 duabus
272 1561 379 1646 portis
409 1560 452 1624 ab
481 1570 622 1647 utroque
651 1559 758 1626 latere
788 1562 930 1627 turrium
959 1562 1090 1648 eruptio

90 1663 225 1729 rfiebat.
248 1663 319 1729 Alii
342 1665 434 1729 faces
459 1673 560 1750 atque
585 1664 717 1730 aridam
739 1667 915 1730 materiem
932 1665 973 1730 de
996 1688 1090 1731 muro

113 1770 147 1833 in
160 1789 319 1852 aggerem
332 1769 461 1832 eminus
474 1767 657 1851 iaciebant,
680 1769 788 1855 picem
800 1768 1013 1855 reliquasque
1026 1792 1091 1853 res,

114 1871 234 1959 quibus
265 1875 353 1957 ignis
383 1875 528 1939 excitari
556 1882 677 1959 potest,
712 1873 910 1958 fundebant,
945 1883 992 1955 ut,
1027 1895 1091 1959 quo

113 1978 254 2062 primum
282 1986 476 2067 curreretur
504 1989 564 2044 aut
587 1980 640 2044 cui
663 1978 712 2044 rei
741 1979 886 2045 ferretur
917 1977 1092 2062 auxilium,

92 2083 172 2146 ovix
194 2083 282 2146 ratio
306 2070 386 2148 iniri
406 2093 532 2168 posset.
555 2082 693 2168 Tamen,
718 2082 807 2169 quod
829 2084 986 2148 instituto
1010 2081 1093 2147 an-

113 2186 199 2249 saris
225 2207 355 2272 semper
379 2186 466 2252 duae
489 2186 640 2271 legiones
656 2209 716 2274 pro
733 2188 857 2252 castris
874 2184 1092 2252 excubabant

110 2288 289 2376 pluresque
311 2292 449 2377 partitis
472 2290 680 2377 temporibus
705 2299 802 2356 erant
818 2292 852 2356 in
869 2312 979 2376 opere,
1002 2289 1092 2355 cele·⁴

112 2394 194 2458 riter
217 2395 344 2462 factum
368 2406 429 2478 est,
463 2406 501 2461 ut
524 2395 585 2460 alii
619 2395 849 2482 eruptionibus
883 2395 1093 2480 resisterent,

112 2501 171 2567 alii
196 2511 304 2567 turres
328 2501 531 2568 reducerent
547 2521 773 2586 aggeremque
794 2498 1093 2588 interscinderent,

113 2607 218 2671 omnis
242 2626 321 2672 vero
346 2627 389 2670 ex
411 2605 535 2672 castris
558 2603 737 2668 multitudo
754 2603 800 2669 ad
815 2600 1093 2686 restinguendum

112 2717 340 2776 concurreret.

216 2812 268 2878 25.
293 2811 377 2878 Cum
394 2815 428 2877 in
445 2811 599 2877 omnibus
616 2811 700 2878 locis
717 2820 916 2897 consumpta
932 2812 1001 2876 iam
1015 2810 1091 2875 reli·

112 2940 176 3004 qua
200 2926 297 3003 parte
320 2918 431 2982 noctis
460 2925 679 3001 pugnaretur,
715 2936 910 3002 semperque
938 2913 1092 2980 hostibus

112 3044 188 3107 spes
204 3021 369 3086 victoriae
385 3020 685 3104 redintegraretur,
704 3041 741 3084 eo
763 3021 883 3103 magis,
907 3018 997 3106 quod
1014 3018 1092 3083 deu-

112 3134 182 3190 stos
199 3124 333 3210 pluteos
349 3126 492 3189 turrium
508 3123 673 3189 videbant
688 3146 751 3190 nec
768 3122 870 3189 facile
886 3123 981 3188 adire
998 3145 1093 3209 aper·

111 3238 164 3294 tos
189 3229 234 3294 ad
262 3228 497 3293 auxiliandum
532 3226 862 3311 animadvertebant,
898 3247 1093 3312 semperque

112 3335 177 3419 ipsi
190 3341 342 3400 recentes
356 3332 497 3398 defessis
511 3331 735 3398 succederent
752 3328 1093 3418 omnemqueGalliae

112 3439 257 3503 salutem
281 3439 316 3502 in
340 3436 397 3503 illo
419 3437 566 3520 vestigio
589 3438 749 3522 temporis
773 3437 921 3521 positam
944 3434 1091 3500 arbitra-

112 3551 237 3623 rentur,
261 3540 388 3607 accidit
411 3539 682 3629 inspectantibus
705 3537 815 3623 nobis,
838 3538 928 3626 quod
953 3537 1092 3624 dignum
