<?xml version="1.0" encoding="UTF-8"?>
<!DOCTYPE html PUBLIC "-//W3C//DTD XHTML 1.0 Transitional//EN"
    "http://www.w3.org/TR/xhtml1/DTD/xhtml1-transitional.dtd">
<html xmlns="http://www.w3.org/1999/xhtml" xml:lang="en" lang="en">
 <head>
  <title>
</title>
<meta http-equiv="Content-Type" content="text/html;charset=utf-8" />
  <meta name='ocr-system' content='tesseract 3.04.00' />
  <meta name='ocr-capabilities' content='ocr_page ocr_carea ocr_par ocr_line ocrx_word'/>
</head>
<body>
  <div class='ocr_page' id='page_1' title='image "./ciuliicaesarisc00hoffgoog/ciuliicaesarisc00hoffgoog_0092.png"; bbox 0 0 2376 3924; ppageno 0'>
   <div class='ocr_carea' id='block_1_1' title="bbox 392 225 1072 295">
    <p class='ocr_par' dir='ltr' id='par_1_1' title="bbox 392 225 1072 295">
     <span class='ocr_line' id='line_1_1' title="bbox 392 225 1072 295; baseline 0.028 -19"><span class='ocrx_word' id='word_1_1' title='bbox 392 226 503 278; x_wconf 78' lang='lat' dir='ltr'><strong>slusa</strong></span> <span class='ocrx_word' id='word_1_2' title='bbox 521 227 543 291; x_wconf 89' lang='lat'><strong>1,</strong></span> <span class='ocrx_word' id='word_1_3' title='bbox 563 225 639 280; x_wconf 75' lang='lat' dir='ltr'><strong>cnr.</strong></span> <span class='ocrx_word' id='word_1_4' title='bbox 658 228 770 281; x_wconf 81' lang='lat' dir='ltr'><strong>so-sa.</strong></span> <span class='ocrx_word' id='word_1_5' title='bbox 1030 231 1072 295; x_wconf 83' lang='lat'><strong>39</strong></span> 
     </span>
    </p>
   </div>
   <div class='ocr_carea' id='block_1_2' title="bbox 78 415 1095 813">
    <p class='ocr_par' dir='ltr' id='par_1_2' title="bbox 78 415 1095 813">
     <span class='ocr_line' id='line_1_2' title="bbox 78 415 1095 505; baseline 0.006 -25"><span class='ocrx_word' id='word_1_6' title='bbox 78 415 287 499; x_wconf 90' lang='lat' dir='ltr'><strong>coniciendi</strong></span> <span class='ocrx_word' id='word_1_7' title='bbox 315 438 383 481; x_wconf 92' lang='lat' dir='ltr'><strong>non</strong></span> <span class='ocrx_word' id='word_1_8' title='bbox 413 415 561 483; x_wconf 89' lang='lat' dir='ltr'><strong>daretur.</strong></span> <span class='ocrx_word' id='word_1_9' title='bbox 605 418 752 483; x_wconf 86' lang='lat' dir='ltr'><strong>Reiectis</strong></span> <span class='ocrx_word' id='word_1_10' title='bbox 780 418 859 505; x_wconf 92' lang='lat' dir='ltr'><strong>pilis</strong></span> <span class='ocrx_word' id='word_1_11' title='bbox 887 423 1095 486; x_wconf 60' lang='lat' dir='ltr'><strong>comminus*</strong></span> 
     </span>
     <span class='ocr_line' id='line_1_3' title="bbox 95 517 1072 604; baseline 0.006 -22"><span class='ocrx_word' id='word_1_12' title='bbox 95 517 223 602; x_wconf 76' lang='lat' dir='ltr'><strong>gladiis</strong></span> <span class='ocrx_word' id='word_1_13' title='bbox 240 527 427 604; x_wconf 83' lang='lat' dir='ltr'><strong>pugnatum</strong></span> <span class='ocrx_word' id='word_1_14' title='bbox 443 528 504 584; x_wconf 89' lang='lat' dir='ltr'><strong>est.</strong></span> <span class='ocrx_word' id='word_1_15' title='bbox 527 518 574 586; x_wconf 88' lang='lat' dir='ltr'><strong>At</strong></span> <span class='ocrx_word' id='word_1_16' title='bbox 587 517 749 587; x_wconf 81' lang='lat' dir='ltr'><strong>Germani</strong></span> <span class='ocrx_word' id='word_1_17' title='bbox 765 521 920 588; x_wconf 78' lang='lat' dir='ltr'><strong>celeriter</strong></span> <span class='ocrx_word' id='word_1_18' title='bbox 936 545 979 588; x_wconf 87' lang='lat' dir='ltr'><strong>ex</strong></span> <span class='ocrx_word' id='word_1_19' title='bbox 995 545 1072 588; x_wconf 92' lang='lat' dir='ltr'><strong>con·</strong></span> 
     </span>
     <span class='ocr_line' id='line_1_4' title="bbox 94 621 1073 711; baseline 0.004 -23"><span class='ocrx_word' id='word_1_20' title='bbox 94 621 275 688; x_wconf 78' lang='lat' dir='ltr'><strong>suetudine</strong></span> <span class='ocrx_word' id='word_1_21' title='bbox 304 644 366 688; x_wconf 92' lang='lat' dir='ltr'><strong>sua</strong></span> <span class='ocrx_word' id='word_1_22' title='bbox 392 622 564 708; x_wconf 80' lang='lat' dir='ltr'><strong>phalange</strong></span> <span class='ocrx_word' id='word_1_23' title='bbox 592 624 686 689; x_wconf 84' lang='lat' dir='ltr'><strong>sacta</strong></span> <span class='ocrx_word' id='word_1_24' title='bbox 716 627 859 711; x_wconf 89' lang='lat' dir='ltr'><strong>impetus</strong></span> <span class='ocrx_word' id='word_1_25' title='bbox 882 626 1073 710; x_wconf 88' lang='lat' dir='ltr'><strong>gladiorum</strong></span> 
     </span>
     <span class='ocr_line' id='line_1_5' title="bbox 95 726 1095 813; baseline 0 -20"><span class='ocrx_word' id='word_1_26' title='bbox 95 734 313 813; x_wconf 83' lang='lat' dir='ltr'><strong>exceperunt.</strong></span> <span class='ocrx_word' id='word_1_27' title='bbox 334 726 472 811; x_wconf 85' lang='lat' dir='ltr'><strong>Reperti</strong></span> <span class='ocrx_word' id='word_1_28' title='bbox 496 736 573 793; x_wconf 89' lang='lat' dir='ltr'><strong>sunt</strong></span> <span class='ocrx_word' id='word_1_29' title='bbox 596 727 782 813; x_wconf 78' lang='lat' dir='ltr'><strong>complures</strong></span> <span class='ocrx_word' id='word_1_30' title='bbox 805 730 914 795; x_wconf 93' lang='lat' dir='ltr'><strong>nostri</strong></span> <span class='ocrx_word' id='word_1_31' title='bbox 936 729 1095 813; x_wconf 79' lang='lat' dir='ltr'><strong>milites,⁶</strong></span> 
     </span>
    </p>
   </div>
   <div class='ocr_carea' id='block_1_3' title="bbox 93 827 1095 1437">
    <p class='ocr_par' dir='ltr' id='par_1_3' title="bbox 93 827 1095 1437">
     <span class='ocr_line' id='line_1_6' title="bbox 94 827 1073 928; baseline 0.001 -31"><span class='ocrx_word' id='word_1_32' title='bbox 94 833 153 918; x_wconf 90' lang='lat' dir='ltr'><strong>qui</strong></span> <span class='ocrx_word' id='word_1_33' title='bbox 176 832 210 895; x_wconf 92' lang='lat' dir='ltr'><strong>in</strong></span> <span class='ocrx_word' id='word_1_34' title='bbox 232 827 423 915; x_wconf 83' lang='lat' dir='ltr'><strong>phalangas</strong></span> <span class='ocrx_word' id='word_1_35' title='bbox 447 829 615 896; x_wconf 84' lang='lat' dir='ltr'><strong>insilirent</strong></span> <span class='ocrx_word' id='word_1_36' title='bbox 633 840 665 896; x_wconf 91' lang='lat' dir='ltr'><strong>et</strong></span> <span class='ocrx_word' id='word_1_37' title='bbox 682 841 779 897; x_wconf 89' lang='lat' dir='ltr'><strong>scuta</strong></span> <span class='ocrx_word' id='word_1_38' title='bbox 794 832 950 928; x_wconf 84' lang='lat' dir='ltr'><strong>manibus</strong></span> <span class='ocrx_word' id='word_1_39' title='bbox 967 833 1073 898; x_wconf 90' lang='lat' dir='ltr'><strong>revel-</strong></span> 
     </span>
     <span class='ocr_line' id='line_1_7' title="bbox 93 931 1095 1017; baseline 0.001 -17"><span class='ocrx_word' id='word_1_40' title='bbox 93 934 206 1000; x_wconf 90' lang='lat' dir='ltr'><strong>lerent</strong></span> <span class='ocrx_word' id='word_1_41' title='bbox 228 940 261 997; x_wconf 90' lang='lat' dir='ltr'><strong>et</strong></span> <span class='ocrx_word' id='word_1_42' title='bbox 284 931 429 1017; x_wconf 87' lang='lat' dir='ltr'><strong>desuper</strong></span> <span class='ocrx_word' id='word_1_43' title='bbox 453 932 677 1000; x_wconf 82' lang='lat' dir='ltr'><strong>vulnerarent.</strong></span> <span class='ocrx_word' id='word_1_44' title='bbox 705 932 789 1000; x_wconf 80' lang='lat' dir='ltr'><strong>Oum</strong></span> <span class='ocrx_word' id='word_1_45' title='bbox 811 935 957 1001; x_wconf 89' lang='lat' dir='ltr'><strong>hostium</strong></span> <span class='ocrx_word' id='word_1_46' title='bbox 980 937 1095 1002; x_wconf 75' lang='lat' dir='ltr'><strong>aciest</strong></span> 
     </span>
     <span class='ocr_line' id='line_1_8' title="bbox 94 1035 1074 1123; baseline 0.002 -20"><span class='ocrx_word' id='word_1_47' title='bbox 94 1061 115 1103; x_wconf 92' lang='lat' dir='ltr'><strong>a</strong></span> <span class='ocrx_word' id='word_1_48' title='bbox 145 1036 284 1102; x_wconf 91' lang='lat' dir='ltr'><strong>sinistro</strong></span> <span class='ocrx_word' id='word_1_49' title='bbox 312 1056 417 1101; x_wconf 90' lang='lat' dir='ltr'><strong>cornu</strong></span> <span class='ocrx_word' id='word_1_50' title='bbox 444 1035 542 1122; x_wconf 90' lang='lat' dir='ltr'><strong>pulsa</strong></span> <span class='ocrx_word' id='word_1_51' title='bbox 572 1046 675 1123; x_wconf 89' lang='lat' dir='ltr'><strong>atque</strong></span> <span class='ocrx_word' id='word_1_52' title='bbox 703 1040 738 1104; x_wconf 92' lang='lat' dir='ltr'><strong>in</strong></span> <span class='ocrx_word' id='word_1_53' title='bbox 767 1039 882 1123; x_wconf 85' lang='lat' dir='ltr'><strong>fugam</strong></span> <span class='ocrx_word' id='word_1_54' title='bbox 909 1061 1074 1105; x_wconf 87' lang='lat' dir='ltr'><strong>conversa</strong></span> 
     </span>
     <span class='ocr_line' id='line_1_9' title="bbox 94 1138 1094 1224; baseline 0.003 -18"><span class='ocrx_word' id='word_1_55' title='bbox 94 1147 198 1224; x_wconf 87' lang='lat' dir='ltr'><strong>esset,</strong></span> <span class='ocrx_word' id='word_1_56' title='bbox 220 1162 241 1204; x_wconf 96' lang='lat' dir='ltr'><strong>a</strong></span> <span class='ocrx_word' id='word_1_57' title='bbox 265 1138 386 1206; x_wconf 85' lang='lat' dir='ltr'><strong>dextro</strong></span> <span class='ocrx_word' id='word_1_58' title='bbox 409 1161 514 1206; x_wconf 89' lang='lat' dir='ltr'><strong>cornu</strong></span> <span class='ocrx_word' id='word_1_59' title='bbox 536 1141 752 1208; x_wconf 89' lang='lat' dir='ltr'><strong>vehementer</strong></span> <span class='ocrx_word' id='word_1_60' title='bbox 766 1142 983 1210; x_wconf 86' lang='lat' dir='ltr'><strong>multitudine</strong></span> <span class='ocrx_word' id='word_1_61' title='bbox 999 1166 1094 1209; x_wconf 88' lang='lat' dir='ltr'><strong>suo·-</strong></span> 
     </span>
     <span class='ocr_line' id='line_1_10' title="bbox 94 1243 1095 1329; baseline 0.003 -20"><span class='ocrx_word' id='word_1_62' title='bbox 94 1264 171 1309; x_wconf 90' lang='lat' dir='ltr'><strong>rum</strong></span> <span class='ocrx_word' id='word_1_63' title='bbox 193 1249 345 1309; x_wconf 90' lang='lat' dir='ltr'><strong>nostram</strong></span> <span class='ocrx_word' id='word_1_64' title='bbox 369 1243 477 1308; x_wconf 88' lang='lat' dir='ltr'><strong>aciem</strong></span> <span class='ocrx_word' id='word_1_65' title='bbox 499 1243 708 1329; x_wconf 87' lang='lat' dir='ltr'><strong>premebant.</strong></span> <span class='ocrx_word' id='word_1_66' title='bbox 753 1245 794 1312; x_wconf 95' lang='lat' dir='ltr'><strong>Id</strong></span> <span class='ocrx_word' id='word_1_67' title='bbox 822 1268 899 1312; x_wconf 88' lang='lat' dir='ltr'><strong>cum</strong></span> <span class='ocrx_word' id='word_1_68' title='bbox 923 1248 1095 1312; x_wconf 73' lang='lat' dir='ltr'><strong>animal-t</strong></span> 
     </span>
     <span class='ocr_line' id='line_1_11' title="bbox 93 1344 1073 1437; baseline 0.005 -26"><span class='ocrx_word' id='word_1_69' title='bbox 93 1347 254 1413; x_wconf 87' lang='lat' dir='ltr'><strong>vertisset</strong></span> <span class='ocrx_word' id='word_1_70' title='bbox 269 1345 409 1412; x_wconf 86' lang='lat' dir='ltr'><strong>Publius</strong></span> <span class='ocrx_word' id='word_1_71' title='bbox 425 1344 571 1414; x_wconf 75' lang='lat' dir='ltr'><strong>Crassus</strong></span> <span class='ocrx_word' id='word_1_72' title='bbox 595 1348 807 1434; x_wconf 73' lang='lat' dir='ltr'><strong>adulescens,</strong></span> <span class='ocrx_word' id='word_1_73' title='bbox 831 1353 888 1436; x_wconf 96' lang='lat' dir='ltr'><strong>qui</strong></span> <span class='ocrx_word' id='word_1_74' title='bbox 909 1353 1073 1437; x_wconf 90' lang='lat' dir='ltr'><strong>equitatui</strong></span> 
     </span>
    </p>
   </div>
   <div class='ocr_carea' id='block_1_4' title="bbox 94 1448 1168 3608">
    <p class='ocr_par' dir='ltr' id='par_1_4' title="bbox 94 1448 1074 1727">
     <span class='ocr_line' id='line_1_12' title="bbox 94 1448 1074 1540; baseline 0.004 -25"><span class='ocrx_word' id='word_1_75' title='bbox 94 1457 270 1538; x_wconf 82' lang='lat' dir='ltr'><strong>praeerat,</strong></span> <span class='ocrx_word' id='word_1_76' title='bbox 294 1448 384 1535; x_wconf 93' lang='lat' dir='ltr'><strong>quod</strong></span> <span class='ocrx_word' id='word_1_77' title='bbox 406 1449 598 1536; x_wconf 87' lang='lat' dir='ltr'><strong>expeditior</strong></span> <span class='ocrx_word' id='word_1_78' title='bbox 621 1461 693 1517; x_wconf 90' lang='lat' dir='ltr'><strong>erat</strong></span> <span class='ocrx_word' id='word_1_79' title='bbox 717 1475 817 1540; x_wconf 87' lang='lat' dir='ltr'><strong>quam</strong></span> <span class='ocrx_word' id='word_1_80' title='bbox 840 1454 880 1537; x_wconf 90' lang='lat' dir='ltr'><strong>ii,</strong></span> <span class='ocrx_word' id='word_1_81' title='bbox 907 1455 963 1539; x_wconf 92' lang='lat' dir='ltr'><strong>qui</strong></span> <span class='ocrx_word' id='word_1_82' title='bbox 986 1455 1074 1519; x_wconf 90' lang='lat' dir='ltr'><strong>inter</strong></span> 
     </span>
     <span class='ocr_line' id='line_1_13' title="bbox 94 1551 1074 1636; baseline -0.002 -12"><span class='ocrx_word' id='word_1_83' title='bbox 94 1556 205 1624; x_wconf 88' lang='lat' dir='ltr'><strong>aciem</strong></span> <span class='ocrx_word' id='word_1_84' title='bbox 219 1551 454 1636; x_wconf 87' lang='lat' dir='ltr'><strong>versabantur,</strong></span> <span class='ocrx_word' id='word_1_85' title='bbox 477 1555 613 1620; x_wconf 86' lang='lat' dir='ltr'><strong>tertiam</strong></span> <span class='ocrx_word' id='word_1_86' title='bbox 635 1557 742 1622; x_wconf 88' lang='lat' dir='ltr'><strong>aciem</strong></span> <span class='ocrx_word' id='word_1_87' title='bbox 764 1555 1000 1622; x_wconf 90' lang='lat' dir='ltr'><strong>laborantibus</strong></span> <span class='ocrx_word' id='word_1_88' title='bbox 1016 1579 1074 1622; x_wconf 92' lang='lat' dir='ltr'><strong>no·</strong></span> 
     </span>
     <span class='ocr_line' id='line_1_14' title="bbox 94 1655 481 1727; baseline -0.01 0"><span class='ocrx_word' id='word_1_89' title='bbox 94 1661 177 1727; x_wconf 91' lang='lat' dir='ltr'><strong>stris</strong></span> <span class='ocrx_word' id='word_1_90' title='bbox 202 1655 354 1723; x_wconf 92' lang='lat' dir='ltr'><strong>subsidio</strong></span> <span class='ocrx_word' id='word_1_91' title='bbox 377 1658 481 1723; x_wconf 90' lang='lat' dir='ltr'><strong>misit.</strong></span> 
     </span>
    </p>

    <p class='ocr_par' dir='ltr' id='par_1_5' title="bbox 94 1761 1168 3608">
     <span class='ocr_line' id='line_1_15' title="bbox 182 1761 1074 1849; baseline 0.003 -23"><span class='ocrx_word' id='word_1_92' title='bbox 182 1761 234 1827; x_wconf 85' lang='lat'><strong>53.</strong></span> <span class='ocrx_word' id='word_1_93' title='bbox 258 1761 312 1828; x_wconf 88' lang='lat' dir='ltr'><strong>Ita</strong></span> <span class='ocrx_word' id='word_1_94' title='bbox 335 1761 499 1848; x_wconf 87' lang='lat' dir='ltr'><strong>proelium</strong></span> <span class='ocrx_word' id='word_1_95' title='bbox 521 1765 716 1830; x_wconf 89' lang='lat' dir='ltr'><strong>restitutum</strong></span> <span class='ocrx_word' id='word_1_96' title='bbox 743 1773 804 1848; x_wconf 88' lang='lat' dir='ltr'><strong>est,</strong></span> <span class='ocrx_word' id='word_1_97' title='bbox 835 1773 936 1849; x_wconf 88' lang='lat' dir='ltr'><strong>atque</strong></span> <span class='ocrx_word' id='word_1_98' title='bbox 960 1786 1074 1829; x_wconf 90' lang='lat' dir='ltr'><strong>omnes</strong></span> 
     </span>
     <span class='ocr_line' id='line_1_16' title="bbox 94 1866 1075 1954; baseline 0.001 -23"><span class='ocrx_word' id='word_1_99' title='bbox 94 1866 211 1932; x_wconf 90' lang='lat' dir='ltr'><strong>hostes</strong></span> <span class='ocrx_word' id='word_1_100' title='bbox 233 1873 332 1950; x_wconf 84' lang='lat' dir='ltr'><strong>terga</strong></span> <span class='ocrx_word' id='word_1_101' title='bbox 355 1875 529 1932; x_wconf 90' lang='lat' dir='ltr'><strong>verterunt</strong></span> <span class='ocrx_word' id='word_1_102' title='bbox 552 1888 660 1952; x_wconf 90' lang='lat' dir='ltr'><strong>neque</strong></span> <span class='ocrx_word' id='word_1_103' title='bbox 681 1868 774 1954; x_wconf 91' lang='lat' dir='ltr'><strong>prius</strong></span> <span class='ocrx_word' id='word_1_104' title='bbox 797 1867 915 1950; x_wconf 87' lang='lat' dir='ltr'><strong>fugere</strong></span> <span class='ocrx_word' id='word_1_105' title='bbox 937 1866 1075 1933; x_wconf 90' lang='lat' dir='ltr'><strong>destite-</strong></span> 
     </span>
     <span class='ocr_line' id='line_1_17' title="bbox 94 1967 1074 2056; baseline 0.001 -21"><span class='ocrx_word' id='word_1_106' title='bbox 94 1977 185 2053; x_wconf 89' lang='lat' dir='ltr'><strong>runt,</strong></span> <span class='ocrx_word' id='word_1_107' title='bbox 219 1990 319 2054; x_wconf 89' lang='lat' dir='ltr'><strong>quam</strong></span> <span class='ocrx_word' id='word_1_108' title='bbox 342 1967 387 2034; x_wconf 92' lang='lat' dir='ltr'><strong>ad</strong></span> <span class='ocrx_word' id='word_1_109' title='bbox 408 1968 529 2035; x_wconf 90' lang='lat' dir='ltr'><strong>flumen</strong></span> <span class='ocrx_word' id='word_1_110' title='bbox 552 1969 705 2036; x_wconf 89' lang='lat' dir='ltr'><strong>Rhenum</strong></span> <span class='ocrx_word' id='word_1_111' title='bbox 727 1969 822 2036; x_wconf 89' lang='lat' dir='ltr'><strong>milia</strong></span> <span class='ocrx_word' id='word_1_112' title='bbox 843 1992 1005 2056; x_wconf 87' lang='lat' dir='ltr'><strong>passuum</strong></span> <span class='ocrx_word' id='word_1_113' title='bbox 1032 1994 1074 2036; x_wconf 87' lang='lat' dir='ltr'><strong>ex</strong></span> 
     </span>
     <span class='ocr_line' id='line_1_18' title="bbox 94 2072 1097 2160; baseline 0.003 -22"><span class='ocrx_word' id='word_1_114' title='bbox 94 2095 134 2138; x_wconf 91' lang='lat' dir='ltr'><strong>eo</strong></span> <span class='ocrx_word' id='word_1_115' title='bbox 158 2073 232 2139; x_wconf 89' lang='lat' dir='ltr'><strong>loco</strong></span> <span class='ocrx_word' id='word_1_116' title='bbox 248 2073 387 2138; x_wconf 88' lang='lat' dir='ltr'><strong>circiter</strong></span> <span class='ocrx_word' id='word_1_117' title='bbox 403 2073 650 2158; x_wconf 86' lang='lat' dir='ltr'><strong>quinquaginta</strong></span> <span class='ocrx_word' id='word_1_118' title='bbox 665 2082 902 2159; x_wconf 89' lang='lat' dir='ltr'><strong>pervenerunt.</strong></span> <span class='ocrx_word' id='word_1_119' title='bbox 925 2072 978 2140; x_wconf 92' lang='lat' dir='ltr'><strong>Ibi</strong></span> <span class='ocrx_word' id='word_1_120' title='bbox 1001 2091 1097 2160; x_wconf 74' lang='lat' dir='ltr'><strong>per-2</strong></span> 
     </span>
     <span class='ocr_line' id='line_1_19' title="bbox 95 2175 1074 2263; baseline 0.003 -22"><span class='ocrx_word' id='word_1_121' title='bbox 95 2177 196 2263; x_wconf 91' lang='lat' dir='ltr'><strong>pauci</strong></span> <span class='ocrx_word' id='word_1_122' title='bbox 219 2185 277 2242; x_wconf 92' lang='lat' dir='ltr'><strong>aut</strong></span> <span class='ocrx_word' id='word_1_123' title='bbox 300 2175 428 2242; x_wconf 90' lang='lat' dir='ltr'><strong>viribus</strong></span> <span class='ocrx_word' id='word_1_124' title='bbox 452 2177 570 2242; x_wconf 90' lang='lat' dir='ltr'><strong>confisi</strong></span> <span class='ocrx_word' id='word_1_125' title='bbox 593 2186 731 2244; x_wconf 84' lang='lat' dir='ltr'><strong>tranare</strong></span> <span class='ocrx_word' id='word_1_126' title='bbox 751 2176 997 2244; x_wconf 90' lang='lat' dir='ltr'><strong>contenderunt</strong></span> <span class='ocrx_word' id='word_1_127' title='bbox 1016 2188 1074 2244; x_wconf 90' lang='lat' dir='ltr'><strong>aut</strong></span> 
     </span>
     <span class='ocr_line' id='line_1_20' title="bbox 95 2277 1097 2366; baseline 0 -21"><span class='ocrx_word' id='word_1_128' title='bbox 95 2279 254 2346; x_wconf 89' lang='lat' dir='ltr'><strong>lintribus</strong></span> <span class='ocrx_word' id='word_1_129' title='bbox 278 2280 425 2345; x_wconf 90' lang='lat' dir='ltr'><strong>inventis</strong></span> <span class='ocrx_word' id='word_1_130' title='bbox 451 2277 516 2344; x_wconf 91' lang='lat' dir='ltr'><strong>sibi</strong></span> <span class='ocrx_word' id='word_1_131' title='bbox 540 2278 684 2345; x_wconf 89' lang='lat' dir='ltr'><strong>salutem</strong></span> <span class='ocrx_word' id='word_1_132' title='bbox 707 2288 935 2366; x_wconf 89' lang='lat' dir='ltr'><strong>reppererunt.</strong></span> <span class='ocrx_word' id='word_1_133' title='bbox 959 2280 999 2345; x_wconf 94' lang='lat' dir='ltr'><strong>In</strong></span> <span class='ocrx_word' id='word_1_134' title='bbox 1022 2280 1097 2345; x_wconf 77' lang='lat' dir='ltr'><strong>his³</strong></span> 
     </span>
     <span class='ocr_line' id='line_1_21' title="bbox 95 2381 1076 2470; baseline 0.002 -22"><span class='ocrx_word' id='word_1_135' title='bbox 95 2384 160 2450; x_wconf 84' lang='lat' dir='ltr'><strong>suit</strong></span> <span class='ocrx_word' id='word_1_136' title='bbox 174 2382 378 2465; x_wconf 89' lang='lat' dir='ltr'><strong>Ariovistus,</strong></span> <span class='ocrx_word' id='word_1_137' title='bbox 402 2384 458 2468; x_wconf 91' lang='lat' dir='ltr'><strong>qui</strong></span> <span class='ocrx_word' id='word_1_138' title='bbox 481 2381 674 2448; x_wconf 89' lang='lat' dir='ltr'><strong>naviculam</strong></span> <span class='ocrx_word' id='word_1_139' title='bbox 697 2382 883 2467; x_wconf 87' lang='lat' dir='ltr'><strong>deligatam</strong></span> <span class='ocrx_word' id='word_1_140' title='bbox 907 2382 952 2449; x_wconf 88' lang='lat' dir='ltr'><strong>ad</strong></span> <span class='ocrx_word' id='word_1_141' title='bbox 967 2385 1076 2470; x_wconf 88' lang='lat' dir='ltr'><strong>ripam</strong></span> 
     </span>
     <span class='ocr_line' id='line_1_22' title="bbox 96 2485 1074 2572; baseline 0.003 -22"><span class='ocrx_word' id='word_1_142' title='bbox 96 2495 216 2552; x_wconf 89' lang='lat' dir='ltr'><strong>nactus</strong></span> <span class='ocrx_word' id='word_1_143' title='bbox 241 2509 282 2551; x_wconf 91' lang='lat' dir='ltr'><strong>ea</strong></span> <span class='ocrx_word' id='word_1_144' title='bbox 304 2485 471 2571; x_wconf 81' lang='lat' dir='ltr'><strong>profugit3</strong></span> <span class='ocrx_word' id='word_1_145' title='bbox 494 2485 640 2572; x_wconf 92' lang='lat' dir='ltr'><strong>reliquos</strong></span> <span class='ocrx_word' id='word_1_146' title='bbox 658 2508 771 2553; x_wconf 91' lang='lat' dir='ltr'><strong>omnes</strong></span> <span class='ocrx_word' id='word_1_147' title='bbox 789 2489 943 2572; x_wconf 89' lang='lat' dir='ltr'><strong>equitatu</strong></span> <span class='ocrx_word' id='word_1_148' title='bbox 959 2510 1074 2553; x_wconf 87' lang='lat' dir='ltr'><strong>conse·</strong></span> 
     </span>
     <span class='ocr_line' id='line_1_23' title="bbox 96 2588 1098 2657; baseline 0.005 -5"><span class='ocrx_word' id='word_1_149' title='bbox 96 2590 167 2654; x_wconf 89' lang='lat' dir='ltr'><strong>cuti</strong></span> <span class='ocrx_word' id='word_1_150' title='bbox 189 2592 299 2656; x_wconf 90' lang='lat' dir='ltr'><strong>nostri</strong></span> <span class='ocrx_word' id='word_1_151' title='bbox 328 2590 581 2656; x_wconf 83' lang='lat' dir='ltr'><strong>interfecerunt.</strong></span> <span class='ocrx_word' id='word_1_152' title='bbox 624 2589 723 2656; x_wconf 88' lang='lat' dir='ltr'><strong>Duae</strong></span> <span class='ocrx_word' id='word_1_153' title='bbox 751 2589 889 2656; x_wconf 87' lang='lat' dir='ltr'><strong>fuerunt</strong></span> <span class='ocrx_word' id='word_1_154' title='bbox 909 2588 1098 2657; x_wconf 75' lang='lat' dir='ltr'><strong>Ariovistit</strong></span> 
     </span>
     <span class='ocr_line' id='line_1_24' title="bbox 96 2691 1076 2779; baseline 0.003 -22"><span class='ocrx_word' id='word_1_155' title='bbox 96 2713 236 2777; x_wconf 84' lang='lat' dir='ltr'><strong>uxores,</strong></span> <span class='ocrx_word' id='word_1_156' title='bbox 270 2714 338 2758; x_wconf 93' lang='lat' dir='ltr'><strong>una</strong></span> <span class='ocrx_word' id='word_1_157' title='bbox 368 2691 481 2759; x_wconf 86' lang='lat' dir='ltr'><strong>Sueba</strong></span> <span class='ocrx_word' id='word_1_158' title='bbox 513 2694 668 2777; x_wconf 89' lang='lat' dir='ltr'><strong>natione,</strong></span> <span class='ocrx_word' id='word_1_159' title='bbox 702 2715 801 2779; x_wconf 89' lang='lat' dir='ltr'><strong>quam</strong></span> <span class='ocrx_word' id='word_1_160' title='bbox 831 2693 928 2760; x_wconf 93' lang='lat' dir='ltr'><strong>domo</strong></span> <span class='ocrx_word' id='word_1_161' title='bbox 963 2716 1076 2760; x_wconf 89' lang='lat' dir='ltr'><strong>secum</strong></span> 
     </span>
     <span class='ocr_line' id='line_1_25' title="bbox 97 2794 1076 2885; baseline 0.004 -25"><span class='ocrx_word' id='word_1_162' title='bbox 97 2794 253 2880; x_wconf 85' lang='lat' dir='ltr'><strong>duxerat,</strong></span> <span class='ocrx_word' id='word_1_163' title='bbox 271 2795 380 2862; x_wconf 89' lang='lat' dir='ltr'><strong>altera</strong></span> <span class='ocrx_word' id='word_1_164' title='bbox 393 2796 530 2884; x_wconf 82' lang='lat' dir='ltr'><strong>Norica,</strong></span> <span class='ocrx_word' id='word_1_165' title='bbox 547 2798 638 2881; x_wconf 86' lang='lat' dir='ltr'><strong>regis</strong></span> <span class='ocrx_word' id='word_1_166' title='bbox 654 2797 837 2863; x_wconf 88' lang='lat' dir='ltr'><strong>Voccionis</strong></span> <span class='ocrx_word' id='word_1_167' title='bbox 854 2819 959 2882; x_wconf 92' lang='lat' dir='ltr'><strong>soror,</strong></span> <span class='ocrx_word' id='word_1_168' title='bbox 976 2821 1076 2885; x_wconf 87' lang='lat' dir='ltr'><strong>quam</strong></span> 
     </span>
     <span class='ocr_line' id='line_1_26' title="bbox 95 2896 1076 2987; baseline 0.004 -24"><span class='ocrx_word' id='word_1_169' title='bbox 95 2900 131 2963; x_wconf 93' lang='lat' dir='ltr'><strong>in</strong></span> <span class='ocrx_word' id='word_1_170' title='bbox 155 2896 269 2965; x_wconf 82' lang='lat' dir='ltr'><strong>Gallia</strong></span> <span class='ocrx_word' id='word_1_171' title='bbox 293 2899 438 2966; x_wconf 86' lang='lat' dir='ltr'><strong>duxerat</strong></span> <span class='ocrx_word' id='word_1_172' title='bbox 462 2923 482 2966; x_wconf 89' lang='lat' dir='ltr'><strong>a</strong></span> <span class='ocrx_word' id='word_1_173' title='bbox 504 2900 610 2967; x_wconf 88' lang='lat' dir='ltr'><strong>fratre</strong></span> <span class='ocrx_word' id='word_1_174' title='bbox 632 2902 787 2967; x_wconf 84' lang='lat' dir='ltr'><strong>missam:</strong></span> <span class='ocrx_word' id='word_1_175' title='bbox 811 2909 954 2987; x_wconf 89' lang='lat' dir='ltr'><strong>utraque</strong></span> <span class='ocrx_word' id='word_1_176' title='bbox 977 2903 1012 2966; x_wconf 92' lang='lat' dir='ltr'><strong>in</strong></span> <span class='ocrx_word' id='word_1_177' title='bbox 1036 2925 1076 2967; x_wconf 89' lang='lat' dir='ltr'><strong>ea</strong></span> 
     </span>
     <span class='ocr_line' id='line_1_27' title="bbox 95 2989 1076 3090; baseline 0.004 -23"><span class='ocrx_word' id='word_1_178' title='bbox 95 3002 177 3088; x_wconf 84' lang='lat' dir='ltr'><strong>fuga</strong></span> <span class='ocrx_word' id='word_1_179' title='bbox 189 3006 300 3090; x_wconf 91' lang='lat' dir='ltr'><strong>periit.</strong></span> <span class='ocrx_word' id='word_1_180' title='bbox 311 2989 466 3071; x_wconf 81' lang='lat' dir='ltr'><strong>Fuerunt</strong></span> <span class='ocrx_word' id='word_1_181' title='bbox 478 3004 567 3072; x_wconf 87' lang='lat' dir='ltr'><strong>duae</strong></span> <span class='ocrx_word' id='word_1_182' title='bbox 576 3005 684 3071; x_wconf 88' lang='lat' dir='ltr'><strong>filiae:</strong></span> <span class='ocrx_word' id='word_1_183' title='bbox 697 3006 815 3072; x_wconf 90' lang='lat' dir='ltr'><strong>harum</strong></span> <span class='ocrx_word' id='word_1_184' title='bbox 827 3005 937 3072; x_wconf 90' lang='lat' dir='ltr'><strong>altera</strong></span> <span class='ocrx_word' id='word_1_185' title='bbox 950 3008 1076 3090; x_wconf 89' lang='lat' dir='ltr'><strong>occisa,</strong></span> 
     </span>
     <span class='ocr_line' id='line_1_28' title="bbox 95 3105 1099 3194; baseline 0.006 -24"><span class='ocrx_word' id='word_1_186' title='bbox 95 3105 206 3171; x_wconf 89' lang='lat' dir='ltr'><strong>altera</strong></span> <span class='ocrx_word' id='word_1_187' title='bbox 229 3116 331 3194; x_wconf 89' lang='lat' dir='ltr'><strong>capta</strong></span> <span class='ocrx_word' id='word_1_188' title='bbox 355 3117 417 3174; x_wconf 92' lang='lat' dir='ltr'><strong>est.</strong></span> <span class='ocrx_word' id='word_1_189' title='bbox 453 3105 559 3174; x_wconf 82' lang='lat' dir='ltr'><strong>Gaius</strong></span> <span class='ocrx_word' id='word_1_190' title='bbox 575 3108 734 3177; x_wconf 89' lang='lat' dir='ltr'><strong>Valerius</strong></span> <span class='ocrx_word' id='word_1_191' title='bbox 749 3108 933 3194; x_wconf 85' lang='lat' dir='ltr'><strong>Procillus,</strong></span> <span class='ocrx_word' id='word_1_192' title='bbox 956 3132 1032 3175; x_wconf 89' lang='lat' dir='ltr'><strong>cum</strong></span> <span class='ocrx_word' id='word_1_193' title='bbox 1056 3124 1099 3176; x_wconf 63' lang='grc' dir='ltr'><strong>αὖ</strong></span> 
     </span>
     <span class='ocr_line' id='line_1_29' title="bbox 94 3209 1076 3297; baseline 0.004 -23"><span class='ocrx_word' id='word_1_194' title='bbox 94 3209 294 3276; x_wconf 89' lang='lat' dir='ltr'><strong>custodibus</strong></span> <span class='ocrx_word' id='word_1_195' title='bbox 311 3212 346 3276; x_wconf 92' lang='lat' dir='ltr'><strong>in</strong></span> <span class='ocrx_word' id='word_1_196' title='bbox 362 3211 443 3296; x_wconf 84' lang='lat' dir='ltr'><strong>fuga</strong></span> <span class='ocrx_word' id='word_1_197' title='bbox 459 3213 559 3276; x_wconf 89' lang='lat' dir='ltr'><strong>trinis</strong></span> <span class='ocrx_word' id='word_1_198' title='bbox 575 3214 706 3278; x_wconf 90' lang='lat' dir='ltr'><strong>catenis</strong></span> <span class='ocrx_word' id='word_1_199' title='bbox 723 3214 858 3279; x_wconf 89' lang='lat' dir='ltr'><strong>vinctus</strong></span> <span class='ocrx_word' id='word_1_200' title='bbox 874 3212 1076 3297; x_wconf 89' lang='lat' dir='ltr'><strong>traheretur,</strong></span> 
     </span>
     <span class='ocr_line' id='line_1_30' title="bbox 95 3311 1077 3401; baseline 0.003 -23"><span class='ocrx_word' id='word_1_201' title='bbox 95 3314 130 3378; x_wconf 92' lang='lat' dir='ltr'><strong>in</strong></span> <span class='ocrx_word' id='word_1_202' title='bbox 155 3315 263 3399; x_wconf 93' lang='lat' dir='ltr'><strong>ipsum</strong></span> <span class='ocrx_word' id='word_1_203' title='bbox 285 3311 467 3379; x_wconf 81' lang='lat' dir='ltr'><strong>Caesarem</strong></span> <span class='ocrx_word' id='word_1_204' title='bbox 494 3314 609 3380; x_wconf 89' lang='lat' dir='ltr'><strong>hostes</strong></span> <span class='ocrx_word' id='word_1_205' title='bbox 639 3317 793 3401; x_wconf 91' lang='lat' dir='ltr'><strong>equitatu</strong></span> <span class='ocrx_word' id='word_1_206' title='bbox 821 3326 1077 3401; x_wconf 88' lang='lat' dir='ltr'><strong>persequentem</strong></span> 
     </span>
     <span class='ocr_line' id='line_1_31' title="bbox 96 3415 1099 3504; baseline 0.004 -23"><span class='ocrx_word' id='word_1_207' title='bbox 96 3415 228 3483; x_wconf 90' lang='lat' dir='ltr'><strong>incidit.</strong></span> <span class='ocrx_word' id='word_1_208' title='bbox 245 3417 341 3500; x_wconf 79' lang='lat' dir='ltr'><strong>Quae</strong></span> <span class='ocrx_word' id='word_1_209' title='bbox 353 3417 488 3504; x_wconf 89' lang='lat' dir='ltr'><strong>quidem</strong></span> <span class='ocrx_word' id='word_1_210' title='bbox 499 3440 554 3483; x_wconf 90' lang='lat' dir='ltr'><strong>res</strong></span> <span class='ocrx_word' id='word_1_211' title='bbox 567 3416 709 3485; x_wconf 80' lang='lat' dir='ltr'><strong>Caesari</strong></span> <span class='ocrx_word' id='word_1_212' title='bbox 721 3441 789 3486; x_wconf 89' lang='lat' dir='ltr'><strong>non</strong></span> <span class='ocrx_word' id='word_1_213' title='bbox 801 3421 964 3485; x_wconf 90' lang='lat' dir='ltr'><strong>minorem</strong></span> <span class='ocrx_word' id='word_1_214' title='bbox 977 3436 1099 3504; x_wconf 76' lang='lat' dir='ltr'><strong>quamt</strong></span> 
     </span>
     <span class='ocr_line' id='line_1_32' title="bbox 95 3521 1168 3608; baseline 0.005 -24"><span class='ocrx_word' id='word_1_215' title='bbox 95 3521 171 3606; x_wconf 88' lang='lat' dir='ltr'><strong>ipsa</strong></span> <span class='ocrx_word' id='word_1_216' title='bbox 199 3522 344 3588; x_wconf 89' lang='lat' dir='ltr'><strong>victoria</strong></span> <span class='ocrx_word' id='word_1_217' title='bbox 377 3521 584 3608; x_wconf 85' lang='lat' dir='ltr'><strong>voluptatem</strong></span> <span class='ocrx_word' id='word_1_218' title='bbox 621 3523 752 3607; x_wconf 88' lang='lat' dir='ltr'><strong>attulit,</strong></span> <span class='ocrx_word' id='word_1_219' title='bbox 788 3521 877 3607; x_wconf 92' lang='lat' dir='ltr'><strong>quod</strong></span> <span class='ocrx_word' id='word_1_220' title='bbox 910 3522 1076 3589; x_wconf 90' lang='lat' dir='ltr'><strong>hominem</strong></span> <span class='ocrx_word' id='word_1_221' title='bbox 1148 3564 1168 3574; x_wconf 36' lang='grc' dir='ltr'>κ</span> 
     </span>
    </p>
   </div>
   <div class='ocr_carea' id='block_1_5' title="bbox 0 0 1195 3924">
    <p class='ocr_par' dir='ltr' id='par_1_6' title="bbox 0 0 1195 3924">
     <span class='ocr_line' id='line_1_33' title="bbox 0 0 1195 3924; baseline 0 0"><span class='ocrx_word' id='word_1_222' title='bbox 0 0 1195 3924; x_wconf 95' lang='lat' dir='ltr'><strong> </strong></span> 
     </span>
    </p>
   </div>
  </div>
 </body>
</html>
