2376 3924
415 221 525 270 urens
543 221 578 282 11,
598 219 664 284 cap.
683 221 760 269 4-7.
1035 219 1077 284 45

99 406 279 476 efficiebat.
303 411 342 475 In
367 433 404 475 eo
428 411 561 475 flumine
581 432 664 496 pons
689 420 771 476 erat.
795 409 847 476 lbi
872 412 1098 495 praesidiumfl

99 515 193 599 ponit
217 523 250 578 et
274 515 307 578 in
330 513 440 579 altera
456 524 552 599 parte
571 514 715 579 fluminis
733 514 894 594 Quintum
910 515 1077 580 Titurium

100 616 262 682 Sabinum
296 616 446 700 legatum
479 639 554 681 cum
590 639 650 681 sex
678 617 873 683 cohortibus
902 617 1076 705 relinquit,

98 729 214 785 castra
231 722 264 785 in
282 720 497 785 altitudinem
513 720 634 806 pedum
647 737 699 786 XII
715 719 805 786 vallo
822 721 979 806 fossaque
997 721 1075 787 duo-

99 825 266 908 deviginti
289 824 411 909 pedum
433 824 563 889 munire
586 823 689 889 iubet.

184 926 214 992 6.
237 928 290 993 Ab
320 927 372 991 his
402 929 525 992 castris
555 928 711 1013 oppidum
733 929 911 995 Remorum
941 932 1076 995 nomine

97 1031 229 1096 Bibrax
252 1031 373 1097 aberat
395 1031 488 1095 milia
512 1054 670 1118 passuum
694 1041 780 1097 octo.
819 1033 859 1099 Id
890 1057 932 1098 ex
956 1035 1076 1100 itinere

96 1155 221 1217 magno
245 1135 370 1221 impetu
385 1134 513 1218 Belgae
530 1156 725 1220 oppugnare
748 1147 940 1222 coeperunt.
963 1137 1076 1223 Aegre

97 1259 135 1301 eo
154 1237 208 1302 die
226 1246 452 1302 sustentatum
469 1247 530 1302 est.
555 1236 731 1303 Gallorum
755 1239 872 1304 eadem
888 1250 989 1326 atque
1002 1241 1097 1308 Bel-2

98 1362 218 1423 garum
234 1345 439 1427 oppugnatio
457 1352 507 1407 est
528 1341 622 1406 haec.
646 1342 714 1408 Ubi
730 1345 946 1411 circumiecta
963 1347 1074 1414 multi-

98 1443 216 1508 tudine
239 1445 408 1510 hominum
429 1446 511 1511 totis
527 1446 700 1511 moenibus
722 1447 869 1532 undique
892 1450 926 1513 in
942 1472 1071 1516 murum

95 1546 227 1632 lapides
251 1550 316 1614 iaci
340 1551 450 1634 coepti
474 1558 551 1614 sunt
567 1571 746 1635 murusque
763 1550 995 1618 defensoribus
1011 1576 1071 1618 nu-

97 1649 198 1716 datus
212 1661 272 1734 est,
284 1653 455 1717 testudine
468 1653 559 1718 faeta
575 1652 711 1739 [portas]
731 1653 915 1720 succedunt
926 1679 1071 1723 murum-

96 1775 160 1838 que
183 1754 357 1821 subruunt.
391 1756 491 1837 Quod
517 1767 588 1821 tum
613 1757 715 1822 facile
737 1756 850 1823 fiebat.
885 1759 972 1826 Nam
994 1783 1090 1830 cums

97 1868 195 1924 tanta
210 1860 390 1926 multitudo
413 1860 545 1947 lapides
563 1883 603 1926 ac
619 1861 687 1926 tela
705 1864 909 1946 conicerent,
933 1866 968 1929 iu
983 1889 1077 1934 muro

97 1964 308 2030 consistendi
335 1975 488 2052 potestas
518 1975 590 2031 erat
613 1965 708 2031 nulli.
747 1964 830 2033 Cum
852 1967 951 2034 finem
975 1992 1093 2057 eppo-4

96 2067 225 2150 gnandi
244 2090 313 2134 nox
328 2070 475 2151 fecisset,
489 2070 598 2134 Iccius
609 2070 743 2151 Remus,
757 2092 885 2136 summa
894 2072 1073 2142 nobilitate

96 2180 130 2235 et
154 2174 266 2254 gratia
289 2174 379 2237 inter
402 2195 495 2255 suos,
534 2174 589 2259 qui
618 2182 689 2237 tum
720 2173 842 2258 oppido
869 2177 1073 2262 praefuerat,

95 2297 182 2340 unus
206 2299 249 2341 ex
272 2277 325 2359 iis,
348 2277 405 2361 qui
428 2275 534 2360 legati
559 2276 600 2341 de
615 2298 699 2362 pace
716 2276 761 2341 ad
776 2275 958 2344 Caesarem
974 2303 1094 2367 vene-⁸

96 2387 185 2462 rant,
208 2382 361 2444 nuntium
384 2381 527 2446 adeum
550 2382 671 2445 mittit:
708 2383 774 2445 nisi
799 2381 987 2449 subsidium
1019 2385 1085 2457 sib(

95 2482 323 2566 submittatur,
348 2505 422 2548 sese
446 2483 573 2549 diutius
597 2486 763 2549 sustinere
786 2506 852 2549 non
872 2507 980 2573 posse.

183 2584 212 2648 7.
235 2585 284 2650 Εο
314 2585 356 2652 de
378 2587 490 2652 media
513 2596 612 2652 nocte
634 2586 762 2653 Caesar
784 2587 905 2653 iisdem
933 2590 1072 2658 ducibus

96 2712 192 2773 usus,
226 2691 283 2776 qui
310 2691 420 2756 nuntii
449 2690 493 2756 ab
520 2691 611 2757 Iccio
638 2699 818 2774 venerant,
852 2692 1015 2757 Numidas
1039 2705 1073 2760 et

96 2792 217 2859 Cretas
240 2795 439 2878 sagittarios
463 2805 497 2861 et
518 2794 706 2860 funditores
729 2794 891 2861 Baleares
919 2796 1071 2863 subsidio

96 2899 274 2983 oppidanis
286 2899 406 2982 mittit3
423 2919 561 2984 quorum
578 2897 726 2963 adventu
739 2907 771 2963 et
786 2899 901 2964 Remis
920 2921 995 2965 cum
1014 2921 1095 2988 spes

96 3002 301 3067 defensionis
318 3002 467 3067 studium
487 3002 723 3088 propugnandi
739 3004 896 3080 accessit,
921 3013 953 3068 et
969 3005 1072 3071 hosti-

95 3105 158 3171 bus
183 3106 300 3172 eadem
324 3106 365 3171 de
389 3129 493 3172 causa
510 3128 585 3192 spes
602 3106 756 3191 potiundi
774 3107 887 3193 oppidi
905 3108 1072 3174 discessit.

93 3211 215 3296 Itaque
242 3209 413 3296 paulisper
446 3210 536 3295 apud
570 3209 728 3296 oppidum
756 3213 878 3276 morati
906 3230 1094 3297 agrosque³

94 3315 273 3379 Remorum
304 3313 499 3400 depopulati
528 3314 681 3380 omnibus
709 3315 795 3380 vicis
830 3314 1072 3401 aedificiisque,

95 3439 178 3504 quos
203 3417 298 3484 adire
321 3426 510 3502 potuerant,
533 3419 683 3484 incensis
708 3417 752 3482 ad
775 3427 889 3483 castra
914 3417 1071 3485 Caesaris

96 3521 250 3588 omuibus
267 3523 373 3610 copiis
390 3521 636 3590 contenderunt
653 3531 685 3587 et
702 3521 745 3588 ab
761 3521 895 3588 milibus
912 3545 1072 3607 passuum
