2376 3924
391 212 502 263 umus
519 214 554 275 v,
574 212 650 263 cru.
669 216 763 263 s-tt.
1009 214 1064 275 lll

94 410 126 468 et
140 402 303 489 proelium
326 404 536 469 committere
550 414 742 490 coeperunt.
765 401 903 489 Repulsi
919 401 963 467 ab
980 403 1091 489 equi-⁴

92 515 165 571 tatu
187 528 224 571 se
246 509 281 572 in
306 507 411 574 silvas
434 507 640 574 abdiderunt
661 508 771 573 locum
794 509 909 573 nancti
934 510 1069 592 egregie

92 619 124 674 et
137 620 272 676 natura
294 620 328 676 et
352 633 452 698 opere
466 615 641 693 munitum,
664 634 763 698 quem
780 611 954 676 domestici
979 610 1070 683 belli.

90 721 127 777 ut
142 713 335 800 videbatur,
358 736 462 781 eausa
485 716 555 781 iam
570 725 651 782 aute
665 725 970 803 praeparaverant:
992 738 1093 781 numu

90 815 217 883 crebris
252 818 429 884 arboribus
464 821 605 887 succisis
640 841 754 884 omnes
788 820 945 883 introitus
975 832 1070 882 erant

91 920 268 1007 praeclusi.
291 922 361 1008 Ipsi
377 944 421 987 ex
436 922 532 988 silvis
547 925 617 988 rari
639 920 900 1009 propugnabant
922 933 1093 987 nostros-r

91 1046 153 1110 que
164 1025 256 1090 intra
268 1026 471 1092 munitiones
486 1026 620 1111 ingredi
633 1027 867 1113 prohibebant.
883 1028 931 1092 At
946 1025 1092 1091 milites:

91 1127 235 1212 legionis
254 1130 417 1215 septimae
430 1129 603 1195 testudine
618 1130 712 1194 facta
735 1142 768 1195 et
791 1150 917 1215 aggere
941 1129 985 1193 ad
1001 1151 1071 1193 rnu-

91 1233 236 1297 nitiones
266 1230 401 1299 adiecto
429 1232 541 1298 locum
568 1246 729 1320 oeperunt
759 1255 882 1320 eosque
910 1258 951 1298 cx
977 1234 1071 1297 silvis

92 1335 294 1421 expulerunt
307 1338 427 1422 paucis
449 1335 647 1402 vulneribus
664 1340 825 1424 acceptis.
850 1335 917 1402 Sed
942 1359 999 1401 cos
1022 1338 1094 1401 fur-e

93 1443 224 1526 gientes
246 1440 381 1525 longius
396 1438 526 1506 Caesar
540 1442 698 1528 prosequi
713 1442 831 1519 vetuit,
855 1451 887 1506 et
902 1439 991 1526 quod
1006 1440 1070 1505 loci

93 1553 249 1611 naturam
271 1544 466 1629 ignorabat,
490 1554 523 1609 et
538 1544 629 1632 quod
650 1566 774 1629 magna
797 1556 894 1632 parte
912 1545 977 1609 diei
994 1565 1072 1609 con·

95 1660 227 1734 sumpta
238 1650 416 1714 munitioni
428 1660 615 1714 castrorum
627 1660 758 1734 tempus
770 1647 912 1734 relinqui
926 1647 1073 1712 volebat.

180 1750 229 1816 10.
253 1750 422 1817 Postridie
444 1754 515 1817 eius
540 1752 608 1818 diei
630 1773 730 1818 mane
753 1754 925 1838 tripertito
947 1750 1072 1816 milites

94 1856 290 1942 equitesque
311 1856 346 1921 in
369 1854 618 1941 expeditionem
633 1858 735 1939 misit,
757 1870 794 1920 ut
818 1878 886 1937 eos,
901 1858 958 1941 qui
980 1855 1072 1939 suge-

93 1970 183 2037 runt,
205 1968 494 2045 persequerentur.
523 1959 588 2023 His
611 1958 822 2046 aliquantum
845 1961 976 2024 itineris
999 1981 1096 2043 pro-s

94 2064 232 2147 gressis,
244 2083 320 2127 oum
331 2064 400 2127 iam
410 2064 555 2128 extremi
566 2074 680 2128 essent
693 2066 728 2128 in
740 2076 930 2149 prospectu,
944 2066 1073 2148 equites

95 2190 116 2232 a
132 2167 258 2248 Quinto
273 2168 371 2233 Atrio
394 2167 441 2233 ad
459 2166 641 2233 Gaesarem
654 2162 838 2249 uenerunt,
862 2170 918 2254 qui
941 2171 1074 2232 nuntia-

94 2270 465 2355 rent‚superiorenocte
476 2272 625 2335 maxima
637 2282 962 2356 coortatempestate
972 2293 1074 2357 prope

95 2395 211 2439 omnes
232 2394 338 2439 navos
366 2372 513 2439 afflictas
535 2384 638 2459 atque
660 2376 694 2439 in
719 2374 816 2439 litore
839 2377 965 2439 eiectas
990 2397 1074 2455 esse,

94 2476 185 2565 quod
212 2498 321 2563 neque
343 2498 489 2543 ancorae
514 2478 677 2564 funesque
707 2477 941 2559 subsisterent,
968 2500 1075 2564 neque

95 2590 222 2647 nautae
245 2578 555 2667 gubernatoresque
578 2580 646 2644 vim
668 2583 882 2665 tempestatis
906 2584 975 2665 pati
1001 2602 1071 2665 poe-

96 2694 190 2769 sent3
212 2686 327 2769 itaquo
349 2705 393 2749 ox
414 2704 454 2749 eo
476 2704 644 2749 concursu
666 2686 802 2749 navium
819 2706 976 2767 magnum
1002 2708 1097 2757 cesses

96 2788 342 2853 incommodum
364 2798 549 2875 acceptum.

184 2892 235 2956 11.
257 2892 322 2957 His
348 2891 450 2959 robus
472 2892 622 2977 cognitis
650 2892 779 2957 Caesar
807 2891 956 2976 legiones
986 2896 1074 2977 equi-

95 3005 272 3082 tatumque
292 2998 446 3061 revocari
468 3004 571 3082 atque
593 2997 627 3060 in
651 2996 770 3060 itinere
792 2998 951 3059 resistere
975 2996 1077 3075 inlust,

96 3102 171 3187 ipse
203 3098 249 3165 ad
274 3121 381 3165 naves
407 3100 607 3181 revertitur3
641 3098 758 3163 eadem
794 3098 879 3179 sere,
913 3120 998 3183 quw:
1033 3120 1099 3163 ext

96 3204 228 3270 nuntiis
249 3202 440 3289 litterisque
460 3211 679 3286 cognoverat,
702 3222 815 3265 coram
832 3203 1003 3286 perspicit,
1028 3204 1076 3265 sie

96 3318 134 3375 ut
155 3307 291 3373 amissis
305 3308 445 3373 circiter
458 3322 505 3369 xn
520 3304 664 3370 navibus
682 3303 830 3391 reliquae
854 3318 964 3369 tarsen
986 3306 1075 3367 retici

96 3432 196 3499 posse
217 3430 341 3495 magno
362 3410 499 3495 negotio
521 3407 727 3474 viderentur.
765 3408 884 3493 ltaque
908 3430 949 3471 er
975 3408 1100 3489 legio-s

95 3514 199 3581 uibus
220 3512 336 3581 fabros
360 3512 480 3597 deligit
502 3524 536 3579 et
559 3536 602 3577 ex
624 3514 812 3577 continenti
842 3510 927 3575 alios
951 3514 1077 3575 areensi
