2376 3924
267 228 317 279 AD
337 227 435 280 CAES.
452 227 557 278 BELL.
577 227 815 290 01v.1,ss-ss.
975 225 1039 274 XIX

160 435 184 468 c.
203 418 244 482 64,
262 420 293 467 2:
321 417 437 470 cariosae
455 433 489 470 ac
504 418 656 484 primum-
673 421 851 469 statumen
870 415 961 468 ulrei
979 431 1037 466 ma-

55 502 132 557 teria
149 501 272 572 fiebant]
292 504 330 553 sic
348 519 397 569 pro
410 503 542 553 librorum
559 505 676 553 lectione
691 501 790 569 prima
808 503 967 555 statumina
986 501 1038 554 levi

54 589 180 643 materia
206 587 311 654 urbam
337 591 511 640 scribendum
539 605 597 640 esse
626 590 706 640 docui
733 591 762 638 in
789 604 852 639 ann.
876 589 944 655 phil.
963 590 1038 651 1874,

56 693 85 742 p.
103 677 165 726 463.

162 778 186 812 c.
205 763 246 824 bl,
265 763 294 812 4:
311 766 496 829 pastoresque
513 759 670 813 Domitii
692 763 745 811 iam
765 763 792 810 in
812 762 902 826 priore
921 760 1038 810 editione

56 848 151 916 (rest)
178 851 339 914 scripseram
365 865 413 915 pro
438 852 623 915 pastoresque
648 845 795 912 indomiti,
822 847 870 897 sed
893 862 955 896 cum
974 861 1039 895 casu

57 935 129 986 haec
157 935 310 986 emendatio
338 936 366 985 in
394 934 563 1001 praefatione
591 950 646 984 non
672 939 881 984 commemorata
907 935 956 997 sit,
986 935 1038 983 iam

57 1023 190 1072 Diibnero
209 1027 322 1087 accepta
339 1023 403 1072 lerri
423 1021 502 1072 solet.

165 1143 187 1176 c.
207 1127 297 1189 58,1:
325 1125 499 1192 impetusque
522 1140 617 1178 eornm
641 1123 836 1194 decipiebant]
865 1122 1040 1190 decipiebant

59 1215 116 1264 iam
130 1228 163 1262 ex
175 1211 322 1277 Nipperdei
345 1213 500 1262 coniectura
521 1213 618 1277 scripsi
639 1227 687 1276 pro
706 1211 836 1262 librorum
855 1209 1041 1276 excipiebam,

60 1297 135 1364 qnod
153 1304 236 1348 antea
253 1299 280 1347 in
300 1296 445 1350 exciebant
463 1314 641 1348 correxeram.
672 1297 787 1358 Kraner,
806 1298 926 1358 Diibner,
946 1296 1042 1345 Dinter

60 1398 132 1437 aaa
150 1383 328 1451 excipiebant
347 1384 502 1447 ediderunt,
528 1400 597 1450 quae
617 1383 698 1434 lectio
718 1385 740 1433 si
759 1399 824 1433 vera
843 1389 926 1443 esset,
949 1382 1042 1431 adver-

62 1473 153 1522 sativa
170 1469 305 1536 particula
324 1471 400 1534 sequi
419 1470 537 1520 deberet.

168 1591 191 1625 c.
211 1576 252 1636 61,
270 1575 299 1624 2:
327 1572 423 1640 itaque
447 1573 627 1626 cointitnunt
652 1572 711 1641 ipsi
738 1572 805 1625 locis
829 1569 976 1638 enecuere]
1004 1571 1044 1618 sic

63 1661 154 1724 codd,
175 1677 226 1712 nec
245 1677 304 1712 esse
322 1660 465 1726 putabam,
489 1678 537 1711 cur
554 1662 598 1711 vel
618 1661 760 1727 vulgatum
777 1659 839 1725 iis,
867 1659 911 1708 vel
929 1658 1043 1723 Nipper-

64 1747 126 1798 deis
146 1752 256 1797 auctore
275 1745 330 1798 liis
348 1751 411 1796 ante
430 1744 497 1798 locis
516 1749 671 1798 insererem.
689 1775 724 1784 -
741 1746 765 1812 ξ.
780 1748 809 1795 4:
827 1743 960 1810 utiliaque
976 1758 1043 1810 pas-

63 1847 148 1886 suum
167 1848 185 1884 a
203 1831 307 1885 castris
326 1831 425 1884 aberat
442 1831 551 1901 XXX]
578 1831 671 1884 XXX
688 1833 767 1898 posui
786 1837 895 1882 auctore
915 1831 1044 1893 Goeier0;

64 1919 131 1970 libri
144 1919 200 1972 XX
220 1947 253 1957 -
271 1919 307 1968 ib.
327 1933 389 1984 que
406 1917 593 1986 (castraque),
612 1918 719 1983 quodi
733 1923 761 1968 et
778 1917 965 1982 Oudendorpii
982 1915 1045 1964 libri

64 2005 176 2064 habent,
195 2004 304 2054 retinui.

171 2124 194 2157 c.
213 2107 254 2169 62,
273 2109 303 2158 2:
331 2110 521 2158 exstarent
537 2108 593 2156 iam
613 2123 672 2156 curn
693 2106 810 2158 Oehlero
830 2112 857 2157 et
873 2107 987 2156 Dinterc
1006 2121 1045 2153 se·

65 2194 187 2246 cundum
207 2192 265 2241 cod.
284 2192 304 2245 b
323 2193 432 2258 scripsi;
451 2199 532 2243 antea
549 2209 610 2243 cum
624 2193 787 2259 Nipperdeio
805 2193 945 2258 vulgatam
963 2191 1046 2254 scrip-

65 2287 165 2340 turam,
184 2293 265 2345 quam
283 2277 382 2344 reliqui
401 2279 477 2332 codd.
497 2279 633 2341 exhibent,
652 2283 765 2331 exstare
783 2283 809 2330 et
827 2280 1001 2329 retinueram.

173 2381 311 2444 c.st,1:
338 2379 519 2432 sustineri
545 2386 698 2434 extremum
725 2396 823 2449 apmen
850 2384 933 2446 atque
960 2378 1047 2429 inter·-

67 2465 184 2536 rumpi]
211 2465 397 2519 sustinerint
415 2472 496 2517 antea
514 2449 714 2518 cum'Kranero
734 2469 839 2532 scripsi.
872 2466 936 2516 libri
961 2464 1048 2517 susti-

67 2569 135 2608 nere
153 2553 263 2613 habent,
282 2553 353 2617 quod
371 2553 535 2618 Nipperdey,
554 2553 652 2613 Duum,
670 2552 756 2617 Dina,
774 2552 805 2600 F.
823 2551 913 2602 Hofm.
931 2552 1048 2599 retinue-

68 2648 145 2703 runt,
168 2642 216 2690 vix
232 2645 323 2690 tamen
342 2646 405 2705 apto
424 2641 502 2691 modo
522 2641 699 2706 explicarunt.
729 2654 778 2703 pro
796 2636 968 2702 interrumpi
985 2637 1049 2700 Nip-

61 2727 174 2795 perdey
198 2728 292 2776 invitis
319 2727 397 2778 libris
420 2729 508 2777 invita
531 2729 612 2778 etiam
637 2726 767 2776 sermonis
790 2728 895 2774 ratione
922 2721 1050 2789 inrumpi

67 2814 167 2866 edidit.
199 2829 249 2863 nec
267 2813 378 2878 probari
400 2820 501 2879 potest,
529 2815 601 2879 quod
625 2813 697 2863 idem
715 2813 758 2861 vir
776 2811 870 2861 doctus
896 2811 955 2877 §.3
983 2823 1050 2860 nan

69 2905 135 2950 ante
154 2899 312 2951 necessario
331 2901 452 2951 inseruit.

176 3017 199 3053 c.
218 3003 259 3064 66,
277 3006 308 3051 4:
332 3003 381 3054 bos
399 3007 505 3054 arorites
524 3001 689 3054 intrasse
707 3000 920 3069 cupiebant]
939 3002 1051 3066 Nipper-

64 3087 126 3152 dey
144 3085 276 3136 librorum
294 3089 378 3138 verba
401 3088 481 3139 intra
500 3103 528 3140 se
546 3087 720 3154 recipiebant
742 3094 869 3153 exparte
888 3093 961 3136 certe
980 3092 1052 3135 recte

74 3173 231 3223 emendavit
248 3174 391 3224 scribendo
410 3174 522 3226 intrare
540 3173 706 3240 cupiebant,
734 3173 782 3223 sed
804 3173 885 3223 lectio
904 3188 920 3220 a
939 3188 981 3220 me
999 3173 1052 3219 iam

72 3259 103 3308 in
120 3259 211 3324 priore
223 3260 341 3309 edidere
354 3262 493 3326 proposita
511 3259 670 3312 intrasse
689 3258 840 3327 cupiebant
857 3259 968 3323 propius
981 3262 1054 3305 certe

73 3343 110 3395 ad
127 3342 257 3395 librorum
276 3347 393 3412 vestigia
415 3347 529 3396 accedit.
560 3347 716 3412 aptissimus
743 3347 824 3395 etiam
842 3344 949 3392 videtur
967 3341 1054 3390 infini-

67 3429 149 3485 :rivus
166 3429 280 3496 perfecti
298 3431 326 3480 in
344 3447 386 3494 re,
415 3446 469 3496 qua
493 3430 601 3480 demum
628 3433 772 3496 impetrata
790 3427 964 3492 Pompeianis
983 3426 1053 3476 saln-

72 3519 129 3569 sem
148 3531 257 3582 sperare
276 3516 384 3569 licebat.

867 3613 903 3665 is*
