2376 3924
124 213 184 276 112
424 213 474 262 Du
495 211 615 262 BELLO
635 211 793 262 GALLICO

97 399 228 485 liubet3
252 398 404 464 Labieno
435 400 565 484 scribit,
596 410 643 485 ut,
672 402 955 488 quamplurimas
979 406 1096 488 possit,

119 505 160 569 iis
184 503 385 588 legionibus,
403 526 488 589 quae
505 514 581 571 sunt
598 505 688 591 apud
705 528 789 589 eum,
806 528 911 571 naves
928 508 1096 571 instituat.

97 608 204 694 rlpse,
228 611 292 674 etsi
316 630 368 673 res
394 619 467 675 erat
482 608 608 674 multae
632 630 754 694 operae
770 631 810 674 ac
827 608 964 693 laboris,
984 619 1096 675 tamen

118 712 422 777 commodissimum
445 735 519 778 esse
543 714 673 796 statuit,
696 734 810 778 omnes
825 734 931 779 naves
955 712 1098 778 subduci

97 826 153 880 ret
169 837 241 880 cum
259 817 381 881 castris
397 839 465 880 una
481 818 666 882 munitione
681 818 849 901 coniungi.
873 817 912 881 In
929 818 981 882 his
997 816 1097 881 rebus

119 920 254 982 circiter
279 918 350 983 dios
366 936 389 980 X
414 921 579 984 consumit
603 942 646 984 ne
668 922 841 984 nocturnis
866 921 999 1004 quidem
1014 930 1097 985 tem-

98 1020 255 1106 ⁷poribus
279 1021 324 1086 ad
348 1021 496 1087 laborem
512 1023 655 1089 militum
678 1024 889 1088 intermissis.
914 1022 1097 1088 Subductis

119 1125 262 1190 novibus
287 1126 474 1211 castrisque
499 1128 635 1210 egregie
650 1128 787 1192 munitis
812 1126 947 1191 easdem
971 1129 1097 1212 copias,

119 1250 202 1314 quas
227 1237 315 1310 ante,
339 1229 509 1313 praesidio
532 1229 678 1294 navibus
701 1231 848 1316 reliquit,
873 1231 945 1316 ipse
971 1231 1097 1312 eodem,

96 1330 208 1395 8unde
230 1332 389 1416 redierat,
412 1335 647 1419 proficiscitur.
672 1333 722 1398 Eo
746 1355 821 1398 cum
843 1334 1005 1417 venisset,
1027 1356 1097 1397 rna·

119 1438 205 1500 iores
223 1437 289 1500 iam
300 1435 447 1522 undique
464 1438 498 1501 in
512 1459 585 1502 eum
602 1437 712 1501 locum
727 1438 845 1521 copiae
856 1436 1096 1501 Britannorum

119 1549 346 1605 convenerant
371 1562 498 1606 summa
514 1541 646 1626 imperii
662 1539 810 1624 bellique
833 1539 1097 1605 administrandi

119 1645 286 1709 communi
299 1645 610 1729 consiliopermissa
619 1641 892 1725 Cassivellaun03
905 1644 1000 1708 cuius
1012 1643 1096 1708 fines

119 1748 331 1812 amaritimis
355 1747 552 1813 civitatibus
574 1747 696 1812 flumen
714 1745 847 1828 dividit,
871 1745 961 1832 quod
983 1746 1096 1833 appel·

120 1849 209 1915 latur
220 1850 382 1935 Tamesis,
407 1875 427 1916 a
446 1852 531 1917 mari
554 1851 690 1915 circiter
705 1848 799 1913 milia
813 1862 973 1934 passuum
989 1867 1096 1917 LXXX.

97 1953 208 2018 9Huic
221 1956 391 2041 superiore
405 1963 555 2040 tempore
567 1975 642 2020 cum
654 1952 791 2038 reliquis
808 1951 1005 2018 civitatibus
1018 1976 1096 2019 oon-

117 2059 261 2124 tinentia
290 2057 380 2123 bella
410 2060 691 2140 intercesserant3
720 2057 779 2122 sed
801 2055 923 2137 [nostro
947 2055 1096 2123 adventu

116 2163 258 2246 permoti
278 2162 436 2227 Britanni
459 2161 547 2227 hun'c
570 2163 634 2226 toti
656 2158 746 2225 bello
771 2161 976 2247 imperioque
997 2182 1095 2246 prae·

118 2265 279 2332 fecerant.

205 2369 254 2435 12.
277 2369 477 2435 Britanniae
503 2390 582 2454 pars
616 2368 757 2434 interior
785 2365 829 2431 ab
861 2367 903 2431 iis
925 2366 1097 2452 incolitur,

117 2494 199 2558 quos
215 2481 315 2538 natos
339 2475 371 2537 in
389 2471 500 2537 insula
515 2472 590 2557 ipsa
605 2470 764 2535 memoria
780 2468 951 2555 proditum
967 2469 1096 2555 dicunt,

94 2577 286 2642 amaritima
314 2599 392 2663 pars
422 2575 465 2641 ab
489 2576 542 2659 iis,
576 2576 632 2662 qui
666 2573 814 2660 praedae
836 2571 888 2656 [ac
909 2571 991 2638 belli
1013 2574 1096 2640 infe-

114 2680 222 2763 rendi]
245 2702 349 2746 causa
373 2703 415 2745 ex
430 2679 549 2763 Belgio
573 2680 780 2744 transierant
797 2677 866 2762 (qui
890 2677 1096 2751 omnesfere

114 2786 157 2850 iis
173 2784 363 2850 nominibus
388 2785 566 2848 civitatum
585 2781 809 2868 appellantur,
826 2778 947 2865 quibus
964 2782 1030 2846 orti
1053 2805 1096 2847 ex

114 2886 312 2955 civitatibus
337 2910 374 2952 eo
399 2890 636 2973 pervenerunt)
662 2894 694 2952 et
714 2884 805 2950 bello
829 2883 926 2950 illato
950 2882 997 2951 ibi
1022 2906 1096 2969 per·

92 3002 311 3057 smanserunt
334 3001 434 3076 atque
458 2976 559 3074 agros
576 2988 688 3055 colere
703 2996 896 3075 coeperunt.
915 2987 1096 3053 Hominum

115 3104 167 3161 est
191 3095 323 3158 infinita
347 3093 527 3159 multitudo
551 3093 820 3178 creberrimaque
848 3090 1005 3157 aedificia
1027 3091 1097 3156 scre

92 3195 259 3262 rGalliois
277 3195 477 3280 consimilia,
497 3218 654 3283 pecorum
676 3217 818 3281 magnus
842 3215 1011 3260 numerus.
1036 3195 1090 3261 Ut·

115 3309 217 3366 untur
240 3310 298 3364 aut
322 3322 400 3365 aere
424 3300 492 3383 [aut
508 3322 641 3364 nummo
658 3295 770 3385 aureo]
788 3307 847 3364 aut
862 3297 962 3363 taleis
978 3298 1097 3365 ferreis

92 3403 161 3469 sad
177 3412 304 3468 certum
320 3403 450 3488 pondus
473 3404 676 3468 examinatis
692 3424 752 3488 pro
770 3422 914 3467 nummo.
937 3400 1099 3469 Nascitur

116 3506 163 3573 ibi
180 3506 351 3593 plumbum
375 3506 488 3573 album
512 3508 547 3572 in
562 3505 818 3572 mediterraneis
834 3504 1040 3591 regionibus,
1062 3504 1099 3571 in
