2376 3924
482 238 558 293 cnr.
577 240 687 290 aa-ra
1012 239 1072 305 199

94 434 245 498 Deiotari
273 431 410 495 militum
438 430 608 494 interfecta
631 447 751 494 xxxv1.
773 429 856 514 legio
886 432 918 494 in
948 430 1017 495 loca
1040 452 1074 495 se

95 538 265 622 superiora
284 533 418 598 contulit
440 557 504 598 non
526 533 662 618 amplius
686 548 749 597 con
773 532 972 598 desideratis
1018 533 1097 599 Ces

96 641 248 706 ciderunt
281 660 319 702 eo
359 637 479 723 proelio
512 637 672 723 splendidi
705 646 803 722 atque
839 636 978 701 illustres
1012 639 1075 701 viri

95 729 259 825 nonnulli,
292 743 417 826 equites
439 743 584 806 Romani.
631 741 704 823 Quo
733 750 842 805 tamen
874 740 1076 804 incommodo

97 844 273 914 Domitius
285 854 417 930 accepto
440 845 590 930 reliquias
613 846 774 909 exercitus
791 845 936 929 dissipati
952 843 1078 929 collegit

97 951 332 1037 itineribusque
366 953 442 1015 tutis
476 973 534 1037 per
564 949 803 1037 Cappadociam
836 972 870 1014 se
903 951 936 1014 in
964 947 1078 1013 Asiam

96 1058 229 1141 recepit.

185 1158 237 1222 41.
273 1158 461 1222 Pharnaces
483 1157 581 1222 rebus
605 1157 753 1223 secundis
782 1158 900 1240 elatus,
935 1178 1009 1222 cum
1037 1156 1078 1220 de

99 1263 241 1328 Caesare
258 1285 306 1344 ea,
330 1283 414 1346 qnae
431 1260 573 1346 optabat,
597 1269 752 1347 speraret,
777 1261 916 1325 Pontum
932 1259 1079 1325 omnibus

99 1369 199 1453 copiis
216 1367 387 1451 occupavit
401 1364 511 1451 ibique
534 1374 566 1430 et
586 1368 691 1432 victor
707 1375 739 1431 et
755 1365 992 1431 crudelissimus
1008 1383 1100 1448 rex,²

99 1494 175 1537 cum
198 1470 258 1535 sibi
287 1471 452 1534 fortunam
480 1480 651 1555 paternam
677 1469 819 1534 feliciore
842 1477 962 1534 eventu
984 1468 1078 1532 desti-

99 1582 202 1656 naret,
226 1572 327 1637 multa
350 1573 468 1658 oppida
491 1575 700 1659 expugnavit,
724 1571 810 1636 bona
831 1573 950 1637 civium
964 1573 1079 1636 Roma-

99 1700 216 1743 norum
238 1679 510 1762 Ponticorumque
533 1677 673 1764 diripuit,
698 1675 854 1763 supplicia
869 1677 1032 1742 constituit
1047 1677 1100 1740 ins

100 1806 170 1866 eos,
206 1785 261 1868 qui
288 1782 430 1867 aliquam
460 1782 583 1847 formae
612 1791 710 1867 atque
740 1782 854 1846 aetatis
877 1779 1080 1846 commenda-

99 1890 221 1957 tionem
243 1886 424 1970 habebant,
454 1910 509 1970 ea,
539 1908 623 1973 quae
644 1895 747 1951 morte
771 1894 879 1950 essent
900 1886 1078 1966 miseriora,

100 1997 305 2077 Pontumque
334 1990 420 2056 nullo
443 1991 638 2057 defendente
669 2001 840 2077 paternum
858 2011 996 2076 regnum
1018 1989 1082 2076 glo·

101 2101 189 2161 rians
212 2118 247 2160 se
269 2098 432 2182 recepisse
455 2095 631 2161 obtinebat.

185 2199 236 2262 42.
272 2198 340 2265 Sub
370 2197 457 2264 idem
489 2209 617 2285 tempus
650 2201 684 2263 in
716 2198 848 2284 Illyrico
883 2208 932 2264 est
965 2200 1083 2263 incom-

101 2305 233 2370 modum
256 2312 434 2388 acceptum,
459 2324 542 2387 quae
565 2304 732 2388 provincia
755 2300 974 2386 superioribus
996 2323 1083 2365 men·

101 2409 190 2475 sibus
213 2416 339 2471 retenta
362 2427 427 2470 non
449 2414 577 2470 tantum
599 2407 669 2470 sine
691 2406 880 2489 ignominia,
904 2405 963 2469 sed
986 2407 1084 2470 etiam

102 2536 176 2579 cum
209 2510 305 2575 laude
339 2518 419 2574 erat.
464 2509 615 2593 Namque
646 2530 683 2572 eo
712 2509 829 2572 missus
858 2516 981 2572 aestate
1011 2527 1106 2572 cuma

102 2615 229 2680 duabus
251 2613 431 2700 legionibus
455 2613 495 2695 Q.
520 2611 726 2693 Cornificius,
751 2609 899 2675 Caesaris
922 2620 1074 2696 quaestor

103 2741 161 2805 pro
196 2727 361 2804 praetore,
404 2738 603 2803 quamquam
641 2723 712 2779 erat
750 2715 918 2799 provincia
954 2716 1085 2778 minime

103 2824 231 2908 eopiosa
264 2820 307 2886 ad
341 2823 504 2885 exereitus
538 2817 670 2883 alendos
699 2826 732 2882 et
760 2817 895 2882 finitimo
929 2817 1012 2883 bello
1046 2840 1085 2882 ac

104 2924 357 2989 dissensionibus
382 2924 529 2989 confecta
558 2931 591 2986 et
612 2930 750 3005 vastata,
780 2929 891 2987 tamen
913 2923 1086 3010 prudentia

105 3049 144 3090 ae
168 3025 334 3109 diligentia
358 3049 426 3109 sua,
458 3024 546 3111 quod
568 3047 721 3111 magnam
744 3047 857 3090 curam
879 3026 1084 3114 suscipiebat,

104 3152 145 3193 ne
170 3149 233 3212 quo
249 3138 372 3194 temere
388 3128 651 3214 progrederetur,
675 3138 707 3194 et
728 3131 852 3216 recepit
874 3139 907 3195 et
930 3129 1084 3194 defendit.

104 3232 254 3316 Namque
296 3241 329 3296 et
362 3232 493 3297 castella
527 3232 693 3318 complura
725 3232 803 3298 loeis
837 3233 932 3297 editis
969 3235 1106 3319 positast

105 3358 243 3421 quorum
277 3338 499 3422 opportunitas
534 3336 723 3403 castellanos
753 3336 938 3423 impellebat
966 3335 1009 3400 ad
1032 3334 1085 3400 de-

105 3442 268 3505 cursiones
301 3439 467 3505 faoiendas
501 3451 534 3507 et
566 3441 685 3506 bellum
725 3441 945 3524 inferendum,
986 3462 1085 3526 expu-

105 3547 218 3629 gnavit
240 3566 344 3632 eaque
367 3545 491 3632 praeda
512 3544 629 3612 milites
651 3545 800 3630 donavit,
825 3566 909 3631 quae
932 3547 992 3612 etsi
1015 3555 1087 3611 erat
