2376 3924
147 219 186 285 18
427 217 477 267 DE
495 215 616 267 Bxxho
636 213 794 264 GALLICO

146 416 278 473 scutum
310 428 411 473 manu
441 407 594 473 emittere
622 413 656 470 et
683 403 773 470 nudo
797 424 935 489 corpore
957 423 1121 490 pugnare.

122 509 297 582 sTandem
319 507 514 574 vulneribus
544 507 667 573 defessi
703 515 736 572 et
763 505 883 592 pedem
915 505 1042 572 referre
1076 515 1121 591 et,

146 612 235 699 quod
256 635 351 678 mons
376 611 514 677 suberat
536 613 673 677 circiter
694 609 787 676 mille
809 631 987 695 passuum,
1018 630 1056 675 eo
1082 633 1120 675 se

123 718 295 802 orecipere
318 724 509 801 coeperunt.
534 715 641 801 Capto
664 723 777 779 monte
799 723 833 778 et
857 713 1119 780 succedentibus

144 821 269 884 nostris
291 819 367 885 Boii
391 829 424 885 et
447 817 599 903 Tulingi,
623 820 679 906 qui
701 818 872 884 hominum
893 817 1030 884 milibus
1053 821 1119 884 oir-

145 925 229 988 oiter
251 941 298 986 xv
322 944 442 1007 agmen
466 922 612 987 hostium
635 921 841 989 claudebant
865 933 898 987 et
925 924 1120 990 novissimis

143 1026 313 1111 praesidio
344 1035 457 1110 erant,
491 1047 535 1091 ex
564 1027 685 1091 itinere
708 1035 841 1093 nostros
869 1026 978 1093 latere
1001 1037 1119 1114 aperto

144 1131 299 1214 aggressi
315 1131 568 1213 circumvenire,
590 1139 622 1194 ct
638 1129 674 1195 id
690 1132 877 1217 conspicati
889 1130 1049 1215 Helvetii,
1063 1133 1121 1218 qui

144 1236 178 1298 in
201 1241 348 1298 montem
371 1255 444 1299 sese
467 1243 675 1319 receperant,
698 1255 812 1299 rursus
830 1235 958 1299 instare
974 1243 1008 1300 et
1023 1256 1119 1321 proe-

142 1336 224 1403 lium
236 1337 468 1422 redintegrare
479 1346 671 1422 coeperunt.
691 1337 832 1402 Romani
845 1358 1007 1403 conversa
1020 1338 1120 1421 signa

123 1440 306 1527 ubipartito
331 1441 531 1507 intulerunt:
564 1442 673 1526 prima
702 1449 737 1523 et
760 1440 909 1506 secunda
940 1443 1046 1524 acies,
1081 1451 1120 1506 ut

143 1546 244 1609 victis
267 1567 308 1610 ac
328 1545 500 1609 summotis
524 1545 714 1626 resisteret,
744 1545 862 1629 tertia,
884 1553 922 1610 ut
943 1545 1119 1610 venientes

144 1650 335 1714 sustineret.

227 1751 280 1817 26.
303 1752 357 1816 Ita
377 1753 519 1838 ancipiti
541 1751 668 1837 proelio
693 1751 750 1816 diu
780 1760 881 1838 atque
910 1752 1036 1818 acriter
1056 1773 1118 1838 pu-

142 1865 282 1941 gnatum
305 1865 365 1922 est.
394 1856 531 1920 Diutius
559 1877 634 1921 cum
658 1856 823 1921 sustinere
846 1866 1036 1922 nostrorum
1059 1858 1119 1921 im·

122 2007 127 2040 ·.
141 1970 239 2045 petus
254 1981 321 2023 non
336 1968 485 2045 possent,
498 1958 597 2024 alteri
610 1981 655 2043 se,
668 1969 704 2024 ut
717 1970 908 2044 coeperant,
924 1961 959 2025 in
970 1970 1119 2029 montem

142 2072 354 2149 receperunt,
384 2062 484 2127 alteri
514 2063 558 2129 ad
581 2063 820 2150 impedimenta
844 2072 877 2128 et
900 2085 1016 2130 carros
1039 2086 1119 2132 suos

122 2191 179 2237 ase
196 2165 420 2233 contulerunt.
453 2165 541 2231 Nam
562 2166 625 2232 hoo
640 2175 712 2231 tcto
728 2166 867 2252 proelio,
884 2189 960 2235 cum
975 2167 1019 2234 ab
1034 2168 1120 2235 hora

144 2275 285 2358 septima
299 2271 344 2336 ad
356 2292 531 2356 vesperum
546 2280 733 2358 pugnatum
749 2273 802 2355 sit,
816 2293 972 2338 aversum
986 2272 1120 2339 hostem

121 2377 259 2446 uuidere
282 2397 379 2441 nemo
401 2377 522 2462 potuit.
556 2375 611 2440 Ad
627 2375 768 2442 multam
790 2386 923 2444 noctem
946 2378 1120 2444 etiam-'ad

143 2482 380 2567 impedimenta
391 2489 578 2567 pugnatum
592 2489 653 2564 est,
664 2489 844 2567 propterea
856 2481 944 2568 quod
955 2480 1120 2568 provallo

142 2609 256 2651 carros
287 2586 480 2651 obiecerant
510 2595 544 2650 et
572 2608 590 2648 e
617 2584 691 2649 loco
721 2587 890 2671 superiore
920 2587 953 2650 in
982 2593 1119 2652 nostros

141 2693 315 2756 venientes
338 2688 407 2754 tela
424 2688 649 2772 coniciebant,
673 2698 708 2753 et
721 2688 875 2754 nonnulli
889 2690 978 2755 inter
1000 2711 1119 2757 carros

141 2803 461 2880 r·otasque,matsras
473 2814 514 2856 ac
524 2790 678 2875 tragulas
692 2791 905 2859 subiciebant
916 2803 1120 2880 nostrosque

120 2899 378 2966 svulnerabant.
394 2898 462 2963 Diu
474 2919 549 2963 cum
562 2904 651 2962 essct
660 2907 856 2984 pugnatum,
868 2898 1118 2986 impedimentis

142 3005 335 3089 castrisque
357 3004 465 3068 nostri
487 3002 587 3086 potiti
616 3010 703 3066 sunt.
738 3001 791 3067 Ibi
808 3001 1023 3086 Orgetorigis
1045 3000 1118 3068 filia

120 3118 243 3194 satque
266 3130 351 3172 unus
376 3130 393 3172 e
415 3106 494 3171 filiis
518 3115 635 3191 captus
660 3115 720 3171 est.
757 3106 811 3172 Ex
841 3129 879 3172 eo
902 3105 1029 3194 proelio
1052 3106 1118 3183 cir·

141 3215 226 3275 citer
249 3212 418 3276 hominum
439 3207 532 3274 milia
548 3225 642 3272 cxxx
659 3211 891 3295 superfuerunt
915 3232 1021 3297 eaque
1043 3217 1118 3275 tota

141 3325 240 3381 nocte
275 3316 486 3379 continenter
519 3314 646 3378 ierunt:
679 3313 807 3380 nullam
840 3324 972 3402 partem
1004 3313 1117 3392 noctis

142 3421 263 3485 itinere
296 3420 488 3485 intermisso
522 3419 558 3483 in
584 3418 668 3484 fines
690 3419 883 3505 Lingonum
912 3419 966 3486 die
995 3427 1117 3506 quarto

142 3533 381 3610 pervenerunt,
417 3545 491 3590 cum
522 3532 556 3588 et
583 3533 719 3610 propter
746 3526 888 3591 vulnera
910 3523 1054 3591 militum
1083 3533 1117 3591 et
