2376 3924
389 222 500 273 uranu
518 222 568 288 111,
588 222 665 275 oar.
685 225 794 276 ra-ar.
1018 224 1077 290 107

92 413 280 500 postularet,
306 413 529 500 reperiebatur
553 437 656 479 nemo.
695 413 805 500 Atque
826 415 913 501 ipsis,
936 415 979 480 ad
1002 437 1078 501 quo·

93 541 167 582 rum
209 516 413 583 commodum
446 517 651 604 psr‘ainebat,
687 517 803 583 duim
839 521 993 584 mass
1026 529 1079 584 est

95 621 232 686 Caelius.
279 621 344 687 Sed
377 619 420 685 ab
453 621 514 686 hoc
548 621 712 708 profectus
746 623 850 704 initio,
884 645 925 687 ne
958 623 1078 689 frustra

95 729 259 809 ingressus
287 733 416 811 turpem
444 746 577 790 causam
599 725 781 809 videretur,
810 725 915 810 legem
943 727 1078 810 promul-

95 831 203 912 gavit,
232 835 277 892 ut·
296 830 431 892 sexenni
460 827 512 892 die
536 830 604 893 sine
626 831 732 893 usuris
757 828 900 894 creditae
924 830 1078 913 pecuniae

96 931 271 995 solvantur.

181 1035 232 1098 21.
268 1033 351 1100 Cum
377 1036 543 1100 resisteret
566 1035 722 1101 Servilius
755 1035 866 1100 consul
899 1036 1080 1123 reliquique

94 1142 319 1224 magistratus,
355 1146 387 1202 et
420 1139 526 1203 minus
561 1141 710 1224 opinione
743 1160 803 1204 sua
835 1139 996 1223 efficeret,
1036 1140 1080 1205 ad

94 1245 259 1311 hominum
290 1241 464 1306 excitanda
493 1241 600 1306 studia
623 1240 751 1306 sublata
773 1243 880 1328 priore
902 1242 974 1328 lege
997 1244 1079 1309 duas

93 1347 323 1433 promulgavit:
335 1367 443 1427 unam,
457 1367 521 1429 qua
532 1345 698 1410 mercedes
709 1344 944 1411 habitationum
955 1369 1079 1413 annuas

94 1449 344 1516 conductoribus
374 1449 519 1533 donavit,
554 1449 650 1514 aliam
682 1448 867 1515 tabularum
910 1473 1078 1535 novarum,

94 1559 284 1640 impetuque
317 1553 530 1618 multitudinis
563 1555 596 1618 in
630 1553 665 1618 O.
695 1552 895 1618 Trebonium
927 1556 1012 1620 facto
1047 1567 1100 1622 etr

95 1659 255 1724 nonnullis
289 1658 466 1723 vulneratis
504 1681 578 1723 eum
612 1657 652 1722 de
691 1657 843 1723 tribunali
881 1658 1077 1725 deturbavit.

96 1766 148 1828 De
184 1763 301 1849 quibus
334 1761 432 1827 rebus
456 1762 610 1829 Servilius
639 1762 751 1828 consul
768 1763 822 1827 vad
845 1772 993 1828 senatum
1016 1774 1077 1828 ret-

96 1869 179 1951 tulit,
211 1877 410 1953 senatusque
425 1866 570 1932 Caelium
593 1866 634 1932 ab
657 1867 823 1954 republica
845 1868 1079 1933 removendum

94 1976 226 2039 censuit.
271 1973 346 2038 Hoc
368 1972 499 2038 decreto
528 1994 603 2037 eum
632 1972 741 2037 consul
770 1981 885 2037 senatu
914 1972 1098 2058 prohibuita

94 2086 126 2143 et
164 2079 343 2143 contionari
383 2085 555 2142 conantem
589 2076 629 2141 de
666 2078 779 2142 rostris
817 2076 963 2141 deduxit.
1019 2075 1099 2139 llles

93 2183 269 2264 ignominia
292 2189 325 2246 et
347 2180 456 2246 dolore
479 2189 645 2266 permotus
663 2179 770 2266 palam
792 2201 827 2244 sc
851 2179 1011 2266 proficisci
1034 2178 1077 2243 ad

95 2283 269 2349 Caesarem
292 2283 469 2367 simulavit3
493 2283 577 2348 clam
597 2286 717 2348 nuntiis
734 2282 776 2347 ad
793 2283 947 2347 Milonem
961 2283 1076 2363 missis,

96 2390 151 2472 qui
168 2386 279 2452 Clodio
295 2388 464 2452 interfecto
487 2409 525 2452 eo
541 2389 670 2452 nomine
686 2396 757 2451 erat
773 2385 956 2466 damnatus,
979 2394 1090 2469 atque.

95 2514 133 2556 eo
156 2493 189 2554 in
210 2490 340 2556 Italiam
362 2500 507 2573 evocat0,
531 2490 618 2576 quod
640 2492 767 2574 magnis
790 2486 978 2554 muneribus
994 2487 1077 2552 datis

95 2594 307 2678 gladiatoriae
344 2592 485 2658 familiae
521 2592 674 2678 reliquias
709 2591 869 2674 habebat,
907 2590 968 2657 sibi
1006 2614 1078 2656 con·

93 2701 200 2762 iunxit
229 2706 327 2782 atque
354 2720 429 2762 eum
457 2699 491 2762 in
513 2697 697 2762 Thurinum
719 2695 762 2760 ad
784 2695 1000 2760 sollicitandos
1023 2718 1076 2781 pa·

94 2811 197 2865 stores
220 2802 395 2886 praemisit.
433 2801 509 2886 Ipse
532 2821 607 2863 cum
629 2796 806 2863 Casilinum
827 2801 977 2882 venisset,
1001 2817 1099 2871 unos

95 2927 158 2990 que
174 2913 320 2990 tempore
335 2906 429 2989 signa
451 2906 520 2968 eius
543 2902 694 2967 militaria
717 2912 815 2989 atque
838 2926 929 2968 arma
945 2903 1076 2989 Capuae

95 3017 203 3072 essent
226 3029 417 3094 comprensa
439 3006 581 3071 familiae
603 3006 739 3093 Neapoli
762 3008 875 3091 missa,
900 3030 983 3095 quae
1006 3030 1076 3094 pro·

94 3110 250 3175 ditionem
283 3109 392 3196 oppidi
426 3119 614 3196 appararet,
649 3110 817 3196 patefactis
851 3111 988 3176 consiliis
1022 3133 1076 3174 ex-

94 3215 201 3279 clusus
225 3211 339 3300 Oapua
362 3223 395 3279 et
416 3213 596 3300 periculum
617 3215 758 3297 veritus,
788 3214 875 3298 quod
898 3223 1077 3278 conventus

95 3341 187 3382 arma
225 3328 357 3404 ceperat
393 3328 492 3403 atque
528 3339 602 3382 eum
646 3318 746 3384 hostis
782 3317 851 3382 loco
888 3316 1076 3381 habendum

95 3420 317 3504 existimabat,
353 3420 482 3486 consilio
510 3421 632 3486 destitit
660 3429 757 3506 atque
786 3442 824 3485 eo
858 3421 972 3485 itinere
1005 3440 1076 3484 sese

94 3527 221 3590 avertit.
