2376 3924
274 237 323 286 AD
343 237 442 287 CAES.
462 239 567 289 BELL.
585 239 688 293 GALL.
707 240 768 304 VH,
787 241 897 290 36-44.
979 239 1081 290 XXVII

101 441 272 491 comparum
290 426 437 476 verisimile
456 427 491 477 sit
506 426 629 477 homines
642 427 705 477 illos
718 429 753 478 ab
766 428 907 478 Litavicco
921 428 1080 478 subornatos

100 511 205 561 nullam
217 511 326 577 quidem
336 512 495 562 interfectae
505 513 657 563 nobilitatis
667 514 831 564 mentionem
845 514 950 576 fecisse,
960 515 1081 579 ineptum

99 613 165 647 vero
185 597 255 646 illud
273 613 407 661 narrasse,
426 599 532 662 equites
544 598 699 649 Aeduorum
717 600 788 650 hanc
801 600 835 650 ob
849 616 906 650 rem
924 600 1080 650 interfectos

99 698 169 746 esse,
189 682 262 748 quod
280 699 341 733 cum
359 685 489 734 Arvernis
508 684 637 735 collocuti
656 684 819 745 dicerentur,
839 691 869 735 ut
887 691 968 735 antea
986 687 1080 736 censui

100 768 274 819 scribendum
296 784 354 819 esse
379 769 483 836 equites
507 773 538 821 et
561 769 691 823 multos
714 770 880 823 Aeduorum
906 771 1078 836 interfectos,

99 853 174 921 quod
198 857 259 907 cett.
288 857 388 906 omissa
414 856 550 921 particula
575 860 610 908 et
636 856 726 907 locum
752 857 892 907 turbatum
919 873 988 920 esse,
1015 859 1078 907 olim

99 943 154 991 iam
173 942 273 990 monui

204 1043 227 1076 c.
240 1028 282 1087 40,
300 1028 330 1076 6:
348 1026 444 1079 Aedui
461 1043 563 1080 ‹neuuua
579 1028 691 1081 tendere
705 1026 723 1096 [
722 1028 891 1082 deditionem
904 1029 1080 1098 stultificure]

99 1117 126 1165 et
140 1111 278 1180 protectis
300 1111 388 1164 armis
411 1117 526 1165 utorteeu
550 1113 697 1180 deprecari
719 1112 886 1183 incipiunt]
911 1113 1080 1166 deditionem

98 1195 262 1266 styrte'ficure
274 1198 438 1263 adscriptum
453 1213 512 1248 esse
525 1199 560 1249 ad
574 1200 804 1266 interpretandam
818 1201 966 1251 dictionem
979 1215 1080 1253 ruuuuo

99 1282 214 1336 tendere
234 1291 307 1334 recto
325 1286 430 1334 monuit
449 1284 521 1335 Guil.
539 1285 616 1336 Paul.

203 1384 226 1419 c.
238 1370 280 1431 41,
294 1372 321 1418 l:
340 1369 485 1435 tribusque
496 1369 574 1422 horis
592 1368 737 1440 [teoctisffl
749 1372 841 1424 uoott's
857 1372 957 1423 seclusi
970 1379 1079 1424 auctore

98 1453 216 1506 Goelero
236 1449 331 1520 (Caes.
351 1454 422 1508 Gall.
440 1457 526 1521 Krieg
543 1458 580 1506 im
598 1456 624 1506 J.
644 1455 694 1518 52⁷,
714 1475 740 1522 p.
757 1458 810 1522 40).

202 1557 224 1590 c.
242 1541 285 1604 44,
303 1543 333 1590 3:
362 1541 477 1594 dorsum
496 1556 554 1594 esse
571 1541 632 1594 eius
650 1542 712 1610 tuot
736 1542 906 1596 siluestre
923 1549 954 1596 et
973 1559 1078 1613 auqu-

98 1632 206 1694 44444,
233 1627 292 1680 sed
318 1626 398 1680 bine
422 1642 532 1694 prope
558 1643 717 1696 aequum,
744 1634 894 1695 quaesout
917 1628 1016 1683 aditus
1040 1631 1079 1683 ad

98 1713 219 1765 alterum
242 1716 356 1780 partem
382 1711 505 1782 oppidi]
532 1714 573 1764 sic
595 1715 650 1764 iam
672 1717 701 1765 in
723 1717 813 1780 priore
840 1715 960 1766 editione
989 1717 1079 1767 locum

97 1799 319 1850 constituendum
338 1814 397 1850 esse
417 1801 521 1864 censui,
539 1817 600 1850 oum
619 1816 688 1867 quae
707 1801 770 1851 libri
793 1801 947 1852 habent-
965 1801 1080 1855 dorsum

96 1901 156 1938 eoae
175 1885 236 1938 etus
254 1884 316 1954 tuye'
330 1900 441 1953 prope
459 1901 616 1953 aequum,
643 1888 691 1937 sed
715 1887 806 1940 huuc
830 1887 1028 1940 silvestrem
1045 1893 1078 1941 et

97 1975 302 2040 anoustuut,
321 1986 378 2038 quc
395 1976 466 2024 esset
485 1971 584 2025 aditus
602 1976 665 2026 cett.
683 2000 718 2012 -
742 1973 844 2038 duplici
867 1973 992 2024 laborent
1011 1974 1077 2024 diffi-

97 2058 208 2110 cultate.
244 2060 359 2124 primum
388 2060 460 2109 enim
487 2059 577 2124 locus,
605 2061 650 2109 cui
677 2060 852 2110 vehementer
879 2063 975 2110 timere
1003 2059 1077 2111 Galli

97 2145 233 2207 dicuntur,
251 2145 291 2195 ita
303 2144 473 2208 describitur,
491 2152 522 2194 ut
533 2150 635 2195 metum
647 2161 756 2196 movere
774 2146 855 2211 plane
875 2162 928 2196 non
946 2147 1078 2210 potuerit3

96 2247 161 2282 nam
180 2247 240 2282 cum
258 2231 298 2280 ibi
322 2230 445 2280 silvestre
468 2236 495 2281 et
518 2237 663 2296 angustum
691 2236 763 2282 esset
789 2233 890 2297 iugum,
917 2232 965 2282 ubi
988 2231 1078 2282 aditus

97 2323 157 2368 erat
175 2317 210 2367 ad
229 2318 366 2383 oppidum,
385 2317 437 2367 hac
455 2319 516 2383 ipsa
533 2319 652 2368 naturali
676 2318 836 2369 condicione
859 2318 937 2368 locus
958 2321 1078 2370 munitus

97 2404 186 2454 videri
204 2404 331 2468 debebat,
348 2411 516 2470 nequeumt,
530 2421 578 2454 cur
590 2405 625 2454 ad
638 2421 699 2454 eum
712 2407 881 2470 potissimum
899 2405 1077 2455 muniendum

96 2490 304 2554 Vercingetorix
315 2488 410 2540 Gallos
423 2487 585 2556 Gergoviam
599 2491 774 2541 defendentes
793 2496 926 2543 evocaret.
944 2507 1033 2557 neque
1051 2492 1078 2541 id

96 2575 206 2641 placere
228 2580 325 2642 potest,
345 2575 417 2641 quod
442 2577 536 2643 iugum
557 2577 614 2626 fere
633 2593 686 2626 non
712 2578 765 2626 nisi
783 2577 824 2626 ibi
847 2577 972 2629 silvestre
994 2578 1078 2628 fuisse

97 2662 204 2725 dicitur,
224 2662 270 2712 uhi
289 2662 336 2712 ille
355 2662 391 2712 ad
410 2663 538 2728 oppidum
556 2663 646 2713 aditus
665 2670 750 2726 esset3
775 2665 913 2728 sequentis
937 2664 1010 2713 enim
1033 2678 1077 2712 ca·
1143 2715 1147 2726 ,

97 2748 161 2813 pitis
179 2748 270 2798 verbis
283 2750 307 2811 ς.
320 2750 350 2797 5:
371 2746 518 2814 ‘legionem
535 2764 618 2798 unam
636 2749 731 2799 eodem
749 2750 812 2814 iugo
832 2750 914 2799 mittit
926 2754 954 2799 et
965 2749 1077 2813 paulum

96 2849 266 2900 progressam
285 2833 413 2885 inferiore
431 2835 573 2884 constituit
594 2834 654 2884 loco
679 2832 854 2900 siluisque
877 2833 1025 2886 ocultot'
1043 2863 1077 2872 —

96 2924 189 2986 aperte
215 2920 424 2984 demonstratur,
448 2920 529 2970 etiam
557 2919 677 2970 infimum
704 2921 798 2986 iugum
832 2920 958 2970 silvestre
984 2920 1076 2973 fuisse.

96 3006 184 3056 altera
202 3005 299 3056 deinde
317 3005 463 3056 difficultas
482 3008 510 3055 in
524 3022 555 3057 eo
572 3008 661 3072 posita
679 3012 728 3067 est,
748 3007 819 3071 quod
837 3006 982 3057 Caesarem
1001 3005 1076 3058 dor·

95 3105 155 3144 aus
168 3091 318 3142 masculino
331 3106 430 3157 genere
444 3091 545 3142 dixisse
558 3092 721 3157 persuadere
735 3093 814 3142 nobis
826 3091 960 3142 iubemur.
974 3091 1076 3145 dorsus

95 3178 182 3228 forma
201 3177 312 3227 nonnisi
324 3178 352 3226 in
365 3177 571 3228 illoPlautinae
583 3177 679 3228 Militis
700 3179 760 3229 loco
780 3196 805 3229 v.
824 3180 888 3229 377:
912 3177 956 3230 uu
975 3177 1077 3232 dorsus

97 3268 173 3316 totus
182 3260 284 3331 prurit
296 3263 404 3313 obviam
416 3263 459 3323 fit3
479 3263 527 3313 sed
546 3281 606 3314 cum
619 3264 664 3314 hic
677 3280 740 3330 pars
758 3264 808 3315 illa
827 3266 947 3330 corporis
966 3264 1077 3315 humani

95 3347 271 3420 significetur,
295 3348 370 3400 nullo
389 3354 480 3399 autem
499 3351 638 3416 scriptoris
655 3350 716 3401 loco
736 3351 781 3401 vel
800 3351 969 3416 grammatici
988 3351 1077 3401 cuius·

95 3433 159 3484 dam
184 3435 339 3485 testimonio
366 3434 510 3499 probatum
539 3436 587 3498 sit,
622 3434 725 3488 dorsus
754 3435 870 3485 formam
896 3451 1015 3500 unquam
1043 3436 1077 3486 de

95 3519 228 3571 montium
245 3520 310 3586 iugo
330 3535 388 3572 esse
407 3526 572 3588 usurpatam,
596 3522 687 3572 taedet
704 3522 761 3572 iere
785 3527 903 3573 statuere
924 3523 1075 3584 Caesarem,
