2376 3924
401 231 511 282 nmnn
529 228 550 297 s,
569 230 647 283 cnr.
664 207 776 283 sa-s's.
1035 232 1079 297 25

97 423 209 490 locum
231 421 378 489 medium
401 423 577 508 utriusque
600 421 767 508 colloquio
784 421 966 506 deligeret:
989 421 1078 487 velle

97 550 171 593 sese
195 525 237 591 de
260 548 296 591 re
318 523 456 612 publica
472 536 506 592 et
522 527 658 592 summis
681 528 856 612 utriusque
878 526 979 592 rebus
1001 547 1078 593 cum

98 653 136 696 eo
152 651 264 715 agere.
287 629 331 694 Ei
347 629 511 714 legationi
527 628 721 696 Ariovistus
737 629 927 718 respondit:
950 633 979 696 si
989 630 1099 717 quida

96 736 162 823 ipsi
185 757 205 800 a
228 731 377 799 Caesare
400 755 483 819 opus
507 743 607 817 esset,
636 756 711 799 sese
733 733 779 799 ad
802 756 877 800 eum
899 743 1078 801 venturum

96 839 220 920 fuisse3
244 838 272 901 si
290 834 372 923 quid
388 835 445 901 ille
462 858 498 901 se
517 835 610 921 velit,
627 835 722 902 illum
737 835 782 902 ad
798 860 834 902 se
849 839 966 903 venire
981 860 1076 925 opor·

96 952 178 1008 tere.
201 942 384 1006 Praeterea
397 963 432 1006 se
457 962 565 1027 neque
584 942 657 1007 sine
670 943 822 1009 exercitu
838 944 872 1007 in
889 965 946 1008 eas
962 951 1098 1030 partesa

97 1044 233 1112 Galliae
270 1047 387 1112 venire
421 1044 561 1128 audere,
600 1067 683 1131 quas
712 1043 840 1112 Caesar
877 1045 1076 1132 possideret,

95 1172 205 1236 neque
229 1151 415 1216 exercitum
432 1151 503 1217 sine
519 1170 644 1234 magno
660 1160 848 1216 commeatu
865 1160 967 1237 atque
981 1150 1075 1216 moli·

95 1262 208 1319 mento
233 1255 267 1319 in
282 1276 385 1320 unum
401 1252 511 1319 locum
526 1253 729 1320 contrahere
743 1276 852 1341 posse.
878 1253 950 1320 Sibi
963 1263 1099 1319 antemi

95 1359 218 1423 mirum
239 1356 360 1441 videri,
389 1357 471 1444 quid
493 1359 528 1422 in
552 1380 613 1424 sua
637 1355 764 1442 Gallia,
794 1381 894 1445 quam
915 1357 1004 1424 bello
1028 1359 1076 1424 vi-

95 1461 218 1545 cisset,
252 1470 312 1526 aut
340 1458 479 1529 Caesari
513 1470 572 1527 aut
607 1462 741 1527 omnino
774 1461 897 1548 populo
925 1463 1076 1528 Romano

95 1566 225 1649 negotii
250 1573 350 1630 esset.

139 1667 191 1733 35.
225 1668 289 1733 His
318 1671 490 1755 responsis
520 1669 566 1737 ad
594 1668 777 1735 Gaesarem
805 1669 923 1736 relatis
957 1671 1078 1737 iterum

95 1771 143 1838 ad
173 1794 248 1837 eum
272 1772 402 1839 Caesar
424 1772 556 1859 legatos
586 1795 661 1839 cum
684 1774 738 1839 his
761 1772 932 1840 mandatis
955 1774 1077 1840 mittit:

96 1876 255 1962 quoniam
288 1884 384 1942 tanto
427 1899 486 1942 suo
520 1877 700 1964 populique
732 1878 875 1943 Romani
912 1874 1097 1945 beneficios

95 1979 254 2062 affectus,
284 2001 360 2046 cum
389 1982 423 2045 in
453 1980 631 2047 consulatu
655 2003 714 2047 suo
736 1997 799 2047 rex
822 1990 924 2065 atque
947 1981 1075 2045 amicus

95 2092 254 2175 asenatu
270 2083 462 2170 appellatus
486 2092 586 2168 esset,
609 2083 697 2150 hanc
722 2082 787 2150 sibi
810 2082 998 2170 populoque
1012 2084 1076 2149 Ro-

95 2210 195 2253 mano
208 2190 354 2272 gratiam
370 2189 522 2272 referret,
540 2197 576 2254 ut
592 2189 627 2253 in
643 2188 846 2275 colloquium
861 2188 977 2253 venire
992 2187 1076 2252 invi·

97 2299 190 2356 tatus
214 2301 416 2375 gravaretur
438 2313 546 2378 neque
569 2290 611 2357 de
639 2293 806 2358 communi
835 2313 872 2356 re
896 2289 1077 2357 dicendum

97 2392 163 2461 sibi
188 2405 222 2461 et
245 2394 518 2480 cognoscendum
540 2405 687 2482 putaret,
711 2396 796 2462 haec
814 2417 900 2479 esse,
924 2416 1009 2481 quae
1032 2392 1077 2460 ab

98 2522 137 2564 eo
160 2497 367 2586 postularet:
389 2499 543 2586 primum,
567 2522 609 2565 ne
633 2521 733 2585 quam
755 2498 1004 2566 multitudinem
1019 2498 1098 2564 hoa

97 2604 223 2670 minum
235 2601 378 2690 amplius
390 2611 485 2669 trans
497 2603 649 2669 Rhenum
662 2605 697 2669 in
705 2602 853 2669 Galliam
865 2601 1076 2684 traduceret,

99 2704 222 2771 deinde
245 2704 393 2790 obsides,
415 2728 499 2793 quos
521 2706 661 2773 haberet
686 2705 729 2773 ab
752 2705 891 2789 Aeduis,
919 2704 1077 2772 redderet

97 2808 329 2897 Sequanisque
343 2813 562 2896 permitteret,
586 2821 633 2895 ut,
657 2831 739 2897 quos
755 2809 806 2876 illi
821 2809 996 2893 haberent,
1019 2831 1075 2873 vo·

97 2912 228 2978 luntate
261 2914 333 2978 eius
368 2913 511 2980 reddere
545 2913 613 2979 illis
648 2913 784 2995 liceret,
822 2934 906 2979 neve
940 2910 1075 2978 Aeduos

97 3017 222 3082 iniuria
237 3015 430 3100 lacesseret,
453 3040 538 3084 neve
554 3015 606 3082 his
624 3018 790 3104 sociisque
815 3038 928 3082 eorum
950 3014 1076 3081 bellum

97 3120 247 3187 inferret.
279 3119 316 3186 Si
332 3119 368 3186 id
392 3122 440 3186 ita
464 3121 611 3205 fecisset,
635 3119 700 3187 sibi
718 3121 910 3208 'populoque
924 3121 1098 3187 Romanor

96 3234 295 3310 perpetuam
318 3225 465 3310 gratiam
488 3234 591 3311 atque
614 3227 801 3292 amicitiam
828 3248 903 3291 cum
926 3247 964 3290 eo
988 3225 1075 3292 futu-

98 3350 189 3393 ram:
214 3329 243 3393 si
267 3349 333 3394 non
349 3328 557 3415 impetraret,
577 3351 661 3414 sese,
681 3330 840 3416 quoniam
854 3328 899 3393 Μ.
916 3327 1076 3411 Messala,

96 3431 144 3497 Μ.
166 3431 289 3498 Pisone
312 3431 508 3499 consulibus
532 3442 670 3498 senatus
694 3434 892 3517 censuisset,
920 3433 981 3516 uti,
1004 3434 1075 3518 qui·

96 3556 241 3624 eumque
262 3533 414 3603 Galliam
433 3537 645 3624 provinciam
667 3535 851 3621 obtineret,
875 3535 964 3623 quod
986 3556 1074 3601 oom-
