2376 3924
114 224 178 290 320
416 222 525 275 anmi
543 224 797 277 meramnusrs

115 414 318 496 ficiscuntur,
354 413 441 499 quod
468 414 623 501 oppidum
650 437 771 500 magna
792 417 969 481 munitione
993 417 1089 481 conti·

114 516 263 600 uebatur,
301 519 347 582 sie
379 526 416 582 ut
447 520 517 604 ipse
549 518 637 584 loeus
667 541 732 584 non
760 519 864 585 solum
891 542 999 605 opere,
1033 519 1091 584 sed

115 623 213 685 etiam
240 631 357 686 natura
385 621 480 687 datus
503 621 546 687 ad
568 622 823 708 oppugnandum
844 622 972 688 hostem
994 646 1091 710 appa·

92 736 210 791 areret.
248 727 323 790 Huc
338 724 524 808 accedebat,
547 735 585 791 ut
606 747 691 812 aqua
713 736 943 813 praeterquam
964 728 998 790 in
1020 729 1090 812 ipso

115 829 233 915 oppido
256 825 354 915 [nam]
378 830 588 893 circumcirca
609 850 771 914 nusquam
793 832 991 916 reperiretur
1020 851 1091 916 pro·

115 935 187 1017 pius
209 932 296 996 milia
324 953 477 1017 passuum
500 950 581 1016 V1113
617 955 701 1018 quae
728 956 780 998 100
803 955 921 1018 magno
944 941 1016 998 erat
1037 933 1092 998 ad-

93 1038 256 1101 riumento
291 1035 468 1120 oppidania.
519 1037 605 1100 Tum
631 1046 800 1123 praeterea
829 1036 1022 1120 accedebat,
1056 1045 1093 1102 ut

115 1161 269 1222 aggerem
289 1188 380 1204 .....
399 1142 631 1225 materiesque,
661 1140 748 1205 unde
777 1140 860 1206 soliti
887 1149 963 1206 sunt
984 1149 1092 1206 turres

115 1247 136 1325 †
159 1245 227 1326 agi,
258 1244 388 1328 propius
417 1242 504 1307 milia
534 1265 688 1329 passuum
711 1262 746 1307 vl
769 1267 833 1309 uon
857 1243 1089 1330 reperiebatur.

115 1345 167 1410 Ac
189 1348 376 1432 Pompeius,
409 1349 447 1408 ot
474 1365 505 1410 se
533 1346 576 1411 ad
604 1346 713 1432 oppidi
743 1350 1017 1434 oppugnationem
1045 1357 1092 1412 tu·

115 1451 230 1514 tiorem
254 1450 413 1532 efficeret,
442 1473 569 1515 omnem
597 1452 766 1515 materiem
793 1453 915 1516 circum
938 1451 1091 1537 oppidum

94 1557 275 1624 ssuccisam
296 1557 380 1619 intro
397 1556 565 1639 congessit.
589 1554 641 1619 Ita
655 1556 837 1619 necessario
853 1553 1092 1620 diducebantur

115 1661 225 1741 nostri,
254 1668 290 1723 ut
311 1682 332 1724 a
353 1659 488 1741 Munda,
512 1661 778 1746 quamproxime
802 1668 963 1744 ceperant,
993 1666 1092 1723 mate·

115 1765 197 1827 riem
219 1761 270 1826 illo
293 1762 512 1848 deportarent.

200 1865 251 1928 42.
275 1866 364 1930 Dum
386 1866 469 1931 haec
492 1865 535 1930 ad
557 1866 716 1931 Mundam
739 1876 896 1951 geruntur
919 1874 952 1931 et
973 1867 1091 1932 Ursae

115 1991 206 2050 nem,
241 1968 377 2051 Caesar,
411 1969 454 2033 ad
475 1969 635 2054 Hispalim
663 1992 738 2034 cum
766 1970 914 2036 Gadibus
944 1992 979 2035 00
1006 1992 1093 2035 rece·

116 2073 231 2157 piaret,
265 2074 448 2156 insequenti
481 2071 532 2136 die
573 2074 720 2137 contione
758 2072 918 2138 advocata
956 2095 1092 2138 comme·

116 2184 236 2239 morat:
269 2176 358 2239 initio
389 2183 582 2259 quaesturae
611 2197 689 2240 suae
716 2198 789 2240 eam
819 2178 1021 2262 provinciam
1049 2200 1093 2242 ex

117 2277 265 2344 omnibus
295 2280 468 2364 provinciis
501 2278 562 2344 sibi
596 2280 791 2366 peculiarem
819 2282 1021 2344 constituisse
1050 2290 1092 2362 et,

117 2405 201 2469 quae
223 2385 379 2470 potuisset
401 2406 438 2449 eo
461 2394 616 2470 tempore,
645 2384 803 2449 beneficia
825 2384 976 2470 largitum
1005 2405 1092 2467 000ος

95 2489 298 2573 11000000011
320 2497 473 2574 praetura
495 2488 646 2573 ampliato
668 2488 790 2552 honore
805 2487 986 2574 vectigalia,
1010 2509 1094 2573 quae

116 2591 267 2657 Metellus
299 2594 517 2678 imposuisset,
552 2616 572 2657 a
605 2601 720 2657 senatu
753 2595 870 2678 petisse
904 2602 937 2657 et
969 2613 1008 2655 ea
1041 2613 1094 2676 pe·

117 2698 213 2761 cunia
256 2698 457 2783 provinciam
500 2695 668 2777 liberasse,
714 2695 872 2781 simulque
917 2697 1093 2782 patrocinio

118 2808 265 2885 suscepto
294 2798 401 2864 multis
431 2799 645 2884 legationibus
673 2798 715 2863 ab
744 2820 778 2862 se
807 2801 840 2863 in
868 2808 1016 2864 senatum
1048 2800 1094 2863 in-

119 2901 223 2967 ductis
256 2903 351 2966 simul
383 2902 520 2989 publicis
553 2905 752 2989 privatisque
782 2905 887 2967 causis
920 2900 1094 2966 multorum

97 3004 692 3091 111111110110010000110(1010011000
718 3027 785 3069 ‘suo
815 3007 893 3069 item
920 3008 953 3069 in
983 3026 1094 3070 oonsu-

118 3106 186 3172 latu
208 3107 390 3190 absentem,
415 3130 498 3193 quae
521 3110 693 3194 potuisset,
717 3109 886 3173 commoda
909 3110 1094 3194 provinciae

118 3211 286 3276 tribuisse:
324 3233 434 3275 corum
469 3211 612 3275 omnium
645 3211 887 3276 commodorum
920 3220 953 3275 et
986 3213 1094 3275 imme-

118 3336 227 3379 mores
261 3323 293 3379 et
325 3316 468 3398 ingratos
495 3316 529 3378 in
559 3335 593 3377 00
621 3322 655 3379 01
682 3316 714 3378 in
738 3314 891 3400 populum
912 3316 1095 3379 Romanum

96 3417 286 3482 4110010110
309 3426 342 3482 et
363 3419 538 3503 praeterito
560 3426 706 3503 tempore
729 3439 893 3501 cognosse.
920 3413 1003 3482 ‘Vos
1025 3419 1094 3480 iure

119 3523 265 3605 gentium
298 3522 480 3607 civiumque
513 3520 734 3587 Romanorum
769 3520 921 3583 institutis
959 3520 1095 3604 cognitis
