2376 3924
402 250 512 302 maun
530 251 565 316 u,
584 252 661 303 car.
680 252 755 307 a-s.
1024 253 1063 316 61

85 446 188 530 magis
217 444 417 509 confidamus
445 444 732 528 vehementiusque
762 452 1000 526 exterreamur3
1030 451 1085 507 ut.

84 557 154 612 tum
176 547 302 613 accidit.
347 545 519 612 Adventus
542 549 627 612 enim
650 547 689 610 L.
713 545 837 611 Nasidii
860 568 985 611 summa
1009 568 1065 632 spe

34 691 35 694 =
85 661 117 715 et
139 652 304 716 voluntate
333 654 498 717 civitatem
526 648 752 737 compleverat.
797 651 893 715 Nacti
915 650 1088 722 idoneum5

84 765 218 819 ventum
242 779 284 819 ex
306 765 402 841 portu
424 764 545 819 exeunt
568 765 600 819 et
615 757 820 837 Γ111110ὶὲ1111,Ι
836 754 923 839 quod
946 763 994 818 est
1017 778 1066 819 ca·

85 859 211 923 stellum
226 858 483 941 Massiliensium,
508 858 550 922 ad
565 858 735 922 Nasidium
750 859 944 944 perveniunt
958 857 1067 942 ibique

84 985 185 1026 naves
201 961 379 1047 expediunt
388 983 571 1046 ,rursusque
595 984 629 1025 se
645 961 687 1025 ad
703 961 942 1046 confligendum
957 963 1066 1025 animo

86 1066 278 1129 confirmant
311 1075 344 1129 et
372 1065 502 1130 consilia
533 1067 778 1129 communicant.
829 1065 959 1129 Dextra
992 1086 1067 1150 pars

85 1168 271 1234 attribuitur
293 1169 559 1251 Massiliensibus,
584 1171 713 1233 sinistra
735 1169 879 1233 Nasidio.

170 1271 199 1336 5.
224 1272 350 1337 Eodem
371 1274 493 1338 Brutus
522 1273 687 1337 contendit
720 1282 814 1338 aucto
847 1276 988 1349 navium,
1013 1295 1068 1337 nu-

84 1399 183 1440 mero.
227 1377 313 1441 Nam
336 1377 379 1441 ad
408 1399 473 1460 eas,
506 1399 589 1462 quae
611 1377 716 1442 factae
740 1387 833 1442 erant
855 1377 988 1442 Arelate
1011 1399 1069 1462 per

85 1478 275 1561 Caesarem,
311 1482 458 1565 captivae
486 1480 734 1545 Massiliensium
768 1490 972 1545 accesserant
999 1504 1066 1545 sex.

85 1584 155 1646 Has
190 1582 408 1669 superioribus
442 1583 556 1649 diebus
589 1585 750 1649 refecerat
783 1595 881 1669 atque
920 1583 1068 1649 omnibus

85 1687 183 1752 rebus
211 1689 420 1753 instruxerat.
464 1689 580 1774 Itaque
599 1710 673 1753 suos
696 1689 896 1772 cohortatus,
921 1711 1001 1774 quos
1023 1690 1089 1752 ina

84 1801 193 1877 tegros
221 1795 462 1879 superavissent
483 1803 520 1857 ut
540 1795 643 1857 victos
666 1801 924 1876 contemnerent,
955 1792 1068 1879 plenus

85 1898 153 1981 spei
185 1895 290 1961 bonae
323 1907 421 1982 atque
455 1899 552 1962 animi
581 1896 737 1962 adversus
767 1919 821 1963 eos
844 1897 1067 1982 proficiscitur.

84 1999 193 2064 Facile
216 2010 287 2065 erat
309 2023 352 2064 ex
386 2003 500 2065 castris
527 1999 563 2065 Ο.
593 1999 748 2065 Trebonii
782 2009 880 2085 atque
920 1999 1090 2065 omnibuse

84 2103 305 2188 superioribus
338 2104 416 2168 locis
446 2107 630 2190 prospicere
664 2107 697 2169 in
730 2105 861 2188 urbem,
895 2114 932 2169 ut
966 2106 1068 2168 omnis

84 2209 249 2290 iuventus,
284 2229 368 2292 quae
400 2206 536 2293 publicis
565 2207 718 2273 custodiis
746 2211 780 2272 in
803 2207 920 2294 oppido
943 2229 1068 2273 reman-

84 2319 181 2393 serat,
205 2331 380 2395 omnesque
404 2313 578 2397 superioris
601 2313 715 2377 aetatis
742 2334 816 2376 cum
838 2310 948 2375 liberis
971 2318 1069 2394 atque

83 2413 240 2479 uxoribus
274 2423 331 2478 aut
353 2436 371 2478 e
392 2436 485 2480 muro
513 2414 556 2480 ad
579 2415 705 2480 caelum
737 2437 852 2480 manus
886 2412 1066 2495 tenderent,

84 2528 140 2584 aut
173 2519 293 2606 templa
326 2519 463 2585 deorum
495 2520 723 2585 immortalium
761 2519 888 2584 adirent
925 2528 957 2582 et
994 2527 1068 2582 ante

84 2622 256 2688 simulacra
294 2626 427 2710 proiecti
460 2627 629 2689 victoriam
668 2623 710 2689 ab
745 2624 806 2688 diis
843 2631 1066 2708 exposcerent.

84 2727 198 2812 Neque
221 2737 292 2792 erat
314 2722 485 2813 quisquam
508 2730 660 2810 omnium,
684 2729 761 2812 quin
777 2728 810 2790 in
826 2728 894 2790 eius
910 2725 974 2789 diei
991 2746 1090 2789 casus

84 2853 217 2895 suarum
240 2833 383 2897 omnium
404 2832 608 2897 fortunarum
631 2840 784 2896 eventum
806 2832 980 2896 consistere
1003 2831 1068 2893 exi-

85 2937 240 2999 stimaret.
285 2936 370 3000 Nam
400 2945 433 3001 et
454 2935 581 3000 honesti
604 2959 648 3000 ex
668 2937 835 3000 iuventute
859 2944 892 3000 et
913 2936 1087 3020 cuiusques

84 3041 199 3103 aetatis
239 3039 425 3125 amplissimi
465 3041 654 3104 nominatim
687 3041 812 3105 evocati
846 3047 943 3125 atque
981 3039 1069 3104 obse-

84 3143 167 3204 crati
189 3165 290 3206 naves
313 3143 577 3227 conscenderant,
608 3152 653 3227 ut,
684 3142 815 3229 siquid
838 3142 968 3208 adversi
990 3144 1069 3206 acci·

85 3244 202 3329 disset,
236 3268 277 3310 ne
308 3246 351 3311 ad
381 3248 565 3312 conandum
588 3246 720 3333 quidem
743 3247 803 3312 sibi
827 3249 1001 3331 quicquam
1023 3267 1070 3308 re-

17 3350 19 3353 ’
84 3348 161 3433 liqui
183 3349 253 3413 fore
275 3350 440 3434 viderent,
471 3355 498 3416 si
528 3354 777 3438 superavissent,
807 3350 859 3414 vel
889 3349 1071 3424 domesticis

85 3453 199 3539 opibus
235 3453 289 3518 vel
326 3457 469 3518 externis
507 3455 635 3520 auxiliis
670 3454 710 3520 de
740 3454 842 3520 salute
877 3452 967 3517 urbis
999 3475 1070 3516 con·

84 3557 232 3622 fiderent.
292 3584 296 3591 ·
