2376 3924
99 219 234 268 LXXXVI
348 219 430 269 ADN.
451 217 542 294 CRI'IJ.
560 219 609 270 AI)
627 220 658 269 Β.
678 219 771 270 HISP.
789 222 831 270 41.

98 435 133 446 -
159 407 403 460 circumclusit
421 406 579 475 interclusi]
610 407 715 461 circum
745 422 774 460 se
802 407 952 462 irstcrciusi
984 411 1076 477 codd.;

98 501 160 559 post
178 493 368 547 circumclusit
386 494 513 545 lacunam
531 497 634 556 notavi,
653 511 714 545 curn
732 496 786 546 nisi
805 512 838 546 ex
852 495 1076 548 antecedentibus

95 579 273 646 praesidium
293 581 413 646 suppleri
432 597 510 646 posse
529 596 653 642 censeas,
682 582 819 632 obiectum
841 582 1017 634 desideretur.
1044 612 1075 620 -

98 666 148 714 ib.:
166 665 314 719 iutcrclusi
327 666 401 718 iuter
414 681 443 720 se
457 666 602 719 decerucrc
620 668 723 718 armis
742 675 927 734 coeperunt
945 675 977 718 et
994 667 1076 733 sactu

98 750 180 803 caede
198 751 263 803 berte
281 768 384 821 ulupuu
403 754 571 818 eruptionem
589 752 729 824 fuciunt]
766 753 855 807 ermis
878 758 1028 821 coeperunt
1049 759 1075 806 et

98 854 147 902 ego
161 839 292 905 supplevi.
320 838 495 906 cruptiortcm
513 857 545 890 ex
559 839 673 906 vulgata
691 841 809 890 lectione
829 842 936 891 retinui.
958 869 988 878 —
1009 844 1031 902 ξ,
1045 843 1075 891 2:

94 925 327 989 praetermittunt
341 923 458 995 ...ΑΒ
477 926 602 976 lacunam
624 928 730 976 notavit
747 928 861 977 Kraner.
880 955 913 964 -
931 927 981 976 ib:
1001 925 1075 992 quod

97 1008 233 1075 oppidum
259 1025 362 1078 mupmu
384 1010 539 1063 munitione
563 1010 771 1077 construebatur,
799 1010 840 1064 sic
863 1016 897 1063 ut
918 1011 979 1078 ipsc
997 1011 1074 1064 locus

96 1111 153 1147 recu
171 1096 260 1148 solum
278 1111 358 1162 opere
376 1095 424 1148 scd
443 1095 527 1148 etium
545 1100 654 1150 tratura
673 1096 780 1149 dutus
800 1096 839 1148 ud
852 1096 1074 1165 oppupmuudum

96 1182 199 1234 bostem
222 1198 240 1232 u
244 1197 265 1247 p
270 1180 442 1251 pareret]
462 1185 572 1234 uuturu
591 1182 677 1234 dutus
703 1183 799 1247 scripsi
817 1199 865 1248 pro
883 1186 993 1234 maturo
1011 1181 1074 1233 adi

97 1270 151 1318 ius.
183 1284 216 1317 ex
239 1268 254 1320 i
278 1269 368 1333 recepi
391 1272 556 1334 oppurerei‚·
583 1267 682 1333 reliqui
707 1267 770 1317 libri
795 1271 938 1334 appeteret
964 1267 1073 1318 hebent.

97 1352 260 1419 Oudendorp
280 1370 311 1402 ex
332 1353 463 1418 Scaligeri
482 1355 638 1404 coniectura
654 1354 808 1422 'scripserat
831 1352 872 1406 sic
894 1357 927 1405 ui
949 1352 1024 1406 locem
1045 1369 1073 1406 u.

95 1452 117 1490 s.
136 1453 159 1492 c.
178 1453 200 1493 s.
220 1455 240 1491 e.
258 1444 367 1492 uaturu
385 1439 504 1492 editus
524 1439 562 1492 ud
581 1454 604 1491 o.
622 1439 648 1490 b.
668 1439 828 1492 obverterit.
858 1441 956 1490 Dinter
974 1439 1072 1492 aditus

96 1527 215 1587 retinuit,
243 1532 270 1576 et
288 1525 430 1592 impediret
449 1543 496 1591 pro
515 1529 659 1592 appeteret
678 1527 794 1590 scripsit.
822 1525 986 1591 Nipperdey,
1005 1526 1072 1574 Kra-

95 1628 151 1673 ner,
165 1612 277 1662 Diibner
290 1612 419 1661 librorum
432 1613 517 1662 verbu
529 1611 680 1661 ediderunt.
697 1640 733 1649 -
751 1612 774 1672 ξ.
787 1612 817 1660 4;
836 1611 951 1661 lacunae
965 1611 1071 1676 signum

94 1702 156 1761 post
179 1712 304 1765 apperem
323 1703 350 1745 et
368 1697 537 1761 corruptelae
556 1702 618 1746 ante
643 1695 702 1763 api
723 1713 783 1745 cum
803 1695 967 1762 Nipperdeio
985 1697 1072 1761 posui.

93 1812 129 1821 -
145 1784 195 1832 ib.:
214 1799 247 1834 uc
259 1783 409 1850 Pompeius
427 1790 464 1833 nt
482 1800 515 1833 se
535 1782 573 1835 od
592 1782 714 1849 oppidi
732 1782 969 1851 oppupuatioucm
986 1782 1071 1835 tutio-

93 1882 151 1919 rem
167 1866 303 1937 efficeret]
322 1872 355 1920 ui
372 1883 401 1920 sc
419 1871 520 1919 inserui
533 1877 560 1919 et
578 1867 677 1935 oppidi
696 1885 742 1934 pro
762 1867 905 1936 oppidum,
924 1868 995 1934 quod
1009 1868 1072 1917 libri

94 1953 203 2016 hubent,
222 1956 325 2019 scripsi.
355 1956 437 2020 vulgo
456 1958 489 2007 ul
507 1953 608 2021 oppidi
626 1953 863 2023 cppupuutioucm
882 1953 1012 2008 tutiorem
1030 1953 1070 2019 ef-

93 2037 192 2103 ficeret.
224 2042 336 2101 Kronou
356 2057 433 2106 quem
454 2047 563 2091 secutus
582 2046 623 2091 est
640 2041 745 2104 Dinter,
770 2041 867 2091 edidit:
895 2054 971 2093 mam
989 2039 1070 2092 Pom-

90 2125 173 2191 peius
203 2130 241 2177 ut
271 2125 406 2192 oppidum
436 2125 474 2177 ab
505 2125 768 2194 oppupmutiouc
799 2125 914 2178 tutius
940 2124 1070 2191 efficeret.

93 2210 248 2277 Nipperdey
262 2219 288 2262 et
301 2213 413 2262 Diibner
425 2212 554 2262 librorum
568 2213 651 2262 verbu
665 2228 744 2262 cruce
761 2217 855 2262 notate
873 2218 1085 2278 expresserunt..
