2376 3924
451 222 528 272 eae.
547 223 658 274 es-ar.
757 221 761 227 ·
982 223 1043 289 189

67 415 251 498 gnitudine,
282 435 363 498 quas
385 415 528 500 integras
550 413 727 479 vulneratis
750 412 948 500 defessisque
971 415 1043 480 sub·
1072 496 1075 501 ι

67 515 201 598 iciebat,
230 525 263 580 et
285 519 528 602 perseverantia
556 519 800 602 constantiaque
824 518 1041 603 oppugnandi,

68 641 132 704 quo
155 619 207 683 die
230 629 279 684 est
301 642 489 705 aggressus,
525 622 558 684 in
587 642 679 684 suam
701 619 828 706 redegit
850 630 1042 707 potestatem

66 725 327 811 praesidiumque
338 725 382 790 ibi
393 746 487 790 suum
500 724 675 790 collocavit.
698 724 779 790 Inde
796 747 832 790 re
848 724 931 790 bene
951 735 1064 810 gestae

66 828 302 893 Alexandriam
323 827 366 894 ad
389 827 563 894 Caesarem
592 827 758 893 contendit
784 849 959 913 omnesque
988 850 1043 893 cas

65 935 224 1018 regiones,
247 955 306 1019 per
321 954 402 1018 quas
415 935 477 997 iter
500 931 649 1014 faciebat,
673 934 863 997 auctoritate
886 954 934 1014 ea,
959 954 1042 1017 quae

65 1036 255 1122 plerumque
278 1036 372 1101 adest
386 1037 511 1117 victori,
535 1042 670 1121 pacaret
692 1043 790 1121 atque
811 1038 846 1100 in
868 1037 1042 1101 amicitiam

65 1138 215 1205 Caesaris
237 1139 418 1224 redegerat.

150 1245 201 1308 27.
236 1245 344 1309 Locus
374 1251 423 1306 est
449 1241 518 1306 fere
546 1244 716 1326 regionum
737 1241 864 1307 illarum
886 1242 1040 1308 nobilissi-

63 1370 134 1411 mus
163 1370 229 1412 non
260 1350 306 1411 ita
334 1346 429 1430 longe
457 1345 499 1410 ab
522 1344 739 1427 Alexandria,
775 1348 830 1431 qui
856 1348 1041 1412 nominatur

64 1450 178 1533 Delta,
214 1449 302 1535 quod
329 1471 448 1513 nomen
474 1471 494 1513 a
522 1448 728 1513 similitudine
751 1447 877 1514 litterae
899 1452 1039 1535 accepit:

63 1578 139 1618 nam
167 1575 243 1640 pars
266 1552 428 1638 quaedam
455 1552 596 1616 fluminis
618 1551 682 1616 Nili
705 1551 853 1617 derivata
875 1548 970 1637 [inter
993 1549 1039 1637 se]

63 1656 189 1721 duobus
212 1655 380 1722 itineribus
402 1655 558 1742 paulatim
580 1656 722 1720 medium
745 1658 829 1721 inter
850 1679 884 1720 se
900 1659 1039 1743 spatium

62 1760 246 1846 relinquens
269 1761 487 1825 diversissimo
510 1759 553 1825 ad
575 1759 648 1824 litus
671 1759 839 1824 intervallo
862 1761 944 1824 mari
967 1782 1038 1825 con·

62 1866 214 1948 iungitur.
260 1863 321 1930 Oui
349 1864 418 1930 loeo
447 1886 521 1929 cum
543 1865 804 1951 appropinquare
826 1863 1060 1929 Mithridatem

61 1991 121 2032 rex
155 1971 358 2054 cognovisset
392 1977 424 2033 et
456 1968 690 2033 transeundum
719 1970 747 2031 ei
778 1967 900 2032 flumen
932 1969 1038 2052 sciret,

61 2095 196 2158 magnas
219 2074 377 2140 adversus
400 2095 474 2138 eum
497 2075 605 2159 copias
620 2073 716 2154 misit,
740 2071 857 2156 quibus
871 2069 924 2135 vel
946 2092 1037 2158 supe-

61 2179 127 2240 rari
155 2176 320 2263 delerique
347 2176 561 2243 Mithridaten
591 2174 644 2264 uel
676 2177 745 2240 sine
775 2174 873 2239 dubio
906 2177 1037 2240 retineri

60 2302 154 2365 posse
170 2281 333 2346 credebat.
370 2279 654 2364 Quemadmodum
676 2288 785 2345 autem
808 2278 941 2364 optabat
963 2299 1060 2344 eume

60 2386 157 2466 vinci,
180 2386 226 2448 sic
248 2386 326 2449 satis
353 2383 497 2449 habebat
524 2382 733 2449 interclusum
754 2406 774 2447 a
797 2381 937 2447 Caesare
960 2405 980 2446 a
1002 2405 1036 2448 se

60 2489 200 2551 retineri.
240 2489 334 2570 Quae
357 2490 480 2573 primae
504 2488 615 2574 copiae
637 2487 759 2551 flumen
780 2510 800 2551 a
813 2485 912 2551 Delta
933 2494 1058 2553 trans-4

59 2593 106 2653 ire
129 2601 162 2655 et
176 2591 358 2656 Mithridati
381 2613 551 2656 occurrere
573 2600 757 2677 potuerunt,
781 2590 938 2676 proelium
953 2614 1036 2656 com·

59 2695 217 2759 miserunt
242 2696 432 2761 festinantes
462 2696 647 2781 praeripere
677 2680 1036 2779 subsequentibusvic-

58 2800 160 2861 toriae
197 2801 392 2864 societatem.
449 2799 596 2882 Quorum
638 2800 794 2882 impetum
830 2796 1057 2863 Mithridatess

58 2923 177 2985 magna
193 2925 267 2966 oum
281 2903 454 2989 prudentia
476 2899 732 2988 [constantiaque
746 2902 904 2965 virtutum
919 2910 952 2967 et
962 2900 1035 2967 Ale-

57 3004 294 3071 xandrinorum
309 3002 537 3092 imprudentia]
553 3004 784 3070 consuetudine
800 3014 910 3070 nostra
922 3009 1035 3071 castris

58 3108 184 3174 vallatis
200 3112 366 3194 sustinuit;
391 3132 465 3175 cum
487 3131 565 3181 vero
588 3111 717 3175 incaute
740 3117 838 3195 atque
861 3110 1034 3175 insolenter

58 3213 231 3277 succedere
247 3235 301 3278 eos
316 3213 546 3279 munitionibus
557 3213 693 3298 videret,
709 3216 875 3299 eruptione
890 3213 1033 3298 undique

56 3318 143 3382 facta
179 3339 333 3403 magnum
366 3339 536 3382 numerum
570 3339 682 3383 eorum
714 3317 883 3384 interfecit.
937 3316 1054 3400 Quodc

57 3422 117 3484 nisi
132 3419 276 3485 locorum
291 3421 405 3485 notitia
427 3419 542 3505 reliqui
564 3443 599 3485 se
621 3421 780 3486 texissent
801 3423 984 3507 partimque
999 3423 1034 3485 in

55 3545 172 3607 naves,
202 3523 319 3609 quibus
342 3524 464 3588 flumen
486 3526 699 3606 transierant,
729 3526 942 3610 recepissent,
965 3524 1034 3590 fun·
