2376 3924
357 240 468 292 LIBER
487 240 560 303 VIII,
581 238 658 290 ΟΔΡ.
677 237 786 289 48-62.
999 239 1059 305 261

82 432 220 520 repulsa
237 430 396 497 Caesaris
420 432 614 497 decedentis
639 432 785 516 gratiam
801 431 991 498 convellere
1007 454 1061 498 cu-

81 536 231 626 piebant.
270 536 370 600 Hunc
394 537 457 600 etsi
482 557 644 619 augurem
666 538 759 621 prius
791 537 927 618 factum,
962 536 1082 621 quam³

83 640 220 709 Italiam
243 641 439 724 attingeret,
464 642 498 704 in
522 640 643 706 itinere
668 639 834 720 audierat,
858 649 972 703 tamon
995 662 1062 703 non

82 747 193 810 minus
222 744 346 807 iustam
377 742 442 807 sibi
472 764 613 808 causam
641 745 824 830 municipia
854 753 886 807 et
911 742 1061 808 colonias
1167 785 1171 791 -

84 847 232 914 adeundi
249 846 471 928 existimavit,
488 854 525 910 ut
542 846 583 911 iis
601 848 731 930 gratias
749 855 877 930 ageret,
894 846 984 933 quod
999 846 1062 911 fre·

83 951 255 1038 quentiam
268 959 370 1034 atque
382 946 530 1015 officium
538 972 633 1015 suum
644 948 792 1016 Antonio
800 952 1062 1036 praestitissent,

83 1055 248 1139 simulque
271 1076 307 1117 se
331 1063 364 1118 et
386 1053 546 1119 honorem
570 1078 667 1120 suum
690 1057 861 1141 sequentis
878 1057 959 1120 anni
975 1078 1084 1122 com-r

81 1158 268 1239 insudaret,
291 1166 469 1242 propterea
492 1156 581 1243 quod
604 1158 788 1225 insolenter
804 1159 993 1247 adversarii
1011 1162 1063 1224 sui

82 1262 311 1346 gloriarentur
331 1262 371 1328 L.
387 1261 570 1328 Lentulum
586 1272 619 1328 et
636 1261 673 1327 C.
690 1262 889 1328 Marcellum
906 1262 1062 1328 consules

82 1374 226 1446 creatos,
244 1368 300 1451 qui
317 1388 446 1431 omnem
461 1365 620 1431 honorem
638 1375 669 1431 et
687 1365 889 1448 dignitatem
903 1364 1062 1432 Caesaris
1079 1374 1082 1379 ’

83 1467 279 1554 spoliarent,
296 1480 447 1556 ereptum
465 1468 534 1534 Ser.
553 1467 685 1534 Galbae
703 1468 925 1552 consulatum,
943 1493 1017 1534 cum
1034 1472 1062 1534 is

82 1573 187 1639 multo
210 1572 286 1658 plus
309 1575 422 1658 gratia
440 1573 676 1659 suffragiisque
693 1571 868 1656 valuisset,
893 1573 982 1658 quod
997 1573 1063 1638 sibi
1165 1614 1168 1619 ·

82 1678 283 1742 coniunctus
313 1685 346 1741 et
377 1676 612 1741 familiaritate
642 1686 673 1739 et
704 1676 948 1741 consuetudine
971 1676 1062 1760 lega·

81 1781 184 1846 tionis
208 1789 306 1844 esset.

167 1881 219 1948 51.
235 1883 408 1968 Exceptus
426 1893 477 1948 est
489 1882 648 1949 Caesaris
664 1883 832 1948 adventus
849 1883 892 1950 ab
910 1884 1061 1949 omnibus

82 1989 275 2074 municipiis
288 1996 321 2052 et
334 1987 475 2053 coloniis
489 1987 680 2053 incredibili
692 1988 818 2054 honore
830 1998 1062 2074 atqueamore.

82 2092 167 2156 Tum
183 2093 327 2178 primum
344 2093 432 2156 enim
440 2091 599 2157 veniebat
612 2092 655 2157 ab
668 2091 727 2158 illo
739 2094 919 2157 universae
927 2091 1062 2157 Calliae

83 2194 181 2260 bello.
226 2195 319 2260 Nihil
342 2195 605 2283 relinquebatur,
629 2197 719 2283 quod
742 2196 787 2261 ad
811 2205 965 2262 ornatum
988 2218 1084 2281 por-2

82 2309 203 2383 tarum,
219 2301 387 2384 itinerum,
404 2299 554 2366 locorum
569 2301 726 2383 omnium,
743 2322 809 2386 qua
817 2298 946 2364 Caesar
954 2301 1060 2364 iturus

81 2413 165 2485 erat,
189 2404 379 2486 excogitari
401 2412 546 2488 poterat.
570 2400 653 2468 Cum
677 2402 794 2467 liberis
819 2405 926 2468 omnis
949 2402 1083 2469 multi-s

81 2506 163 2572 tudo
187 2506 321 2572 obviam
344 2508 560 2593 procedebat,
584 2508 716 2573 hostiae
733 2507 887 2572 omnibus
904 2507 988 2572 locis
1004 2508 1060 2572 im·

81 2611 307 2697 molebantur,
319 2612 480 2679 tricliniis
498 2615 616 2678 stratis
628 2613 701 2677 fora
714 2610 904 2697 templaque
917 2632 1059 2696 occupa·

81 2718 216 2799 bantur,
230 2726 267 2782 ut
278 2716 332 2782 vel
346 2715 755 2802 spectatissimitriumphi
767 2714 901 2780 laetitia
912 2717 1062 2803 praecipi

81 2831 205 2908 posset.
229 2821 341 2886 Tanta
358 2832 431 2887 erat
447 2820 702 2905 magnificentia
718 2819 806 2905 apud
824 2819 1061 2904 opulentiores,

81 2924 250 3010 cupiditas
275 2925 365 3010 apud
387 2924 594 2990 humiliores.
814 2995 817 3000 ,

165 3025 218 3092 52.
241 3026 325 3093 Cum
338 3051 451 3094 omncs
464 3029 619 3110 regiones
633 3025 769 3092 Calliae
782 3036 921 3112 togatae
935 3029 1062 3094 Caesar

80 3133 356 3218 percucurrisset,
380 3154 508 3198 summa
524 3131 701 3196 celeritate
724 3131 770 3196 ad
793 3134 980 3197 exercitum
997 3133 1060 3196 Ne-

79 3234 1061 3321 metocenuamrediitlegionibusquecxomnibushibernis

80 3338 125 3405 ad
140 3340 225 3405 fines
241 3339 464 3405 Treverorum
478 3340 628 3405 evocatis
642 3360 680 3404 eo
693 3340 864 3425 profectus
881 3347 932 3403 cst
948 3337 1062 3423 ibique

79 3445 268 3511 exercitum
292 3443 470 3509 lustravit..
486 3443 524 3507 T.
547 3441 737 3508 Labienum
763 3441 898 3508 Calliae
921 3451 1081 3525 togataea

78 3546 252 3633 praefecit,
276 3569 341 3633 quo
364 3547 491 3613 maiore
514 3547 806 3613 commendatione
823 3545 1062 3612 conciliaretur
