2376 3924
116 220 179 284 144
441 221 492 269 mr
511 219 631 271 111111
651 218 763 270 111111

114 411 275 474 maritima
304 409 466 494 Oricoque
494 408 661 473 discedere
691 408 797 492 nollet,
831 408 919 494 quod
948 409 1100 497 legiones

114 515 358 598 equitatumque
380 536 423 577 ex
445 513 539 578 Italia
561 522 775 600 exspectaret,
798 515 868 600 ipse
890 523 927 580 ut
942 514 1101 583 omnibus

115 618 213 702 copiis
235 617 414 682 Domitium
436 616 679 703 aggrederetur.

201 721 251 786 79.
281 723 342 787 His
380 721 421 786 de
458 723 564 786 causis
599 730 736 806 uterque
780 742 892 786 eorum
935 721 1100 789 celeritati

114 825 275 908 studebat,
310 833 342 888 et
364 826 430 890 suis
452 833 488 888 ut
510 833 595 888 esset
624 824 753 907 auxilio,
787 833 819 889 et
841 823 884 889 ad
912 828 1099 912 opprimen-

91 929 172 994 ²dos
194 929 399 994 adversarios
421 951 462 992 ne
485 930 644 992 occasioni
672 930 825 1013 temporis
844 928 980 993 deesset.
1029 931 1099 997 Sed

114 1032 289 1098 Caesarem
325 1030 497 1117 Apollonia
535 1055 555 1097 a
592 1031 714 1097 directo
758 1035 872 1097 itinere
909 1043 1097 1120 averterat,

113 1137 287 1221 Pompeius
310 1157 367 1220 per
390 1133 592 1200 Candaviam
615 1138 675 1200 iter
697 1138 730 1200 in
745 1135 973 1201 Macedoniam
996 1160 1098 1225 expe-

62 1239 391 1305 1³ditumhabebat.
437 1239 585 1305 Accessit
607 1242 705 1304 etiam
732 1262 775 1304 ex
802 1242 975 1326 improviso
1006 1241 1111 1309 aliud,

114 1345 363 1428 incommodum,
397 1344 484 1429 quod
518 1345 690 1427 Domitius,
725 1347 779 1429 qui
809 1344 878 1408 dies
912 1346 1098 1432 complures

115 1451 228 1513 castris
258 1450 415 1535 Scipionis
448 1457 557 1514 castra
591 1448 706 1514 collata
738 1447 913 1531 habuisset,
948 1451 996 1514 rei
1030 1450 1098 1516 fru-

114 1556 291 1618 mentariae
329 1575 427 1618 causa
466 1552 509 1616 ab
543 1574 580 1617 eo
615 1552 807 1617 discesserat
841 1562 874 1617 et
904 1552 1097 1620 Heracliam

115 1654 311 1743 [Senticam],
336 1678 419 1742 quae
435 1667 485 1722 est
501 1656 646 1722 subiecta
662 1656 859 1740 Candaviae,
882 1659 945 1722 iter
957 1657 1096 1743 fecerat,

113 1772 150 1826 ut
182 1764 252 1847 ipsa
285 1761 414 1825 fortuna
446 1759 536 1825 illum
569 1759 696 1825 obicere
729 1761 882 1846 Pompeio
914 1759 1095 1827 videretur.

92 1866 206 1929 rHaec
229 1862 272 1928 ad
293 1862 327 1927 id
349 1871 476 1949 tempus
500 1862 621 1928 Caesar
643 1863 822 1947 ignorabat.
847 1863 949 1930 Simul
963 1887 984 1930 a
1000 1865 1096 1931 Pom·

114 1970 185 2053 peio
215 1967 327 2032 litteris
362 1990 420 2053 per
454 1988 564 2031 omnes
598 1968 780 2052 provincias
813 1969 1025 2054 civitatesque
1050 1968 1096 2035 di·

114 2073 218 2136 missis
241 2070 360 2156 proelio
383 2070 426 2137 ad
448 2069 692 2155 Dyrrhachium
714 2070 800 2136 facto
822 2069 917 2136 latius
938 2071 1096 2140 inflatius·

113 2198 176 2261 que
198 2174 308 2257 multo,
332 2196 430 2260 quam
451 2196 504 2238 res
526 2183 597 2239 erat
618 2183 719 2258 gesta,
742 2175 830 2239 fama
851 2172 1095 2262 percrebuerat,

114 2278 241 2365 pulsum
285 2278 398 2365 fugere
433 2276 607 2344 Caesarem
652 2300 755 2364 paene
800 2278 948 2344 omnibus
993 2283 1095 2368 copiis

114 2385 256 2467 amissis3
295 2383 378 2449 haee
400 2384 516 2447 itinera
537 2382 656 2448 infesta
677 2381 875 2466 reddiderat,
912 2383 996 2450 haee
1018 2387 1094 2451 eivi-

91 2496 197 2553 511111
226 2486 396 2552 nonnullas
418 2485 461 2551 ab
484 2488 553 2550 eius
576 2487 717 2550 amicitia
739 2485 917 2552 avertebat
963 2486 1095 2571 Quibus

115 2590 233 2656 accidit
254 2590 363 2674 rebus,
397 2600 434 2655 ut
455 2588 601 2676 pluribus
630 2588 752 2654 dimissi
779 2589 949 2656 itineribus
970 2613 992 2656 a
1013 2589 1095 2658 011

115 2717 187 2759 sare
210 2694 253 2759 ad
275 2696 455 2760 Domitium
478 2703 511 2758 et
533 2717 553 2759 a
576 2695 719 2758 Domitio
742 2693 785 2758 ad
807 2691 983 2759 Caesarem
1004 2694 1096 2761 nulla

91 2800 238 2862 oratione
282 2800 343 2862 iter
388 2797 547 2862 conficere
590 2804 730 2882 possent.
777 2796 843 2863 Sed
887 2794 1094 2884 Allobroges,

113 2899 249 2964 Roucilli
283 2910 380 2985 atque
413 2902 476 2987 Egi
509 2901 692 2983 familiares,
728 2921 808 2985 quos
842 2901 1022 2989 perfugisse
1050 2901 1096 2969 ad

113 3003 303 3088 Pompeium
347 3003 649 3087 demonstravimus,
696 3006 870 3090 conspicati
907 3007 941 3070 in
976 3007 1095 3073 itinere

113 3106 335 3192 exploratores
357 3108 501 3190 Domitii,
531 3129 589 3172 seu
611 3109 746 3194 pristina
769 3130 828 3173 sua
849 3108 1094 3195 consuetudine,

114 3197 201 3296 quod
222 3233 289 3276 una
311 3213 345 3274 in
367 3209 474 3275 Gallia
495 3209 580 3275 bella
602 3222 779 3297 gesserant,
814 3234 871 3278 seu
893 3211 996 3299 gloria
1016 3213 1096 3281 elati

114 3324 240 3398 cuneta,
264 3324 301 3380 ut
323 3324 417 3380 erant
439 3322 522 3397 aeta,
552 3326 773 3402 exposuerunt
794 3325 828 3381 et
850 3314 1095 3405 (1111111111-

92 3420 285 3484 afectionem
307 3428 339 3484 11
361 3418 539 3484 adveutum
560 3420 693 3507 Pompei
714 3421 903 3487 docuerunt.
926 3419 960 3487 A
974 3420 1096 3509 quibus

114 3525 277 3589 Domitius
300 3526 418 3589 certior
445 3524 551 3592 faetus
573 3527 631 3590 vix
653 3541 708 3592 ΠΠ
730 3525 884 3592 horarum
911 3527 1017 3615 spatie
1037 3548 1059 3585 ι
1084 3522 1087 3525 ’
