2376 3924
390 239 501 290 mana
518 240 568 304 n1,
587 239 664 291 cnr.
682 241 793 291 ta-to.
1015 240 1075 306 125

93 434 228 497 navium
249 453 402 496 numerus
425 429 647 512 conveniebat,
671 452 754 517 quae
775 440 989 497 commeatum
1005 453 1077 518 sup-

95 544 277 622 portarent,
310 558 416 623 neque
448 535 530 602 ullus
563 535 643 600 flare
677 544 792 601 ventus
825 545 965 622 poterat,
999 537 1076 622 quin

95 640 203 724 aliqua
231 661 274 704 ex
302 650 394 726 parte
421 638 600 706 secundum
629 661 759 704 cursum
788 637 955 703 haberent.
1001 640 1096 726 Ipsos

96 753 205 807 autem
234 744 430 829 consumptis
459 742 607 808 omnibus
633 742 728 828 longe
757 743 885 828 lateque
907 742 1075 808 frumentis

96 848 228 911 summis
251 856 322 912 erat
343 849 376 911 in
398 848 563 933 angustiis.
601 846 666 913 Sed
689 856 797 911 tamen
819 846 901 911 haec
923 847 1078 934 singulari

96 953 252 1036 patientia
269 950 384 1015 milites
399 950 557 1015 serebant.
581 949 850 1016 Recordabantur
865 952 950 1016 enim
963 950 1099 1018 eudemo

96 1076 130 1117 se
160 1054 325 1139 superiore
359 1076 443 1118 anno
473 1054 505 1117 in
533 1053 692 1138 Hispania
721 1075 889 1140 perpessos
913 1053 1023 1120 labore
1045 1064 1078 1120 et

96 1158 251 1242 patientia
283 1146 462 1223 marimum
489 1156 609 1222 bellum
641 1157 831 1239 confecisse,
865 1161 1078 1224 meminerant

96 1260 139 1324 ad
169 1260 311 1325 Alesiam
339 1282 491 1346 magnam
520 1282 554 1326 se
586 1261 728 1347 inopiam
761 1284 944 1348 perpesso,
978 1262 1077 1328 multo

96 1367 195 1429 etiam
224 1365 379 1428 maiorem
402 1363 444 1428 ad
466 1363 662 1445 Avaricum,
695 1367 912 1429 maximarum
926 1368 1078 1455 ‚gentium

97 1470 238 1533 victores
271 1466 464 1531 discessisse.
509 1467 597 1550 Non,
632 1467 691 1532 illis
725 1468 884 1534 hordeum
917 1491 990 1534 cum
1024 1469 1099 1534 dat

97 1579 203 1652 retur,
233 1592 298 1634 non
321 1569 483 1655 legumina
504 1569 714 1654 recusabant;
745 1594 844 1657 pecus
866 1594 958 1653 vero,
989 1572 1078 1636 ouius

98 1674 146 1738 rei
175 1694 300 1737 summa
329 1680 399 1736 erat
421 1695 464 1736 ex
485 1673 585 1758 Epiro
613 1675 720 1759 copia,
748 1696 868 1761 magno
896 1675 929 1740 in
957 1675 1078 1742 honore

97 1774 274 1841 habebant.

182 1881 233 1945 48.
271 1882 332 1946 Est
360 1885 470 1946 autem
496 1904 599 1967 genus
627 1883 746 1948 radicis
776 1885 943 1949 inventum
965 1882 1007 1948 ab
1029 1884 1078 1967 iis,

98 1986 153 2068 qui
186 1985 316 2051 fuerant
345 2036 351 2048 .
378 2036 384 2051 .
410 2037 416 2050 .
447 1986 563 2051 val
589 2037 596 2050 .
620 1985 744 2068 eribus,
779 1986 866 2073 quod
900 1987 1080 2073 appellatur

98 2087 206 2172 chara,
230 2090 316 2174 quod
332 2090 513 2155 admixtum
529 2090 611 2155 lacte
626 2089 762 2156 multum
776 2092 917 2178 inopiam
931 2091 1071 2158 levabat.

97 2191 137 2257 Id
175 2192 217 2256 ad
250 2193 489 2259 similitudinem
535 2197 628 2280 panis
661 2193 853 2260 efficiebant.
898 2195 977 2259 Eius
1011 2205 1081 2261 erat

98 2319 217 2381 magna
240 2299 341 2381 copia.
386 2298 440 2361 Ex
462 2297 523 2361 hoo
546 2299 676 2362 effectos
699 2320 809 2384 panes,
834 2319 908 2362 cum
931 2299 964 2360 in
987 2297 1102 2363 collo-a

100 2402 182 2485 quiis
198 2401 387 2484 Pompeiani
408 2400 528 2464 famem
551 2403 669 2466 nostris
693 2399 903 2483 obiectarent,
926 2399 1025 2485 vulgo
1046 2402 1080 2464 in

100 2526 154 2567 eos
178 2501 349 2584 iaciebant,
371 2512 408 2567 ut
430 2507 654 2589 apameorum
677 2505 868 2568 minuerent.
925 2546 927 2550 -

184 2606 236 2670 49.
271 2607 408 2692 Iamque
437 2607 601 2672 frumenta
628 2616 846 2671 maturescere
872 2607 1080 2693 incipiebant,

99 2720 196 2796 atque
226 2710 296 2794 ipsa
318 2731 391 2795 spes
413 2712 555 2796 inopiam
577 2708 796 2792 sustentabat,
826 2710 913 2795 quod
935 2711 1081 2776 celeriter

99 2836 133 2878 se
155 2811 322 2877 habituros
351 2814 476 2899 copiam
505 2813 727 2896 confidebant3
762 2813 962 2900 crebraeque
983 2838 1100 2880 vocese

98 2915 235 2980 militum
262 2915 296 2979 in
316 2915 433 3002 vigiliis
462 2916 691 3003 colloquiisque
724 2917 956 3002 audiebantur,
992 2922 1080 3005 prius

99 3043 133 3085 se
157 3022 275 3084 cortice
307 3018 550 3086 ex'arboribus
570 3021 730 3105 victuros,
764 3043 863 3108 quam
891 3023 1081 3110 Pompeium

99 3120 291 3186 emanibus
317 3121 515 3189 dimissuros.
560 3123 718 3189 Libenter
746 3127 843 3189 etiam
872 3148 915 3189 ex
937 3127 1081 3213 perfugis
1093 3147 1103 3181 a

99 3224 339 3312 cognoscebant
371 3246 471 3311 equos
504 3247 617 3292 eorum
648 3227 794 3312 tolerari,
839 3229 963 3314 reliqua
1002 3252 1081 3295 vero

97 3331 242 3394 iumenta
264 3329 427 3412 interisse;
462 3331 520 3395 uti'
542 3339 652 3396 autom
683 3333 772 3418 ipsos
805 3330 990 3396 valetudine
1019 3354 1083 3398 non

98 3433 199 3517 bona,
232 3456 307 3499 cum
335 3432 584 3519 angustiisloei
604 3443 645 3501 et.
658 3434 758 3502 odore
787 3444 893 3501 taetro
915 3456 959 3499 ex
980 3434 1082 3501 mulu'·

98 3537 210 3602 tudine
243 3537 442 3603 cadaverum
474 3545 509 3604 et
540 3536 721 3620 cotidianis·
741 3535 910 3605 laboribus
928 3539 1082 3613 insuetos
