2376 3924
190 982 509 1094 Bainun
546 928 1091 1093 Hrsruurausn

553 1218 705 1230 ..-

483 1374 774 1431 ARGUMENTUM.

142 1498 183 1569 [Α.
196 1500 228 1552 U.
244 1498 273 1549 0.
288 1498 347 1550 tos.
361 1495 430 1566 toa]
463 1497 593 1548 Collectis
611 1498 837 1562 Pompeianarum
857 1498 974 1564 partium
993 1497 1120 1564 reliquiis

176 1584 340 1650 auxiliisque
360 1589 387 1635 et
404 1584 531 1650 precibus
551 1588 578 1635 et
595 1586 624 1633 vi
643 1585 806 1649 comparatis
820 1584 867 1634 Cn.
881 1585 1027 1650 Pompeius
1045 1584 1120 1636 filius

175 1673 203 1721 in
223 1671 359 1736 Hispania
382 1671 511 1721 ulteriore
530 1670 618 1721 denuo
643 1669 744 1720 bellum
764 1676 858 1720 contra
877 1670 1021 1721 Caesarem
1040 1677 1122 1736 parat
1176 1676 1184 1683 '

176 1774 197 1807 c.
218 1760 241 1807 1.
262 1757 362 1806 Caesar
387 1761 511 1820 quartum
535 1756 630 1805 consul
655 1760 760 1805 oreatus
784 1756 817 1804 ad
837 1755 989 1806 Cordubam
1012 1755 1121 1825 profici-

175 1843 267 1903 scitur,
287 1856 367 1906 quam
388 1841 461 1890 Sext.
479 1840 626 1905 Pompeius
645 1845 805 1905 occupatam
824 1841 936 1891 tenebat
954 1857 977 1892 c.
989 1844 1019 1906 23
1037 1842 1121 1894 Uliae

176 1927 210 1977 ab
232 1927 279 1976 Cn.
299 1926 428 1990 Pompeio
453 1926 582 1975 obsessae
605 1927 772 1990 tempestatis
796 1925 929 1977 beneficio
952 1928 1119 1992 praesidium

174 2012 296 2062 immittit
314 2027 337 2060 c.
356 2011 380 2072 3,
399 2011 458 2076 ipse
477 2011 630 2061 Cordubam
650 2011 815 2076 aggreditur.
834 2012 892 2062 Iam
911 2012 1002 2064 fratris
1020 2013 1120 2065 litteris

175 2098 321 2148 arcessitus
341 2094 389 2145 Cn.
402 2095 555 2161 Pompeius,
574 2096 655 2146 llliae
675 2097 832 2146 obsessione
850 2097 962 2148 dimissa
974 2113 998 2148 c.
1010 2099 1035 2161 4,
1050 2098 1118 2150 Cae-

176 2183 231 2235 sari
249 2183 348 2232 flumen
367 2181 473 2231 Baetim
492 2186 694 2247 transgressum
714 2183 838 2232 occurrit.
866 2181 934 2233 Cum
954 2183 1049 2233 crebro
1068 2200 1121 2235 nec

176 2275 266 2320 tamen
286 2266 343 2317 ullo
362 2272 462 2317 eventu
481 2273 553 2318 esset
569 2273 729 2334 pugnatum,
759 2267 860 2318 Caesar
882 2274 965 2319 noctu
983 2269 1120 2335 Ateguam

176 2357 254 2422 signa
277 2363 376 2420 movet,
403 2369 519 2421 eumque
542 2355 695 2421 insequitur
719 2354 865 2420 Pompeius
890 2371 913 2404 c.
931 2355 954 2405 5.
974 2357 998 2409 6.
1023 2355 1121 2408 Castra

175 2448 289 2509 uterque
307 2443 434 2494 muniunt
452 2441 487 2493 ad
504 2441 604 2491 flumen
624 2441 731 2491 Salsum
750 2442 778 2491 in
802 2441 871 2493 locis
895 2441 929 2492 ad
951 2440 1054 2493 bellum
1074 2459 1121 2509 ge·

175 2529 288 2579 rendum
307 2530 423 2580 maxime
442 2533 540 2579 natura
557 2526 664 2578 idoneis
683 2543 706 2578 c.
726 2529 750 2577 t.
768 2529 793 2578 8.
811 2528 958 2593 Pompeius
977 2530 1120 2581 castellum

175 2614 311 2679 quoddam
325 2614 451 2666 Caesaris
469 2614 580 2665 adortus
599 2613 741 2678 repellitur
760 2630 782 2664 c.
795 2615 826 2675 93
843 2614 926 2680 paulo
943 2621 1006 2681 post
1022 2619 1121 2668 castris

174 2702 294 2751 incensis
322 2699 475 2752 Cordubam
503 2700 644 2750 contendit
671 2717 694 2749 c.
715 2701 754 2750 10.
784 2699 934 2767 Capiuntur
958 2718 975 2752 a
994 2701 1122 2754 Caesaris

176 2786 312 2851 equitibus
336 2787 458 2838 homines
486 2791 665 2838 commeatum
684 2803 717 2837 ex
735 2787 833 2852 oppido
851 2789 879 2837 in
898 2789 1011 2854 Pompei
1029 2794 1122 2842 castra

175 2877 316 2937 portantes
329 2887 351 2920 c.
366 2874 406 2921 11.
426 2872 563 2938 Oppidani
576 2878 750 2938 erumpentes
768 2873 938 2939 repelluntur
950 2890 972 2924 c.
988 2877 1028 2924 12.
1040 2875 1121 2925 Pom·

174 2957 253 3023 peius
272 2961 361 3007 castra
380 2958 530 3008 munitione
549 2974 609 3008 cum
628 2958 740 3010 flumine
755 2958 833 3010 Salso
846 2960 995 3026 coniungit.
1014 2959 1119 3013 Caesar

175 3043 308 3108 Ateguam
327 3058 485 3109 oppugnare
503 3045 606 3110 pergit;
624 3046 757 3110 imprimis
779 3047 922 3097 tormentis
947 3046 1054 3097 eminus
1070 3063 1122 3113 pu·

175 3134 274 3194 gnatur
291 3145 314 3179 o
336 3129 375 3179 13.
393 3129 539 3194 Pompeius
557 3136 633 3181 trans
652 3132 753 3181 flumen
772 3131 881 3182 Salsum
900 3132 1043 3183 castellum
1056 3150 1120 3184 con-

175 3215 278 3273 stituit3
301 3215 405 3280 proelio
424 3217 546 3281 equestri
563 3216 635 3266 facto
653 3217 813 3283 Pompeiani
832 3218 1011 3270 Caesarianos
1030 3219 1120 3286 repel-

175 3300 249 3360 lunt;
273 3300 371 3352 deiude
390 3300 514 3352 adductis
537 3303 572 3351 ab
592 3301 710 3353 Caesare
733 3304 842 3355 auxiliis
865 3305 962 3355 cedere
986 3312 1122 3371 coguntur

176 3403 198 3440 o.
219 3387 260 3440 lt.
278 3386 354 3449 Quae
373 3389 410 3439 sit
427 3387 525 3454 proelii
543 3389 677 3456 equestris
696 3391 774 3455 ratio,
793 3392 944 3456 exponitur.
955 3391 1038 3442 Brevi
1049 3397 1121 3458 post,

173 3487 234 3525 oum
247 3471 282 3525 ad
295 3489 401 3526 murum
419 3479 613 3542 pugnarantur,
632 3475 760 3541 oppidani
771 3475 901 3542 hospites,
919 3478 967 3542 qui
977 3478 1006 3528 iu
1019 3478 1120 3546 oppido
