2376 3924
363 233 475 289 nisan
492 233 553 302 vn,
583 238 659 289 cnr.
680 237 789 288 u-rr.
996 235 1059 299 219

188 427 238 493 76.
253 428 363 492 Huius
388 449 489 514 opera
513 426 663 509 Commii,
680 435 716 492 ut
733 435 834 492 antea
852 425 1058 492 demonstra-

78 534 202 615 vimus,
214 532 307 598 fideli
320 542 421 619 atque
433 532 509 598 utili
527 531 754 617 superioribus
773 533 871 596 annis
889 539 962 596 erat
978 553 1058 596 usus

78 637 115 702 in
141 637 321 702 Britannia
345 634 493 720 Caesar3
516 636 636 721 quibus
660 635 719 701 ille
741 657 800 722 pro
824 635 954 700 meritis
977 635 1058 699 eivi-

78 749 188 806 tatcm
211 743 282 806 eius
306 743 484 806 immunem
509 763 583 805 esse
613 741 768 822 iusserat,
797 740 871 803 iura
898 737 1059 823 legesque

78 844 280 910 reddiderat
303 853 404 930 atque
427 844 492 928 ipsi
515 843 664 908 Morinos
689 842 903 908 attribuerat.
931 841 1080 906 Tamen²

77 955 180 1014 tanta
193 949 372 1013 universae
389 945 524 1013 Galliae
539 947 716 1012 consensio
729 947 792 1012 fuit
805 945 975 1012 libertatis
987 947 1058 1009 vin-

80 1051 251 1117 dicandae
275 1059 308 1116 et
331 1052 496 1138 pristinae
511 1049 595 1116 belli
611 1049 722 1115 laudis
743 1049 1006 1135 recuperandae,
1022 1057 1058 1114 ut

78 1176 191 1240 neque
213 1153 386 1220 beneficiis
402 1176 510 1240 neque
526 1156 697 1221 amicitiae
714 1156 872 1219 memoria
887 1175 1058 1218 moveren-

79 1268 148 1342 tur,
172 1280 352 1344 omnesque
376 1267 409 1322 et
432 1258 543 1324 animo
569 1268 602 1323 et
619 1257 737 1343 opibus
755 1260 789 1322 in
813 1257 848 1322 id
868 1257 994 1323 bellum
1010 1259 1059 1321 in-

79 1359 288 1427 cumberent.
311 1361 448 1428 Coactis
466 1362 614 1447 equitum
630 1379 694 1425 vru
709 1360 843 1426 milibus
861 1371 895 1426 et
909 1361 1081 1446 peditum³

81 1466 220 1532 circiter
228 1482 302 1550 coh,
309 1465 392 1531 haec
399 1467 434 1530 in
441 1464 633 1531 Aeduorum
647 1465 771 1530 finibus
785 1464 1059 1546 recensebantur,

80 1566 1058 1655 numerusqueinibatur,praefecticonstituebanturcom-

81 1675 150 1739 mio
174 1672 342 1756 Atrebati,
366 1673 580 1739 Viridomaro
611 1683 644 1738 et
673 1673 896 1759 Eporedorigi
920 1671 1058 1753 Aeduis,

79 1776 402 1844 Vercassivellauno
426 1776 591 1862 Arverno,
614 1777 815 1844 consobrino
838 1778 1058 1859 Vercingeto-

81 1882 177 1965 rigis,
203 1903 331 1947 summa
355 1883 485 1966 imperii
510 1882 666 1947 traditur.
690 1882 754 1947 His
773 1881 895 1946 delecti
919 1904 961 1946 ex
977 1880 1080 1944 civi-⁴

80 1983 210 2050 tatibus
223 1983 465 2068 attribuuntur,
478 2006 617 2070 quorum
629 1984 904 2050 consiliobellum
916 1984 1059 2050 admini-

80 2096 258 2154 straretur.
272 2088 398 2154 Omnes
411 2088 543 2154 alacres
557 2098 590 2154 et
602 2087 845 2174 fiduciaepleni
857 2087 1080 2154 adAlesiams

78 2193 351 2280 proficiscuntur,
373 2214 483 2278 neque
506 2200 578 2257 erat
610 2193 756 2257 omnium
786 2194 972 2278 quisquam,
1002 2192 1080 2276 quic

80 2304 257 2382 aspectum
279 2295 377 2362 modo
401 2305 520 2361 tantae
535 2295 762 2361 multitudinis
785 2297 943 2361 sustineri
959 2316 1059 2380 posse

79 2399 317 2483 arbitraretur,
340 2401 541 2485 praesertim
571 2401 714 2484 ancipiti
743 2399 881 2486 proelio,
913 2420 987 2463 cum
1016 2421 1059 2463 ex

83 2502 207 2590 oppido
232 2503 406 2589 eruptione
434 2511 652 2588 pugnaretur,
682 2503 767 2568 foris¹
794 2511 912 2568 tantae
941 2503 1059 2588 copiae

80 2607 253 2692 equitatus
276 2605 515 2692 peditatusque
539 2615 766 2672 cernerentur.

186 2708 236 2773 77.
252 2708 299 2774 At
322 2710 356 2792 ii,
381 2711 438 2795 qui
453 2708 591 2775 Alesiae
607 2708 858 2793 obsidebantur,
873 2709 1058 2796 praeterita

81 2813 147 2896 die,
171 2833 238 2898 qua
253 2812 382 2878 auxilia
399 2833 533 2878 suorum
554 2822 847 2897 exspectaverant,
864 2824 1058 2898 consumpto

80 2916 173 2983 omni
207 2915 374 2981 frumento
404 2917 514 2999 inscii,
544 2914 625 3002 quid
654 2916 690 2980 in
717 2915 846 2981 Aeduis
876 2925 1059 3000 gereretur,

81 3019 228 3086 concilio
245 3030 364 3086 coacto
382 3018 425 3084 de
441 3021 536 3084 exitu
553 3041 689 3084 suarum
705 3020 916 3086 fortunarum
928 3020 1059 3086 consul-

81 3123 214 3190 tabant.
237 3122 289 3189 Ac
304 3124 410 3189 variis
427 3121 528 3188 dictis
546 3124 732 3207 sententiis,
750 3146 888 3210 quarum
904 3147 983 3210 pars
1005 3123 1081 3188 det

82 3227 254 3311 ditionem,
270 3250 361 3315 pars,
385 3226 463 3292 dum
486 3227 576 3292 vires
601 3235 827 3312 suppeterent,
852 3228 1059 3312 eruptionem

81 3329 328 3414 censebat,non
340 3330 589 3418 praetereunda
602 3333 710 3397 oratio
718 3329 912 3416 Critognati
925 3329 1060 3394 videtur

80 3445 218 3522 propter
240 3436 311 3501 eius
336 3434 543 3520 singularem
567 3444 599 3501 et
622 3436 789 3500 nefariam
812 3432 1058 3500 crudelitatem.

80 3539 147 3605 Hic
171 3560 297 3604 summo
321 3539 356 3603 in
378 3538 542 3604 Arvernis
565 3550 658 3606 ortus
682 3539 756 3606 loco
780 3548 814 3605 et
833 3558 978 3624 magnae
1000 3537 1086 3609 lia-e
