2376 3924
368 227 477 278 niune
494 227 515 290 1,
536 225 610 279 oar.
629 226 739 278 aa-ea
801 261 805 267 .
999 230 1041 296 55

63 419 180 486 iniuria
203 420 300 483 etiam
323 426 457 503 accepta
480 419 610 502 suisque
633 417 819 501 interfectis,
844 439 924 504 quos
940 421 974 483 in
989 441 1048 483 sua

64 532 222 610 potestate
237 523 398 606 habuerit,
422 524 622 611 conservarit
644 532 677 588 et
699 525 832 606 texerit3
856 522 938 588 illius
961 523 1047 588 deni-

65 650 128 712 que
152 629 314 692 exercitus
336 626 462 708 milites,
486 628 542 711 qui
564 648 623 712 per
638 648 672 690 se
689 626 729 690 de
751 626 952 692 concilianda
967 650 1047 713 pace

65 734 205 816 egerint3
236 755 300 817 qua
327 733 360 795 in
388 753 424 795 re
454 733 597 795 omnium
619 753 751 795 suorum
773 733 860 795 vitae
884 731 1047 796 consulen-

65 835 143 899 dum
172 837 324 921 putarint.
371 835 425 900 Sic
454 836 597 898 omnium
626 834 776 899 ordinum
798 844 908 921 partes
936 837 970 898 in
992 837 1069 907 mia

65 939 240 1029 sericordia
256 941 450 1003 constitisse:
472 941 559 1024 ipsos
578 939 678 1003 duces
694 963 713 1003 a
729 962 809 1025 pace
825 939 1046 1022 abhorruisse,

65 1065 119 1106 eos
147 1065 253 1128 neque
276 1043 422 1127 colloquii
451 1063 557 1128 neque
584 1042 784 1107 indutiarum
806 1045 877 1107 iura
901 1065 1048 1107 servasse

65 1156 97 1210 et
131 1147 276 1211 homines
310 1148 474 1232 imperitos
509 1156 541 1210 et
574 1169 633 1231 per
670 1146 862 1232 colloquium
896 1147 1048 1233 deceptos

66 1250 286 1315 crudelissime
308 1247 516 1314 interfecisse.
562 1247 729 1313 Accidisse
752 1252 850 1334 igitur
873 1251 932 1333 hio,
961 1250 1071 1336 quodi

66 1355 256 1439 plerumque
285 1354 452 1418 hominum
486 1354 585 1416 nimia
619 1355 797 1438 pertinacia
830 1364 928 1439 atque
962 1377 1048 1418 arro-

66 1459 176 1542 gantia
206 1456 354 1530 accidere
377 1457 493 1538 soleat,
523 1459 570 1521 uti
599 1479 635 1521 eo
658 1468 829 1522 recurrant
851 1468 884 1522 et
905 1457 939 1521 id
963 1459 1047 1542 cupi-

67 1563 196 1626 dissime
234 1569 366 1647 petant,
411 1561 498 1646 quod
542 1560 636 1647 paulo
674 1570 749 1626 ante
787 1564 1046 1648 contempserint.

66 1667 180 1750 Neque
203 1688 290 1729 nunc
312 1687 346 1728 se
368 1665 494 1729 illorum
516 1665 694 1730 humilitate
718 1689 823 1752 neque
846 1663 954 1752 aliqua
969 1676 1069 1734 tem-5

66 1771 152 1855 poris
187 1771 425 1855 opportunitate
463 1769 640 1855 postulare,
679 1771 796 1856 quibus
833 1771 932 1835 rebus
970 1793 1046 1856 opes

65 1884 247 1958 augeantur
269 1896 362 1956 suac;
392 1873 449 1938 sed
477 1895 531 1938 eos
549 1876 732 1956 exercitus,
762 1897 842 1960 quos
872 1883 984 1939 contra
1013 1896 1048 1938 se

65 1978 181 2042 multos
204 1980 268 2040 iam
291 2000 392 2041 annos
408 1977 555 2059 aluerint,
569 1978 660 2069 'velle
676 1978 802 2043 dimitti.
832 1981 947 2064 Neque
964 1981 1071 2047 enimn

65 2104 123 2144 sex
161 2081 304 2166 legiones
341 2082 403 2146 alia
437 2082 478 2146 de
512 2103 610 2147 causa
643 2085 757 2148 missas
790 2086 824 2147 in
857 2085 1049 2169 Hispaniam

65 2188 300 2271 septimamque
323 2185 368 2250 ibi
391 2188 606 2271 conscriptam
634 2209 741 2272 neque
764 2191 784 2271 l
807 2197 854 2251 tot
876 2196 1048 2271 tantasque

66 2289 183 2353 classes
213 2298 344 2375 paratas
372 2310 478 2374 neque
507 2288 682 2354 submissos
712 2290 811 2354 duces
839 2293 887 2353 rei
914 2289 1050 2354 miltaris

65 2394 194 2478 peritos.
240 2391 328 2456 Nihil
356 2392 472 2457 horum
495 2391 537 2457 ad
560 2392 726 2478 pacandas
748 2393 941 2478 Hispanias,
971 2392 1071 2460 nihili

65 2497 107 2560 ad
130 2519 224 2561 usum
247 2497 433 2582 provinciae
456 2498 636 2583 provisum,
668 2517 752 2581 quae
775 2504 907 2582 propter
930 2495 1050 2560 diutur-

65 2602 200 2663 nitatem
230 2601 319 2685 pacis
347 2598 470 2663 nullum
499 2600 655 2664 auxilium
683 2599 884 2664 desiderarit.
931 2601 1073 2668 Omnian

64 2703 146 2767 haec
168 2705 233 2767 iam
254 2702 381 2788 pridem
404 2712 516 2768 contra
539 2725 573 2767 se
596 2705 720 2789 parari;
744 2705 834 2767 inse
857 2705 933 2767 novi
955 2727 1049 2789 gene-

64 2809 109 2870 ris
144 2808 281 2892 imperia
310 2808 475 2889 constitui,
506 2815 547 2887 ¹ut
580 2806 667 2870 idem
702 2807 745 2871 ad
780 2816 889 2892 portas
917 2807 1051 2872 urbanis

65 2910 251 2995 praesideat
283 2909 381 2975 rebus
410 2918 442 2974 et
470 2911 551 2975 duas
585 2909 841 2975 bellicosissimas
870 2913 1052 2997 provincias

65 3015 183 3080 absens
213 3023 262 3079 tot
284 3016 376 3079 annis
400 3014 557 3097 obtineat;
586 3016 619 3078 in
648 3037 682 3078 se
710 3016 782 3078 iura
804 3017 1075 3100 magistratuum

65 3122 268 3202 commutari,
292 3142 333 3184 ne
357 3143 400 3184 ex
422 3128 576 3206 praetura
599 3127 631 3182 et
654 3118 830 3202 consulatu,
855 3128 892 3183 ut
915 3142 1053 3205 semper,

64 3224 121 3288 sed
154 3248 211 3310 per
240 3247 360 3310 paucos
388 3224 515 3309 probati
538 3233 571 3287 et
598 3222 691 3287 electi
717 3224 751 3286 in
773 3225 955 3308 provincias
978 3225 1052 3286 mit-

61 3338 186 3411 tantur;
210 3331 243 3393 in
260 3352 294 3393 se
310 3332 408 3394 etiam
424 3329 538 3393 aetatis
561 3328 804 3391 excusationem
825 3325 905 3390 nihil
926 3325 1049 3408 valere,

62 3454 135 3494 cum
162 3432 382 3517 superioribus
404 3430 496 3497 bellis
519 3430 648 3516 probati
670 3429 712 3493 ad
736 3428 927 3493 obtinendos
957 3451 1048 3492 exer·

63 3536 144 3598 citus
173 3546 364 3619 evocentur,
401 3537 434 3599 in
463 3557 496 3599 se
525 3556 589 3599 uno
623 3556 687 3597 non
718 3535 858 3615 servari,
893 3531 980 3615 quod
1008 3533 1049 3595 sit
1064 3549 1088 3588 ιο
