2376 3924
334 228 446 278 urana
464 227 513 292 111,
534 228 610 278 oar.
631 229 774 279 ror-104.
982 231 1041 294 161

65 428 178 485 contra
210 420 415 484 voluntatem
436 441 528 485 suam
561 441 662 484 naves
690 417 863 485 solverunt.
908 419 1066 505 Iamquea

65 522 106 587 de
128 521 277 588 Caesaris
300 522 443 587 adventu
465 523 553 587 fama
575 522 618 586 ad
641 523 787 587 civitates
809 522 1042 607 perferebatur.

153 625 223 690 103.
263 625 389 709 Quibus
417 629 552 711 cognitis
578 626 676 693 rebus
698 627 871 712 Pompeius
900 627 1043 713 deposito

65 731 234 796 adeundae
263 731 376 816 Syriae
405 731 535 796 consilio
563 733 700 816 pecunia
727 732 889 796 societatis
917 730 1045 795 sublata

65 845 97 900 et
119 858 138 898 a
161 834 355 919 quibusdam
377 837 511 920 privatis
534 844 662 920 sumpta
685 843 718 900 et
733 837 816 899 acris
835 857 952 920 magno
969 857 1043 920 pon-

64 939 141 1004 dere
165 939 207 1004 ad
235 937 406 1004 militarem
436 961 531 1005 usum
553 941 587 1004 in
609 962 710 1005 naves
733 941 881 1025 imposito
905 937 1043 1002 duobus·
1136 978 1141 985 ,

64 1065 127 1128 que
154 1041 282 1107 milibus
310 1043 476 1108 hominum
503 1045 650 1124 armatis,
678 1045 797 1129 partim
825 1064 905 1127 quos
935 1063 978 1104 ex
1000 1040 1044 1105 fa-

62 1148 156 1211 miliis
179 1149 368 1212 societatum
391 1147 570 1232 delegerat,
600 1149 718 1232 partim
748 1170 767 1210 a
790 1144 1043 1231 negotiatoribus

62 1261 223 1335 coegerat,
258 1271 403 1335 quosque
436 1273 479 1315 cx
512 1251 577 1316 suis
611 1252 746 1336 quisquc
780 1250 822 1315 ad
857 1250 941 1314 hanc
974 1271 1043 1313 rem

62 1354 193 1419 idoncos
210 1353 426 1428 existimabat,
450 1353 614 1419 Pelusium
628 1355 786 1439 pervenit.
809 1352 861 1417 Ibi
883 1375 961 1416 casu
982 1374 1064 1416 rexi

62 1458 351 1540 eratPtolcmaeus,
369 1480 449 1543 puer
461 1465 577 1539 aetate,
594 1458 720 1542 magnis
732 1458 830 1542 copiis
842 1479 916 1520 cum
928 1478 1036 1521 sorore

63 1561 234 1646 Cleopatra
249 1560 369 1625 bellum
391 1583 517 1645 gerens,
542 1583 640 1646 quam
655 1562 766 1646 paucis
789 1569 863 1624 ante
879 1558 1043 1624 mensibus

63 1687 121 1749 per
144 1686 218 1729 suos
240 1666 437 1751 propinquos
465 1675 563 1750 atque
591 1668 711 1732 amicos
733 1687 834 1750 regno
858 1663 1041 1749 expulerat,

63 1778 233 1853 castraque
256 1766 446 1853 Cleopatrae
476 1790 541 1833 non
569 1768 664 1854 longo
692 1770 795 1854 spatio
824 1767 866 1832 ab
894 1769 962 1831 eius
994 1790 1043 1832 ca-

62 1875 135 1937 stris
169 1873 341 1938 distabant.
387 1872 442 1939 Ad
475 1895 548 1937 eum
577 1874 749 1960 Pompeius
781 1874 882 1955 misit,
916 1882 952 1937 ut
985 1890 1065 1958 pros

61 1977 197 2063 hospitio
221 1986 319 2063 atque
342 1979 482 2042 amicitia
504 1979 605 2064 patris
620 1975 823 2042 Alexandria
845 1979 1043 2063 reciperetur

62 2089 160 2165 atquc
182 2080 264 2145 illius
288 2079 402 2166 opibus
425 2083 458 2145 in
482 2079 664 2146 calamitate
686 2089 860 2165 tegeretur.
906 2080 972 2147 Sed
988 2082 1065 2166 quit

62 2182 104 2246 ab
132 2205 169 2246 eo
199 2185 288 2248 missi
318 2193 426 2265 erant,
461 2184 606 2249 confecto
634 2184 802 2268 legationis
833 2184 937 2249 officio
965 2183 1041 2248 libe-

60 2288 127 2349 rius
156 2307 229 2350 cum
257 2285 410 2350 militibus
438 2288 524 2370 regis
554 2286 690 2371 colloqui
720 2296 896 2372 coeperunt
923 2307 1042 2370 eosque

61 2389 197 2471 hortari,
239 2397 276 2452 ut
312 2410 406 2452 suum
448 2389 590 2454 officium
629 2390 783 2475 Pompeio
829 2397 1040 2475 praestarent,

61 2515 144 2557 neve
184 2495 252 2558 eius
296 2492 460 2558 fortunam
504 2493 717 2579 despicerent.
774 2494 813 2558 In
849 2493 912 2558 hoc
949 2503 1064 2559 erant⁶

61 2619 195 2661 numero
235 2596 415 2683 complures
444 2599 577 2683 Pompei
617 2597 748 2680 milites,
784 2620 864 2682 quos
897 2619 940 2662 ex
973 2601 1041 2664 eius

61 2702 208 2766 exercitu
240 2711 390 2787 acceptos
423 2703 456 2766 in
490 2702 587 2787 Syria
617 2700 776 2767 Gabinius
806 2700 1042 2768 Alexandriam

60 2806 254 2870 traduxerat
280 2804 429 2892 belloque
451 2805 596 2871 confecto
619 2805 707 2890 apud
730 2805 965 2889 Ptolemaeum,
989 2829 1042 2893 pa-

60 2918 143 2972 trcm
165 2911 266 2994 pueri,
289 2909 473 2995 reliquerat.

148 3013 217 3077 104.
252 3015 313 3078 His
342 3023 420 3079 tunc
447 3016 583 3100 cognitis
610 3013 709 3079 rebus
739 3016 833 3079 amici
855 3018 957 3102 regis,
988 3019 1042 3102 qui

60 3126 192 3204 propter
221 3125 361 3182 aetatem
395 3119 463 3182 eius
493 3119 527 3182 in
560 3119 785 3202 procuratione
813 3128 906 3184 erant
938 3123 1041 3205 regni,

60 3224 128 3286 sive
156 3223 270 3285 timore
299 3220 449 3304 adducti,
482 3231 519 3287 ut
547 3231 660 3307 postea
680 3222 928 3309 praedicabant,
963 3223 1043 3288 solli-

60 3327 157 3389 citato
173 3327 320 3390 exercitu
333 3327 423 3412 regio
439 3348 480 3391 ne
492 3327 666 3414 Pompeius
681 3325 918 3392 Alexandriam
933 3325 1042 3412 Aegy-

59 3438 219 3514 ptumque
243 3438 432 3516 occuparet,
461 3431 531 3496 sive
559 3429 713 3518 despecta
740 3432 810 3497 eius
830 3430 977 3514 fertum,
1006 3440 1044 3498 ut

58 3532 247 3618 plerumque
269 3535 303 3599 in
326 3533 509 3602 calamitate
529 3537 728 3603 arr-amieis·
1008 3544 1042 3621 it,

110 3640 189 3683 Caesar
200 3641 229 3686 11.
