2376 3924
132 215 174 278 82
448 213 498 263 Dlt
518 213 638 263 BELLO
658 211 816 264 GALLICO

110 401 370 487 spremebantur
379 411 411 467 et
421 399 913 488 agriculturaprohibebantur.
924 399 1108 466 Sueborum

132 526 215 589 gens
245 514 296 570 est
326 506 426 591 longe
455 508 603 572 maxima
632 514 664 570 et
687 505 946 571 bellicosissima
970 502 1109 570 Germa-

109 631 248 674 4norum
272 611 427 675 omnium.
450 609 496 674 Hi
520 619 655 675 centum
675 630 781 696 pagos
798 609 924 675 babere
941 609 1109 689 dicuntur,

132 736 174 777 ex
197 713 317 798 quibus
342 716 521 799 quotannis
547 712 683 796 singula
706 712 800 777 milia
818 724 1023 778 armatorum
1039 711 1108 776 bel-

108 816 224 881 slandi
248 839 353 883 causa
369 840 412 882 ex
435 816 558 881 finibus
575 815 733 881 educunt.
771 814 914 902 Reliqui,
938 818 995 902 qui
1019 815 1107 880 domi

131 931 336 1005 manserunt,
360 944 395 985 se
418 929 518 1006 atque
542 919 617 985 illos
635 919 746 1003 alunt;
768 920 803 984 hi
819 941 933 986 rursus
951 922 984 984 in
1001 921 1108 984 vicem

109 1047 219 1090 canno
249 1034 325 1110 post
355 1024 515 1089 inarmis
541 1033 629 1107 sunt,
654 1023 704 1088 illi
729 1023 819 1089 domi
841 1033 1027 1088 remanent.
1052 1021 1108 1087 Sic

130 1149 237 1213 neque
261 1126 471 1212 agricultura
493 1149 555 1194 nec
580 1129 667 1192 ratio
693 1137 793 1213 atque
810 1151 889 1193 usus
907 1126 988 1192 belli
1005 1129 1107 1192 inter·

109 1232 283 1296 amittitur.
309 1229 376 1295 Sed
391 1232 516 1316 privati
533 1252 574 1296 ac
592 1233 740 1316 separati
757 1232 831 1315 agri
848 1230 938 1319 apud
954 1252 1010 1295 eos
1022 1230 1107 1295 nihil

131 1344 193 1419 est,
216 1356 323 1420 neque
346 1334 479 1419 longius
504 1357 592 1400 anno
616 1358 790 1401 remanere
813 1357 878 1401 uno
902 1337 937 1400 in
960 1333 1034 1399 loeo
1059 1337 1107 1398 in-

109 1436 262 1502 scolendi
286 1459 391 1502 eausa
414 1437 505 1502 licet.
537 1438 654 1525 Neque
676 1439 818 1505 multum
847 1439 1024 1523 frumento,
1048 1438 1107 1503 sed

130 1543 312 1606 maximam
334 1550 465 1627 partem
490 1540 579 1608 lacte
603 1553 705 1629 atque
726 1565 848 1630 pecore
871 1545 999 1626 vivunt,
1026 1543 1108 1607 mul·

109 1654 265 1730 stumque
288 1654 365 1709 sunt
390 1647 424 1710 in
446 1645 697 1729 venationibus3
718 1669 804 1733 quae
828 1669 881 1711 res
905 1655 938 1712 et
961 1646 1028 1712 cibi
1052 1667 1107 1730 ge-

130 1771 209 1813 nere
233 1760 266 1814 et
288 1748 461 1814 cotidiana
486 1750 731 1815 exercitatione
760 1759 793 1814 et
822 1748 982 1815 libertate
1005 1751 1107 1830 vitae,

131 1873 205 1917 curn
229 1875 249 1916 a
272 1853 384 1937 pueris
409 1851 500 1916 nullo
525 1852 634 1917 officio
651 1862 709 1918 aut
728 1851 907 1938 disciplina
924 1852 1107 1918 assuefacti

130 1955 213 2021 nihil
228 1958 361 2022 omnino
377 1967 495 2022 contra
511 1954 719 2023 voluntatem
731 1956 921 2039 faciant,'et
937 1958 1027 2020 viros
1045 1954 1106 2019 alit

131 2070 164 2125 et
188 2061 324 2125 immani
353 2082 528 2146 corporum
556 2059 789 2144 magnitudine
818 2058 968 2123 homines
992 2059 1105 2124 efficit.
1171 2079 1178 2087 ’·

96 2190 121 2229 ro
130 2163 242 2251 Atque
258 2167 292 2229 in
310 2185 383 2228 eam
396 2187 431 2230 se
443 2163 721 2230 consuetudinem
733 2163 959 2246 adduxerunt,
975 2171 1011 2226 ut
1022 2162 1106 2228 locis

130 2268 359 2352 frigidissimis
375 2291 482 2355 neque
499 2270 641 2334 vestitus
660 2277 794 2354 praeter
813 2265 919 2354 pelles
942 2265 1107 2332 haberent

130 2373 319 2460 quicquam,
342 2394 483 2458 quarum
505 2382 641 2459 propter
664 2373 886 2457 exiguitatem
907 2392 1033 2456 magna
1056 2380 1107 2436 est

130 2479 279 2561 corporis
308 2499 387 2562 pars
411 2485 538 2563 aperta,
564 2485 596 2541 et
621 2477 818 2543 lavarentur
846 2477 881 2541 in
904 2475 1107 2542 fluminibus.

216 2579 245 2642 2.
269 2579 515 2644 Mercatoribus
540 2590 590 2646 est
613 2580 726 2646 aditus
746 2581 854 2665 magis
878 2601 927 2664 eo,
951 2587 998 2664 ut,
1022 2601 1108 2665 quae

129 2682 219 2747 bello
243 2684 403 2767 ceperint,
428 2682 547 2769 quibus
571 2683 722 2750 vendant
745 2681 905 2767 habeant,
928 2704 1107 2769 quamquo

108 2786 233 2852 aullam
256 2809 326 2851 rem
349 2786 446 2851 adse
469 2789 643 2873 importari
666 2787 868 2853 desiderent.
892 2785 982 2869 Quin
1005 2787 1106 2852 etiam

129 2893 298 2974 iumentis,
315 2891 435 2976 quibus
452 2893 598 2956 maxime
618 2889 710 2957 Galli
728 2891 941 2957 delectantur
956 2911 1107 2976 quaeque

131 2996 279 3081 impenso
303 3003 425 3081 parant
454 2996 573 3080 pretio,
605 2992 789 3078 [Germani]
819 2993 1010 3081 importatis
1038 3014 1106 3058 non

129 3107 277 3181 utuntur,
302 3099 362 3164 sed
385 3120 471 3185 quae
495 3108 572 3165 sunt
595 3099 685 3185 apud
701 3120 758 3165 eos
774 3107 867 3183 nata,
883 3117 989 3185 parva
1003 3105 1106 3183 atque

130 3202 309 3287 deformia,
342 3203 426 3268 haec
457 3203 630 3270 cotidiana
660 3205 904 3269 exercitatione
927 3202 1045 3267 summi
1066 3209 1106 3266 ut

108 3307 197 3371 ssint
221 3305 348 3372 laboris
372 3307 531 3372 efficiunt.
554 3306 777 3393 Equestribus
793 3304 928 3393 proeliis
945 3325 1045 3391 saepe
1061 3326 1106 3370 ex

130 3412 224 3496 equis
255 3409 414 3476 desiliunt
442 3432 483 3475 ac
512 3410 654 3498 pedibus
685 3409 904 3498 proeliantur,
938 3427 1106 3495 equosque

130 3514 246 3578 eodem
263 3536 436 3581 remanere
451 3515 598 3599 vestigio
615 3515 879 3599 assuefacerent,
902 3510 947 3579 ad
968 3532 1052 3599 qnos
1069 3533 1107 3579 se
