2376 3924
155 222 197 286 60
459 228 510 277 DE
528 229 649 280 BELLO
670 229 829 282 Gannico

124 408 258 488 ’11111111
278 439 345 482 non
362 428 509 504 possent.
537 417 609 485 Sibi
626 429 811 505 praestare,
830 423 858 486 si
874 424 908 486 in
924 445 998 488 cum
1015 446 1129 490 casum

144 519 411 606 deducerentur,
435 525 588 610 quamvis
604 524 775 591 fortunam
799 548 819 589 a
840 527 962 613 populo
978 528 1129 594 Romano

154 627 236 711 pati,
250 648 349 713 quam
366 626 409 692 ab
421 627 473 692 his
485 649 546 714 per
558 629 747 695 cruciatum
759 630 913 714 interfici,
938 633 1026 697 inter
1045 654 1129 717 quos

155 730 319 796 dominari
343 740 572 796 consuessent.

240 835 291 900 32.
314 833 370 899 Ad
392 834 476 900 haec
492 833 621 901 Caesar
643 835 835 922 respondit:
860 860 896 901 se
917 840 1027 921 magis
1051 861 1128 904 oon-

154 940 332 1005 suetudine
348 961 409 1004 sua
426 961 526 1026 quam
542 940 660 1006 merito
679 961 790 1005 eorum
803 941 979 1005 civitatem
995 964 1128 1007 conser-

153 1054 318 1125 vaturum,
343 1045 371 1107 si
386 1043 490 1128 prius,
507 1065 607 1128 quam
622 1065 752 1107 murum
770 1045 859 1107 aries
883 1045 1068 1128 attigisset,
1093 1070 1128 1111 se

131 1148 380 1231 adedidissent3
397 1147 457 1213 sed
471 1148 653 1212 deditionis
666 1148 795 1213 nullam
808 1171 882 1213 esse
896 1148 1129 1214 condicionem

152 1251 218 1315 nisi
235 1251 337 1315 armis
353 1251 501 1317 traditis.
532 1249 575 1316 So
591 1251 637 1333 id,
661 1250 750 1336 quod
773 1252 807 1315 in
823 1251 957 1315 Nerviis
980 1251 1128 1334 fecisset,

152 1354 318 1420 facturum
340 1355 558 1440 finitimisque
581 1355 830 1440 imperaturum,
854 1377 897 1420 ne
920 1377 1019 1440 quam
1035 1355 1127 1420 dedi-

131 1459 243 1523 aticiis
254 1458 369 1544 populi
380 1459 522 1525 Romani
539 1459 695 1524 iniuriam
712 1459 884 1524 inferrent.
906 1458 954 1523 Re
970 1459 1127 1524 nuntiata

43 1604 51 1621 ·
131 1563 199 1628 ead
222 1585 309 1646 succ,
334 1585 420 1649 quae
443 1564 697 1650 imperarentur,
721 1563 833 1627 facere
857 1562 1026 1627 dixerunt.
1065 1561 1127 1627 Ar-

152 1689 279 1733 morum
297 1687 422 1750 magna
438 1665 654 1731 multitudine
667 1666 710 1731 de
728 1688 821 1731 muro
838 1666 873 1729 in
888 1665 1024 1747 fossam,
1041 1687 1127 1752 quae

154 1780 226 1836 erat
250 1780 330 1835 ante
353 1769 528 1856 oppidum,
561 1772 670 1851 iacta,
705 1768 755 1832 sic
778 1778 814 1834 ut
838 1790 941 1854 prope
965 1791 1127 1835 summam

151 1875 238 1939 muri
255 1875 456 1959 aggerisque
474 1872 690 1938 altitudinem
706 1873 821 1937 acervi
845 1894 1012 1938 armorum
1026 1873 1127 1938 adac-

152 1986 304 2065 quarent,
329 1986 362 2043 et
386 1988 499 2043 tamen
521 1978 659 2043 circiter
680 1987 777 2061 parte
800 1978 920 2059 tertia,
949 1987 987 2041 ut
1007 1989 1127 2062 postea

151 2092 362 2168 perspectum
370 2091 432 2164 est,
448 2081 560 2147 celata
572 2091 673 2166 atque
685 2082 719 2145 in
731 2080 851 2166 oppido
865 2088 1007 2163 retenta,
1021 2083 1126 2166 portis

151 2188 342 2274 patefactis,
367 2208 404 2252 eo
430 2186 484 2251 die
502 2207 590 2272 pace
614 2195 690 2250 sunt
714 2187 777 2250 usi.

205 2302 209 2313 ·
237 2288 288 2354 33.
314 2288 382 2353 Sub
396 2310 571 2373 vesperum
585 2285 713 2352 Caesar
727 2297 842 2374 portas
859 2287 973 2353 claudi
986 2287 1125 2353 milites-

152 2417 215 2481 que
232 2416 274 2458 ex
291 2393 411 2479 oppido
430 2394 525 2458 exire
542 2394 651 2475 iussit,
673 2414 831 2478 nequam
847 2401 950 2457 noctu
967 2392 1125 2478 oppidani

130 2521 171 2562 aa
192 2496 357 2562 militibus
380 2498 538 2562 iniuriam
555 2497 758 2582 acciperent.
795 2495 851 2560 Illi
868 2504 947 2561 aute
970 2497 1065 2577 inito,
1089 2505 1125 2561 ut

152 2600 359 2666 intellectum
384 2609 445 2682 est,
469 2598 621 2681 consilio,
644 2599 734 2684 quod
758 2598 930 2664 deditione
952 2598 1045 2664 facta
1068 2621 1121 2663 no«

151 2714 238 2770 stros
254 2704 425 2790 praesidia
443 2703 645 2768 deducturos
662 2712 721 2768 aut
735 2703 879 2788 <lenique
891 2702 1126 2786 indiligentius

151 2818 345 2872 servaturos
369 2805 596 2888 crediderant,
620 2806 744 2892 partim
760 2827 835 2870 oum
859 2807 911 2888 iis,
936 2827 1021 2891 quae
1044 2807 1125 2871 roti-

149 2922 294 2977 nuerant
318 2921 349 2976 et
373 2911 579 2993 celaverant,
596 2911 709 2993 armis,
733 2911 855 2996 partim
873 2909 977 2974 scutis
994 2931 1037 2973 11
1052 2929 1125 2974 111·

149 3017 216 3081 1111
238 3015 339 3080 factis
370 3024 429 3080 aut
451 3013 633 3080 viminibus
657 3016 809 3097 intextis,
833 3036 919 3100 quae
942 3011 1065 3096 subito,
1088 3022 1124 3078 ut

149 3121 307 3205 temporis
325 3119 495 3202 exiguitas
511 3117 716 3204 postulabat,
740 3116 884 3202 pellibus
909 3115 1124 3199 induxerant,

149 3224 251 3290 tertia
266 3221 396 3306 vigilia,
421 3242 485 3307 qua
501 3221 636 3285 minime
651 3219 777 3285 arduus
793 3219 839 3286 ad
860 3229 995 3285 nostras
1019 3219 1124 3283 muni-

150 3329 257 3393 tiones
281 3347 442 3392 ascensus
459 3323 649 3406 videbatur,
674 3323 826 3389 omnibus
850 3323 956 3411 copiis
980 3323 1125 3407 repenti·

128 3451 227 3498 onam
251 3454 293 3497 ex
316 3429 438 3516 oppido
462 3429 670 3515 eruptionem
693 3428 854 3493 fecerunt.
890 3424 1063 3507 Celeriter,
1087 3433 1124 3489 ut

149 3545 228 3601 ante
237 3534 363 3601 Caesar
369 3534 563 3619 imperarat,
574 3529 710 3616 ignibus
723 3530 972 3616 significatione
978 3529 1071 3595 facta
1081 3550 1125 3594 11
