2376 3924
414 231 524 282 urana
542 231 615 293 vlu,
634 230 711 280 ene.
730 233 823 281 s-ro.
1039 231 1101 296 237

127 428 261 511 quinum
285 423 449 491 lateribus
472 423 614 510 deprimi
638 423 793 505 directis3
823 432 931 488 turres
958 425 1102 489 excitari

127 528 264 593 crebras
282 532 315 595 in
333 529 546 594 altitudinem
563 530 664 594 trium
680 528 918 612 tabulatorum,
942 528 1100 615 pontibus

126 633 280 699 traiectis
310 634 559 718 constratisque
588 635 764 717 coniungi,
799 655 937 718 quorum
972 633 1099 699 frontes

126 739 273 802 viminea
289 738 430 803 loricula
446 739 670 818 munirentur3
693 747 728 802 ut
745 726 790 801 ab'
805 736 958 801 hostibus
977 737 1124 824 duplicia

127 841 229 923 fossa,
253 840 378 926 duplici
394 849 680 927 propugnatorum
697 840 815 905 ordine
832 840 1101 925 defenderentur,

128 966 266 1030 quorum
279 945 366 1009 alter
378 967 421 1009 ex
432 943 602 1030 pontibus,
615 965 679 1029 quo
695 946 801 1009 tutior
809 943 990 1010 altitudine
1003 955 1101 1026 esset,

125 1049 188 1113 hoc
205 1048 369 1112 audacius
385 1047 585 1133 longiusque
596 1049 806 1132 permitteret
822 1048 900 1129 tela,
924 1047 1021 1130 alter,
1045 1050 1100 1134 qui

125 1155 261 1238 propior
276 1151 405 1216 hostem
422 1153 456 1216 in
472 1153 545 1237 ipso
561 1150 651 1216 vallo
668 1152 854 1217 collocatus
877 1163 977 1236 esset,
1000 1161 1102 1238 ponte

127 1255 170 1320 ab
194 1254 422 1320 incidentibus
445 1254 523 1319 telis
547 1265 728 1338 tegeretur.
759 1255 869 1320 Portis
892 1255 981 1320 fores
1005 1255 1102 1320 altio·

126 1381 246 1445 resque
269 1369 379 1424 turres
403 1359 570 1444 imposuit.

216 1461 264 1526 10.
293 1463 403 1526 Huius
432 1462 627 1526 munitionis
658 1460 781 1546 duplex
812 1470 885 1525 erat
914 1461 1101 1526 eonsilium.

125 1569 277 1652 Namque
294 1575 326 1631 et
343 1588 477 1652 operum
500 1564 767 1648 magnitudinem
790 1575 822 1629 et
839 1567 991 1630 timorem
1008 1588 1102 1632 suum

128 1671 288 1758 sperabat
299 1669 459 1734 fiduciam
475 1667 631 1734 barbaris
649 1667 839 1751 allaturum,
858 1679 890 1734 et
907 1690 982 1734 cum
997 1669 1101 1755 pabu-

125 1775 233 1840 latum
248 1774 552 1858 frumentatumque
563 1771 697 1856 longius
712 1783 800 1837 esset
813 1773 1101 1859 proficiscendum,

126 1880 241 1966 parvis
265 1878 371 1962 copiis
394 1886 509 1942 eastra
533 1877 716 1941 munitione
743 1879 817 1962 ipsa
840 1877 979 1943 videbat
1002 1900 1101 1963 posse

128 1982 272 2048 defendi.
294 1982 433 2046 Interim
451 1980 568 2045 erebro
587 1982 703 2066 paucis
721 1982 889 2067 utrimque
904 2001 1123 2067 procurrens

126 2086 217 2151 tibus
241 2087 330 2150 inter
352 2084 434 2150 bina
457 2094 573 2149 castra
588 2083 713 2170 palude
728 2086 906 2150 interiecta
922 2086 1101 2151 contende·

125 2190 243 2273 batur3
259 2211 359 2274 quam
373 2198 486 2254 tamen
494 2188 651 2274 paludem
662 2209 910 2274 nonnumquam
918 2197 976 2253 aut
984 2199 1102 2257 nostra

127 2293 257 2359 auxilia
266 2291 441 2374 Gallorum
451 2289 759 2378 Germanorumque
772 2290 965 2357 transibant
974 2293 1100 2358 aerius·

128 2419 191 2484 que
203 2396 318 2461 hostes
326 2395 598 2481 insequebantur,
609 2403 668 2460 aut
674 2396 825 2460 vicissim
838 2396 950 2460 hostes
960 2396 1102 2461 eandem

127 2501 331 2584 transgressi
346 2508 480 2564 nostros
493 2498 628 2583 longius
641 2498 894 2565 submovebant.
911 2497 1122 2568 Accidebats

127 2613 240 2669 autem
263 2602 444 2669 cotidianis
468 2602 744 2689 pabulationibus
770 2603 818 2685 (id
842 2602 930 2689 quod
946 2604 1101 2670 accidere

129 2718 202 2774 erat
226 2730 375 2792 necesse,
405 2730 480 2773 cum
508 2710 596 2773 raris
626 2707 845 2792 disiectisque
868 2729 910 2772 ex
934 2707 1100 2773 aedificiis

127 2812 287 2899 pabulum
311 2814 590 2897 conquireretur),
613 2821 650 2877 ut
666 2811 836 2898 impeditis
853 2811 938 2875 loeis
956 2811 1100 2898 dispcrsi

126 2916 1124 3003 pabulatorescircumvenirentur3quaeres,etsimediocre4

127 3020 362 3086 detrimentum
385 3022 602 3087 iumentorum
625 3042 666 3086 ac
690 3041 862 3087 servorum
882 3024 1007 3086 nostris
1024 3020 1102 3086 affe-

127 3123 234 3210 rebat,
257 3134 371 3190 tamen
394 3126 517 3192 stultas
541 3127 764 3210 cogitationes
790 3124 956 3190 incitabat
978 3124 1101 3191 barba·

126 3250 248 3311 rorum,
272 3238 372 3316 atque
390 3251 433 3295 eo
457 3230 575 3313 magis,
600 3228 689 3315 quod
704 3226 883 3312 Commius,
907 3250 1004 3314 quem
1026 3250 1101 3314 pro·

125 3331 251 3398 fectum
273 3332 319 3396 ad
341 3332 470 3398 auxilia
496 3330 739 3399 Germanorum
764 3331 968 3398 arcessenda
993 3332 1101 3416 docui,

126 3457 201 3502 cum
232 3436 400 3523 equitibus
428 3447 585 3522 venerat,
615 3439 672 3524 qui
700 3439 836 3503 tametsi
865 3458 1001 3502 numero
1034 3457 1101 3502 non
