2376 3924
95 242 195 291 XXXII
395 240 605 291 ADNOTATIO
625 240 771 290 CRITICA

199 447 222 483 c.
235 432 278 494 ts,
291 434 320 481 2:
340 435 410 492 out,
430 431 501 497 quod
519 436 579 497 post
598 430 731 483 arborum
748 432 777 480 in
796 430 873 481 codd.
891 431 999 497 legitur,
1017 433 1072 482 iam

95 516 258 581 Nipperdeio
277 517 430 579 obsecutus,
444 533 560 582 quocum
573 517 655 567 etiam
669 517 775 567 Krauer
788 521 815 566 et
827 517 925 567 Dinter
941 518 1072 580 feceruut,

94 602 191 652 delevi.

198 705 220 740 c.
246 689 286 751 74,
312 691 340 738 t:
367 693 401 741 ut
426 704 462 741 ue
489 704 592 758 ruupuu
620 687 731 754 quidem
758 686 947 754 multitudiue,
975 687 1002 740 si
1028 687 1073 740 ita

96 773 225 841 uccidnt,
260 773 446 828 discessu
477 773 666 828 munitionum
695 773 846 840 praesidia
878 774 1072 839 circumfundi

92 859 231 929 possent]
255 861 357 910 retinui
380 861 451 912 hanc
473 862 571 926 prioris
596 860 723 910 editionis
745 860 900 921 lectionem,
924 876 1005 926 quarn
1025 864 1072 926 qui

94 947 289 1011 repudiandam
309 963 368 997 esse
387 952 559 1010 censuerunt,
579 947 625 996 vix
649 951 722 995 recte
745 946 914 996 intellexisse
937 947 1072 998 videntur.

95 1032 167 1098 quod
185 1032 263 1083 codd.
280 1034 382 1084 habent
402 1032 478 1085 eius
498 1032 623 1085 discessu
643 1033 707 1083 ferri
725 1049 780 1082 non
798 1049 878 1098 posse
897 1048 930 1082 ex
943 1049 975 1082 eo
988 1039 1071 1098 patet,

94 1118 166 1185 quod
185 1117 293 1181 Caesar,
317 1120 365 1184 qui
388 1119 462 1169 solus
480 1119 528 1168 ille
553 1119 696 1170 discedens
716 1134 774 1168 esse
793 1123 892 1183 posset,
912 1133 1000 1183 neque
1019 1118 1070 1168 dis·

95 1206 190 1255 cedere
217 1205 337 1269 volebat,
364 1211 392 1256 et
418 1221 452 1255 ne
480 1212 632 1272 cogeretur,
660 1206 765 1255 dierum
796 1206 909 1270 triginta
940 1204 1072 1268 pabulum

93 1291 309 1356 frumentumque
329 1297 488 1341 convectum
506 1291 601 1343 haberi
620 1293 744 1342 iusserat
770 1291 842 1356 quod
860 1291 989 1356 Nipperd.
1009 1306 1071 1341 con-

94 1376 158 1425 iecit
176 1375 237 1428 eius
256 1376 304 1442 (sc.
322 1376 407 1426 hostis
431 1377 584 1445 exterioris)
607 1391 756 1430 accessu
778 1376 860 1442 plane
884 1378 999 1427 otiosum
1022 1385 1071 1437 est,

95 1478 155 1511 cum
173 1479 223 1526 per
241 1479 269 1512 se
292 1462 478 1527 intellegatur,
504 1463 595 1512 hostes
614 1464 667 1512 nisi
691 1463 866 1523 accesserint,
892 1463 1071 1512 munitionum

94 1547 229 1612 praesidia
246 1547 419 1598 multitudine
438 1548 654 1599 circumfundere
672 1565 727 1599 nou
745 1564 833 1613 posse.
857 1547 957 1598 Goeler
979 1547 1070 1614 equi-

95 1636 164 1684 tum
183 1637 231 1696 (sc.
251 1632 402 1699 Gallorum)
423 1633 549 1687 discessu
575 1635 748 1684 scribendum
773 1635 927 1698 proposuit;
951 1640 979 1684 at
1003 1634 1071 1685 haec

94 1721 179 1770 verba
203 1719 395 1786 significarent,
420 1723 509 1786 ipsum
535 1721 681 1771 discessum
710 1723 830 1786 equitum
849 1721 877 1769 iu
901 1735 985 1770 causa
1004 1737 1070 1783 esse,

95 1821 142 1855 cur
159 1808 296 1872 praesidia
314 1809 487 1858 multitudine
505 1808 685 1858 circumfundi
704 1809 816 1873 possint.
839 1808 953 1866 Kraner,
967 1808 1072 1872 Dinter,

94 1892 198 1941 Holder
225 1892 300 1943 facili
323 1895 402 1944 modo
427 1895 511 1944 verba
539 1894 734 1959 expediverunt
756 1893 816 1945 eius
845 1892 971 1945 discessu
995 1895 1073 1945 uncis

94 1977 266 2028 includendo.
280 1979 327 2029 sed
340 1981 363 2029 si
377 1979 502 2031 Caesaris
514 1981 599 2030 verba
612 1981 766 2030 accuratius
784 1980 985 2045 perpendimus,
999 1987 1071 2032 certe

94 2064 287 2126 desideramus,
311 2074 341 2116 ut
364 2068 446 2117 etiam
465 2069 533 2116 ratio
552 2067 698 2132 aperiatur,
724 2083 771 2116 cur
794 2067 990 2116 munitionibus
1014 2066 1070 2116 illis

95 2157 189 2201 contra
216 2153 376 2202 exteriorem
403 2153 508 2203 hostem
536 2154 669 2202 institutis
695 2154 750 2203 iam
777 2152 901 2202 effectum
926 2153 970 2213 sit,
988 2158 1019 2202 ut
1038 2169 1071 2203 ne

94 2253 192 2302 magna
210 2239 317 2302 quidem
336 2239 453 2290 hostium
472 2239 647 2290 multitudine
667 2239 846 2289 circumfundi
864 2244 984 2304 possent.
1001 2240 1070 2290 haec

93 2340 158 2374 vero
182 2326 251 2375 ratio
275 2331 368 2390 aperto
392 2332 440 2387 est,
459 2327 482 2376 si
510 2324 637 2377 discessu
664 2323 853 2377 munitionum
880 2325 1071 2390 coniungimns

94 2409 183 2460 deleto
202 2411 250 2460 illo
270 2413 394 2475 genetivo
414 2410 483 2478 eius,
503 2429 580 2477 quem
600 2412 751 2476 adscripsit,
771 2412 817 2476 qui
828 2409 1019 2462 munitionum
1036 2411 1070 2460 ad

94 2512 209 2561 sequens
236 2497 399 2547 vocabulum
422 2497 574 2564 praesidia
601 2499 737 2562 pertinere
765 2497 902 2546 censebat.
932 2501 962 2545 ut
989 2512 1071 2562 supra

94 2599 116 2632 c.
130 2586 171 2644 72,
184 2586 199 2633 2
214 2584 315 2634 Caesar
334 2591 482 2645 monuerat,
502 2600 530 2634 se
544 2585 709 2633 munitiones
729 2588 822 2632 contra
840 2583 929 2647 ipsum
942 2582 1070 2647 oppidum

93 2671 230 2719 institutas
249 2671 282 2719 ab
302 2670 382 2732 fossa,
402 2686 456 2736 qua
473 2670 583 2720 Alesiae
606 2674 725 2720 montem
750 2668 879 2730 cinxerat,
899 2684 930 2718 eo
955 2667 1070 2718 consilio

94 2755 305 2821 quadringentos
329 2757 411 2821 pedes
431 2756 579 2816 reduxisse,
599 2771 633 2806 ne
651 2761 726 2805 tanto
745 2755 832 2819 spatio
856 2755 998 2803 interiecto
1023 2758 1072 2803 aut

94 2847 175 2890 noctu
188 2842 221 2891 de
233 2843 379 2907 improviso
392 2842 509 2892 hostium
523 2842 666 2891 multitudo
681 2840 716 2890 ad
728 2841 892 2890 munitiones
917 2839 1068 2903 advolaret,

94 2932 141 2977 aut
152 2927 208 2976 tela
220 2929 248 2975 in
261 2928 360 2977 milites
379 2928 455 2992 operi
473 2928 621 2977 destinatos
641 2927 729 2977 conici
747 2931 865 2991 possent,
881 2924 975 2975 eodem
988 2925 1067 2975 modo

94 3014 147 3061 iam
165 3013 319 3073 hicmonet,
339 3030 462 3078 separes
482 3014 601 3064 eiusdem
621 3014 728 3078 generis
747 3013 911 3061 munitiones
930 3016 1070 3077 quattuor·

94 3099 181 3147 decim
199 3099 275 3148 milia
302 3114 430 3163 passuum
459 3100 627 3164 complexum
655 3104 750 3148 contra
777 3098 937 3148 exteriorem
964 3098 1056 3149 hoster

93 3184 246 3248 perfecisse,
266 3193 295 3235 ut
307 3202 368 3235 cum
380 3192 485 3235 tantum
505 3186 676 3236 discederent
694 3186 866 3245 munitiones,
886 3200 978 3234 earum
992 3200 1043 3250 pra

94 3269 163 3319 sidia
181 3286 215 3319 ne
233 3286 332 3335 magua
351 3272 459 3335 quidem
477 3271 595 3320 hostium
614 3271 788 3321 multitudine
811 3271 991 3320 circumfundi
1008 3286 1042 3337 po

95 3362 161 3404 sent.
181 3385 213 3392 —
232 3358 254 3416 ξ.
275 3359 303 3404 2:
322 3371 361 3408 ue
380 3360 494 3408 autem
513 3373 572 3406 enm
591 3357 721 3407 Diibnero
741 3373 774 3405 ex
792 3357 895 3407 Handii
913 3358 1032 3407 coniectr

94 3442 189 3507 scripsi
215 3458 263 3506 pro
286 3442 397 3508 vulgato
420 3457 486 3494 meu
509 3443 554 3492 vel
578 3458 616 3495 uc
638 3458 690 3509 ue;
718 3442 795 3493 codd.
816 3446 878 3494 aut
895 3442 1003 3493 habent

93 3530 265 3579 coniunctivo
284 3545 371 3593 praes.
389 3533 539 3596 conatur
558 3547 582 3581 v.
602 3521 732 3579 ‘Studien’
753 3545 778 3593 p.
799 3530 842 3580 68.
