2376 3924
126 221 154 270 11
426 218 636 270 ADNOTATIO
656 217 800 269 ommes

126 409 257 470 fiosndus,
276 408 347 458 unde
367 423 428 458 orsa
446 408 561 457 munitio
580 407 615 458 ad
633 413 751 458 montem
761 408 852 457 Iuram
872 411 944 458 esset
961 406 1106 472 perducta3

127 496 218 559 itaque
237 495 314 543 utin
332 495 421 559 priore
435 493 553 543 editione
568 509 627 543 oum
641 493 814 543 Hotomsnno
834 507 889 559 qua
908 493 1012 558 scripsi.
1034 491 1107 544 idem

127 582 230 646 recepit
246 580 368 629 Dtibner.

230 684 253 715 a.
269 669 309 728 11,
322 668 351 714 4:
371 664 463 716 eorlera
481 668 603 731 tempore
620 663 735 732 [Aedui]
754 662 889 717 Ambarri
907 661 988 732 cett]
1007 679 1106 715 nomen

127 751 291 813 Aeduorum,
315 766 383 815 quos
406 749 512 816 legatos
530 749 566 801 ad
584 749 727 801 Caesarem
745 751 851 800 misisse
871 748 949 799 modo
968 755 1107 801 narratum

129 842 182 898 est,
206 836 422 901 exstirpandum,
453 841 501 884 aut
523 849 576 900 quo
599 841 659 900 post
682 833 775 887 eodem
794 838 915 902 tempore
932 835 1108 886 inserendum

129 939 201 985 esse,
219 925 277 973 iure
299 923 403 972 monuit
419 922 524 974 Dinter.
554 921 657 971 Holder
675 935 728 987 quo
747 922 856 987 recepit.

231 1025 253 1059 o.
274 1011 313 1069 15,
332 1009 362 1056 4:
390 1007 463 1059 satis
486 1007 604 1060 babebat
628 1006 660 1058 ia
680 1005 846 1073 praeseutia
868 1005 972 1059 hostem
992 1006 1110 1074 rapinis

125 1093 361 1163 pabulationibus
379 1091 634 1161 [populationibus]
652 1108 703 1159 que
715 1090 888 1161 probibere]
913 1091 1110 1160 populationi-

129 1181 179 1234 bus
205 1186 386 1231 oorreoturam
410 1196 470 1230 esse
495 1181 570 1230 vocis
594 1178 829 1246 pabulationibus
859 1180 1002 1244 suspirans
1030 1182 1110 1231 uncis

128 1268 236 1317 inclusi.
274 1266 387 1316 alterum
414 1271 486 1316 certe
505 1264 668 1316 vocabulum
687 1266 807 1331 spurium
827 1281 886 1315 esse
905 1265 1040 1330 porticula
1058 1280 1110 1332 que

129 1355 210 1403 tertio
229 1353 312 1402 verbo
332 1352 460 1402 adiuncta
478 1352 580 1402 indicio
599 1357 647 1402 eet.

232 1455 255 1489 o.
276 1440 315 1500 17,
335 1441 363 1488 2:
386 1437 436 1490 boe
459 1437 597 1491 seditiosa
615 1443 698 1505 atque
721 1437 850 1505 improba
868 1435 996 1490 oratioue
1014 1436 1108 1492 malti-

130 1523 257 1577 tarliuem
276 1523 423 1589 deterrere,
441 1538 475 1576 11
493 1523 667 1589 framentum
688 1522 850 1590 restaurem
869 1522 943 1590 quod
959 1527 1110 1590 praestare

131 1610 270 1677 debeat,
295 1609 321 1662 si
343 1609 402 1661 iam
421 1608 620 1676 priucipatum
641 1608 752 1662 Galliae
773 1608 897 1662 obtinere
914 1623 972 1662 111
986 1609 1110 1677 passast,

133 1696 280 1750 Gallorum
292 1710 375 1763 qaam
384 1695 576 1749 Romanarum
588 1694 709 1762 imperia
719 1695 861 1763 perferre·
878 1710 965 1762 aepae
978 1693 1112 1748 dubitare

132 1781 249 1835 debeant
267 1779 353 1850 cett]
372 1781 443 1831 hano
462 1783 609 1848 superioris
623 1782 750 1832 editionis
762 1782 907 1832 lectionem
920 1782 1027 1843 retinui,
1041 1796 1111 1848 quse

131 1871 184 1919 nisi
203 1869 275 1934 quod
300 1866 423 1919 debeat
447 1883 508 1918 oum
526 1868 663 1933 Herzogio
688 1872 713 1917 et
737 1866 901 1918 Schneidero
925 1883 974 1933 pro
993 1865 1112 1920 debeant

131 1956 236 2020 scripsi,
264 1954 344 2019 plane
372 1969 433 2003 oum
461 1953 539 2004 codd.
566 1955 699 2020 scriptura
727 1955 869 2004 consentit.
904 1953 1062 2020 Nipperdey
1085 1959 1112 2005 et

130 2041 245 2090 Diibner
255 2039 329 2106 quod
339 2042 491 2106 praestare
503 2038 621 2093 debeaat
633 2042 812 2105 retinuerunt,
822 2040 921 2091 deinde
933 2055 998 2090 vero
1007 2055 1077 2107 pra
1085 2056 1111 2094 e·

131 2126 207 2192 ferre
226 2143 273 2193 pro
289 2123 418 2193 perferre
437 2126 603 2191 seripserunt
626 2131 653 2176 et
671 2127 786 2176 alterum
805 2123 924 2178 debeartt
943 2125 1111 2178 deleverunt.

131 2212 183 2262 hoo
202 2213 284 2262 etiem
302 2210 451 2276 Frigellins
471 2212 568 2274 omisit,
594 2229 655 2261 curn
679 2212 785 2277 reliqua
802 2212 887 2262 verbe
909 2213 1012 2262 intaeta
1030 2213 1112 2263 relin-

132 2304 234 2364 queret.
253 2299 301 2365 qni
318 2297 460 2347 Hellerum
479 2299 565 2348 secuti
579 2305 649 2360 sunt,
669 2297 896 2362 Kren.-Dittenb.,
914 2298 1111 2361 Dober.·Dint,

132 2403 187 2436 non
214 2386 292 2436 modo
320 2383 388 2433 illud
417 2381 534 2435 debeaat
561 2386 708 2447 eiecerunt,
734 2401 829 2435 verum
863 2385 945 2435 etiem
972 2385 1112 2451 superiora

132 2471 217 2522 verba
235 2474 462 2533 transposuerunt
489 2467 563 2535 quod
591 2468 723 2522 debeant:
745 2473 905 2535 praestare.
935 2470 1033 2521 Dinter
1059 2471 1112 2521 tris

131 2559 217 2608 verbe
245 2555 318 2623 quod
343 2583 375 2591 -
396 2553 513 2607 debebat
536 2585 571 2594 —
593 2555 711 2609 debearat
738 2558 815 2607 uncis
843 2558 956 2607 notavit.
980 2585 1013 2595 —
1036 2556 1060 2624 ἕ.
1080 2557 1111 2606 b:

132 2641 292 2695 uecessaria
312 2657 343 2694 re
360 2639 492 2710 coaetus]
523 2658 584 2692 cum
608 2642 680 2708 quod
703 2643 797 2707 optimi
821 2641 884 2691 libri
902 2642 1004 2692 habent
1021 2656 1113 2696 aeees·

133 2728 243 2781 sariam
260 2743 317 2782 rem
336 2732 402 2782 ferri
420 2734 546 2794 nequest,
566 2732 594 2780 in
606 2730 720 2796 vulgate
731 2745 796 2780 vero
809 2730 942 2795 scriptura
955 2729 1113 2783 necessario

133 2830 191 2868 rem
209 2820 272 2868 cett.
297 2823 344 2867 aut
366 2815 525 2870 necessario
552 2822 599 2867 sut
616 2820 730 2868 coaetus
759 2830 989 2880 supervacaneum
1013 2817 1056 2880 sit,
1083 2824 1115 2867 ut

134 2908 217 2953 antea
237 2919 269 2953 ex
287 2906 372 2970 Bong.
392 2906 407 2953 2
431 2901 592 2955 necessaria
615 2917 647 2954 re
670 2903 775 2968 recepi,
803 2902 874 2967 quod
898 2903 980 2952 etiam
1000 2903 1115 2954 Ddbner

135 2988 227 3039 edidit.

239 3076 370 3142 12121
393 3073 454 3142 ipse
479 3074 593 3128 iuterim
616 3075 648 3127 ia
671 3073 737 3127 eolle
760 3073 850 3127 medio
869 3072 1008 3140 triplicem
1026 3072 1114 3128 aeiem

135 3160 277 3213 iastruail
301 3160 440 3229 lepioaum
463 3165 598 3228 quattuor
625 3165 837 3228 veteranarum,-
861 3173 972 3226 supra
1001 3174 1059 3213 eas
1082 3160 1127 3217 in.

135 3262 241 3301 summo
268 3246 334 3315 iupa
358 3247 432 3300 eluas
459 3244 941 3316 11911111...111111111...1“1111’1]]
970 3247 1046 3298 codd.
1070 3245 1114 3300 ita

135 3332 180 3386 uti
199 3348 289 3400 supra
307 3332 365 3386 sed.
389 3334 511 3400 plerique
526 3334 643 3386 editores
653 3335 738 3386 verba
750 3333 794 3385 ita
805 3332 851 3386 uti
863 3347 954 3400 supra
967 3335 1115 3398 eiecerunt,

135 3419 296 3485 particulam
315 3417 372 3480 sea,
385 3419 451 3470 licet
463 3435 556 3484 perum
570 3425 633 3485 apta
645 3421 689 3482 sit,
701 3420 879 3470 retinuerunt.
898 3417 1116 3486 Oudendorpius,

136 3522 216 3572 quem
234 3503 339 3569 Frigell
358 3509 385 3555 et
396 3506 509 3557 Diibner
528 3507 614 3556 secuti
632 3512 702 3567 sunt,
722 3521 755 3556 ex
773 3520 825 3554 uno
845 3504 903 3555 ood.
916 3504 993 3556 Leid.
1006 3505 1116 3571 scripsit
