<?xml version="1.0" encoding="UTF-8"?>
<!DOCTYPE html PUBLIC "-//W3C//DTD XHTML 1.0 Transitional//EN"
    "http://www.w3.org/TR/xhtml1/DTD/xhtml1-transitional.dtd">
<html xmlns="http://www.w3.org/1999/xhtml" xml:lang="en" lang="en">
 <head>
  <title>
</title>
<meta http-equiv="Content-Type" content="text/html;charset=utf-8" />
  <meta name='ocr-system' content='tesseract 3.04.00' />
  <meta name='ocr-capabilities' content='ocr_page ocr_carea ocr_par ocr_line ocrx_word'/>
</head>
<body>
  <div class='ocr_page' id='page_1' title='image "./ciuliicaesarisc00hoffgoog/ciuliicaesarisc00hoffgoog_0279.png"; bbox 0 0 2376 3924; ppageno 0'>
   <div class='ocr_carea' id='block_1_1' title="bbox 167 204 842 274">
    <p class='ocr_par' dir='ltr' id='par_1_1' title="bbox 167 204 842 274">
     <span class='ocr_line' id='line_1_1' title="bbox 167 204 842 274; baseline -0.028 1"><span class='ocrx_word' id='word_1_1' title='bbox 167 209 230 274; x_wconf 81' lang='lat'><strong>226</strong></span> <span class='ocrx_word' id='word_1_2' title='bbox 471 208 522 258; x_wconf 83' lang='lat' dir='ltr'><strong>nn</strong></span> <span class='ocrx_word' id='word_1_3' title='bbox 544 206 665 257; x_wconf 78' lang='lat' dir='ltr'><strong>annno</strong></span> <span class='ocrx_word' id='word_1_4' title='bbox 685 204 842 256; x_wconf 76' lang='lat' dir='ltr'><strong>olomeo</strong></span> 
     </span>
    </p>
   </div>
   <div class='ocr_carea' id='block_1_2' title="bbox 146 395 1147 3180">
    <p class='ocr_par' dir='ltr' id='par_1_2' title="bbox 147 395 1146 794">
     <span class='ocr_line' id='line_1_2' title="bbox 147 395 1145 482; baseline 0.003 -23"><span class='ocrx_word' id='word_1_5' title='bbox 147 400 366 467; x_wconf 87' lang='lat' dir='ltr'><strong>osucccdunt.</strong></span> <span class='ocrx_word' id='word_1_6' title='bbox 388 397 506 482; x_wconf 82' lang='lat' dir='ltr'>Agger</span> <span class='ocrx_word' id='word_1_7' title='bbox 528 395 572 463; x_wconf 94' lang='lat' dir='ltr'><strong>ab</strong></span> <span class='ocrx_word' id='word_1_8' title='bbox 596 396 763 461; x_wconf 88' lang='lat' dir='ltr'><strong>universis</strong></span> <span class='ocrx_word' id='word_1_9' title='bbox 780 397 816 460; x_wconf 93' lang='lat' dir='ltr'><strong>in</strong></span> <span class='ocrx_word' id='word_1_10' title='bbox 830 397 1051 462; x_wconf 92' lang='lat' dir='ltr'><strong>munitionem</strong></span> <span class='ocrx_word' id='word_1_11' title='bbox 1067 419 1145 463; x_wconf 92' lang='lat' dir='ltr'><strong>con·</strong></span> 
     </span>
     <span class='ocr_line' id='line_1_3' title="bbox 168 498 1144 587; baseline -0.003 -18"><span class='ocrx_word' id='word_1_12' title='bbox 168 507 275 569; x_wconf 89' lang='lat' dir='ltr'><strong>iectus</strong></span> <span class='ocrx_word' id='word_1_13' title='bbox 300 513 333 569; x_wconf 90' lang='lat' dir='ltr'><strong>et</strong></span> <span class='ocrx_word' id='word_1_14' title='bbox 357 524 535 568; x_wconf 87' lang='lat' dir='ltr'><strong>ascensum</strong></span> <span class='ocrx_word' id='word_1_15' title='bbox 560 501 620 567; x_wconf 91' lang='lat' dir='ltr'><strong>dat</strong></span> <span class='ocrx_word' id='word_1_16' title='bbox 636 498 746 567; x_wconf 82' lang='lat' dir='ltr'><strong>Gallis</strong></span> <span class='ocrx_word' id='word_1_17' title='bbox 772 509 804 566; x_wconf 89' lang='lat' dir='ltr'><strong>et</strong></span> <span class='ocrx_word' id='word_1_18' title='bbox 822 522 873 584; x_wconf 91' lang='lat' dir='ltr'><strong>ea,</strong></span> <span class='ocrx_word' id='word_1_19' title='bbox 896 503 1035 587; x_wconf 90' lang='lat' dir='ltr'><strong>quaein</strong></span> <span class='ocrx_word' id='word_1_20' title='bbox 1052 510 1144 566; x_wconf 90' lang='lat' dir='ltr'><strong>terra</strong></span> 
     </span>
     <span class='ocr_line' id='line_1_4' title="bbox 169 605 1146 689; baseline 0 -17"><span class='ocrx_word' id='word_1_21' title='bbox 169 607 426 672; x_wconf 80' lang='lat' dir='ltr'><strong>occultaverant</strong></span> <span class='ocrx_word' id='word_1_22' title='bbox 459 605 613 685; x_wconf 90' lang='lat' dir='ltr'><strong>Romani,</strong></span> <span class='ocrx_word' id='word_1_23' title='bbox 647 605 815 689; x_wconf 79' lang='lat' dir='ltr'><strong>contegit3</strong></span> <span class='ocrx_word' id='word_1_24' title='bbox 852 625 915 669; x_wconf 92' lang='lat' dir='ltr'><strong>nec</strong></span> <span class='ocrx_word' id='word_1_25' title='bbox 948 605 1017 670; x_wconf 93' lang='lat' dir='ltr'><strong>iam</strong></span> <span class='ocrx_word' id='word_1_26' title='bbox 1052 628 1146 672; x_wconf 88' lang='lat' dir='ltr'><strong>arma</strong></span> 
     </span>
     <span class='ocr_line' id='line_1_5' title="bbox 168 708 710 794; baseline -0.006 -19"><span class='ocrx_word' id='word_1_27' title='bbox 168 712 293 775; x_wconf 89' lang='lat' dir='ltr'><strong>nostris</strong></span> <span class='ocrx_word' id='word_1_28' title='bbox 316 731 379 774; x_wconf 91' lang='lat' dir='ltr'><strong>nec</strong></span> <span class='ocrx_word' id='word_1_29' title='bbox 403 708 493 774; x_wconf 87' lang='lat' dir='ltr'><strong>vires</strong></span> <span class='ocrx_word' id='word_1_30' title='bbox 518 716 710 794; x_wconf 88' lang='lat' dir='ltr'><strong>suppetunt.</strong></span> 
     </span>
    </p>

    <p class='ocr_par' dir='ltr' id='par_1_3' title="bbox 146 808 1147 2144">
     <span class='ocr_line' id='line_1_6' title="bbox 254 808 1146 896; baseline 0 -19"><span class='ocrx_word' id='word_1_31' title='bbox 254 813 305 878; x_wconf 89' lang='lat'><strong>86.</strong></span> <span class='ocrx_word' id='word_1_32' title='bbox 328 813 392 878; x_wconf 92' lang='lat' dir='ltr'><strong>His</strong></span> <span class='ocrx_word' id='word_1_33' title='bbox 415 811 515 879; x_wconf 89' lang='lat' dir='ltr'><strong>rebus</strong></span> <span class='ocrx_word' id='word_1_34' title='bbox 539 812 686 896; x_wconf 82' lang='lat' dir='ltr'><strong>cognitis</strong></span> <span class='ocrx_word' id='word_1_35' title='bbox 706 808 835 876; x_wconf 83' lang='lat' dir='ltr'><strong>Caesar</strong></span> <span class='ocrx_word' id='word_1_36' title='bbox 855 809 1047 877; x_wconf 82' lang='lat' dir='ltr'><strong>Labienum</strong></span> <span class='ocrx_word' id='word_1_37' title='bbox 1071 833 1146 877; x_wconf 91' lang='lat' dir='ltr'><strong>cum</strong></span> 
     </span>
     <span class='ocr_line' id='line_1_7' title="bbox 146 914 1146 999; baseline 0.001 -18"><span class='ocrx_word' id='word_1_38' title='bbox 146 917 363 983; x_wconf 80' lang='lat' dir='ltr'><strong>acchortibus</strong></span> <span class='ocrx_word' id='word_1_39' title='bbox 394 938 455 982; x_wconf 86' lang='lat' dir='ltr'><strong>sex</strong></span> <span class='ocrx_word' id='word_1_40' title='bbox 485 916 637 981; x_wconf 91' lang='lat' dir='ltr'><strong>subsidio</strong></span> <span class='ocrx_word' id='word_1_41' title='bbox 665 914 901 980; x_wconf 82' lang='lat' dir='ltr'><strong>laborantibus</strong></span> <span class='ocrx_word' id='word_1_42' title='bbox 929 916 1051 999; x_wconf 64' lang='lat' dir='ltr'><strong>mittit,</strong></span> <span class='ocrx_word' id='word_1_43' title='bbox 1087 917 1146 982; x_wconf 93' lang='lat' dir='ltr'><strong>im-</strong></span> 
     </span>
     <span class='ocr_line' id='line_1_8' title="bbox 167 1017 1146 1106; baseline 0 -20"><span class='ocrx_word' id='word_1_44' title='bbox 167 1029 276 1106; x_wconf 89' lang='lat' dir='ltr'><strong>perat,</strong></span> <span class='ocrx_word' id='word_1_45' title='bbox 300 1021 329 1085; x_wconf 89' lang='lat' dir='ltr'><strong>si</strong></span> <span class='ocrx_word' id='word_1_46' title='bbox 346 1021 513 1085; x_wconf 83' lang='lat' dir='ltr'><strong>&#39;sustinere</strong></span> <span class='ocrx_word' id='word_1_47' title='bbox 535 1040 602 1083; x_wconf 94' lang='lat' dir='ltr'><strong>non</strong></span> <span class='ocrx_word' id='word_1_48' title='bbox 624 1027 750 1106; x_wconf 88' lang='lat' dir='ltr'><strong>posset,</strong></span> <span class='ocrx_word' id='word_1_49' title='bbox 774 1017 928 1084; x_wconf 89' lang='lat' dir='ltr'><strong>deductis</strong></span> <span class='ocrx_word' id='word_1_50' title='bbox 951 1019 1146 1086; x_wconf 78' lang='lat' dir='ltr'><strong>cohortibus</strong></span> 
     </span>
     <span class='ocr_line' id='line_1_9' title="bbox 170 1111 1146 1210; baseline 0 -21"><span class='ocrx_word' id='word_1_51' title='bbox 170 1126 346 1210; x_wconf 85' lang='lat' dir='ltr'><strong>eruptione</strong></span> <span class='ocrx_word' id='word_1_52' title='bbox 379 1133 563 1210; x_wconf 80' lang='lat' dir='ltr'><strong>pugnaret3</strong></span> <span class='ocrx_word' id='word_1_53' title='bbox 598 1122 634 1188; x_wconf 92' lang='lat' dir='ltr'><strong>id</strong></span> <span class='ocrx_word' id='word_1_54' title='bbox 655 1122 724 1187; x_wconf 91' lang='lat' dir='ltr'><strong>nisi</strong></span> <span class='ocrx_word' id='word_1_55' title='bbox 746 1123 940 1187; x_wconf 87' lang='lat' dir='ltr'><strong>necessario</strong></span> <span class='ocrx_word' id='word_1_56' title='bbox 963 1145 1006 1189; x_wconf 91' lang='lat' dir='ltr'><strong>ne</strong></span> <span class='ocrx_word' id='word_1_57' title='bbox 1028 1111 1146 1189; x_wconf 81' lang='lat' dir='ltr'><strong>faciat.</strong></span> 
     </span>
     <span class='ocr_line' id='line_1_10' title="bbox 147 1224 1146 1314; baseline 0 -23"><span class='ocrx_word' id='word_1_58' title='bbox 147 1229 245 1313; x_wconf 83' lang='lat' dir='ltr'><strong>alpsc</strong></span> <span class='ocrx_word' id='word_1_59' title='bbox 268 1227 342 1293; x_wconf 91' lang='lat' dir='ltr'><strong>adit</strong></span> <span class='ocrx_word' id='word_1_60' title='bbox 364 1226 521 1314; x_wconf 91' lang='lat' dir='ltr'><strong>reliquos,</strong></span> <span class='ocrx_word' id='word_1_61' title='bbox 556 1226 762 1310; x_wconf 87' lang='lat' dir='ltr'><strong>cohortatur,</strong></span> <span class='ocrx_word' id='word_1_62' title='bbox 796 1248 838 1292; x_wconf 91' lang='lat' dir='ltr'><strong>ne</strong></span> <span class='ocrx_word' id='word_1_63' title='bbox 860 1224 971 1292; x_wconf 91' lang='lat' dir='ltr'><strong>labori</strong></span> <span class='ocrx_word' id='word_1_64' title='bbox 994 1247 1146 1292; x_wconf 88' lang='lat' dir='ltr'><strong>succum·</strong></span> 
     </span>
     <span class='ocr_line' id='line_1_11' title="bbox 167 1328 1145 1415; baseline -0.001 -19"><span class='ocrx_word' id='word_1_65' title='bbox 167 1330 268 1414; x_wconf 67' lang='lat' dir='ltr'><strong>bant,</strong></span> <span class='ocrx_word' id='word_1_66' title='bbox 306 1333 453 1396; x_wconf 91' lang='lat' dir='ltr'><strong>omnium</strong></span> <span class='ocrx_word' id='word_1_67' title='bbox 483 1332 691 1415; x_wconf 79' lang='lat' dir='ltr'><strong>superiorum</strong></span> <span class='ocrx_word' id='word_1_68' title='bbox 716 1330 970 1395; x_wconf 84' lang='lat' dir='ltr'><strong>dimicationum</strong></span> <span class='ocrx_word' id='word_1_69' title='bbox 1000 1328 1145 1395; x_wconf 82' lang='lat' dir='ltr'><strong>fructum</strong></span> 
     </span>
     <span class='ocr_line' id='line_1_12' title="bbox 147 1433 1144 1522; baseline 0.001 -25"><span class='ocrx_word' id='word_1_70' title='bbox 147 1437 203 1499; x_wconf 74' lang='lat' dir='ltr'><strong>rin</strong></span> <span class='ocrx_word' id='word_1_71' title='bbox 227 1456 265 1500; x_wconf 90' lang='lat' dir='ltr'><strong>eo</strong></span> <span class='ocrx_word' id='word_1_72' title='bbox 290 1434 345 1501; x_wconf 92' lang='lat' dir='ltr'><strong>die</strong></span> <span class='ocrx_word' id='word_1_73' title='bbox 368 1445 469 1522; x_wconf 91' lang='lat' dir='ltr'><strong>atque</strong></span> <span class='ocrx_word' id='word_1_74' title='bbox 491 1435 575 1500; x_wconf 87' lang='lat' dir='ltr'><strong>hora</strong></span> <span class='ocrx_word' id='word_1_75' title='bbox 599 1433 698 1500; x_wconf 92' lang='lat' dir='ltr'><strong>docet</strong></span> <span class='ocrx_word' id='word_1_76' title='bbox 721 1434 917 1500; x_wconf 78' lang='lat' dir='ltr'><strong>consistere.</strong></span> <span class='ocrx_word' id='word_1_77' title='bbox 962 1433 1144 1500; x_wconf 88' lang='lat' dir='ltr'><strong>Interiores</strong></span> 
     </span>
     <span class='ocr_line' id='line_1_13' title="bbox 169 1536 1147 1624; baseline -0.001 -20"><span class='ocrx_word' id='word_1_78' title='bbox 169 1539 356 1624; x_wconf 88' lang='lat' dir='ltr'><strong>desperatis</strong></span> <span class='ocrx_word' id='word_1_79' title='bbox 368 1537 613 1624; x_wconf 91' lang='lat' dir='ltr'><strong>campestribus</strong></span> <span class='ocrx_word' id='word_1_80' title='bbox 628 1537 713 1602; x_wconf 89' lang='lat' dir='ltr'><strong>locis</strong></span> <span class='ocrx_word' id='word_1_81' title='bbox 727 1546 864 1624; x_wconf 91' lang='lat' dir='ltr'><strong>propter</strong></span> <span class='ocrx_word' id='word_1_82' title='bbox 879 1536 1147 1620; x_wconf 82' lang='lat' dir='ltr'><strong>magnitudinem</strong></span> 
     </span>
     <span class='ocr_line' id='line_1_14' title="bbox 168 1641 1145 1728; baseline 0.001 -21"><span class='ocrx_word' id='word_1_83' title='bbox 168 1643 389 1708; x_wconf 87' lang='lat' dir='ltr'><strong>munitionum</strong></span> <span class='ocrx_word' id='word_1_84' title='bbox 401 1641 477 1707; x_wconf 91' lang='lat' dir='ltr'><strong>loca</strong></span> <span class='ocrx_word' id='word_1_85' title='bbox 490 1651 672 1728; x_wconf 89' lang='lat' dir='ltr'><strong>praerupta</strong></span> <span class='ocrx_word' id='word_1_86' title='bbox 682 1649 1069 1728; x_wconf 77' lang='lat' dir='ltr'><strong>exascensutemptant3</strong></span> <span class='ocrx_word' id='word_1_87' title='bbox 1082 1642 1145 1708; x_wconf 91' lang='lat' dir='ltr'><strong>huc</strong></span> 
     </span>
     <span class='ocr_line' id='line_1_15' title="bbox 146 1743 1146 1832; baseline 0.005 -24"><span class='ocrx_word' id='word_1_88' title='bbox 146 1767 218 1830; x_wconf 81' lang='lat' dir='ltr'><strong>oea,</strong></span> <span class='ocrx_word' id='word_1_89' title='bbox 235 1769 320 1832; x_wconf 91' lang='lat' dir='ltr'><strong>quae</strong></span> <span class='ocrx_word' id='word_1_90' title='bbox 335 1754 551 1831; x_wconf 89' lang='lat' dir='ltr'><strong>paraverant,</strong></span> <span class='ocrx_word' id='word_1_91' title='bbox 569 1744 755 1811; x_wconf 84' lang='lat' dir='ltr'><strong>conserunt.</strong></span> <span class='ocrx_word' id='word_1_92' title='bbox 770 1743 988 1811; x_wconf 87' lang='lat' dir='ltr'><strong>Multitudine</strong></span> <span class='ocrx_word' id='word_1_93' title='bbox 1002 1744 1146 1813; x_wconf 82' lang='lat' dir='ltr'><strong>telorum</strong></span> 
     </span>
     <span class='ocr_line' id='line_1_16' title="bbox 168 1846 1145 1936; baseline 0.003 -23"><span class='ocrx_word' id='word_1_94' title='bbox 168 1872 211 1914; x_wconf 86' lang='lat' dir='ltr'><strong>ex</strong></span> <span class='ocrx_word' id='word_1_95' title='bbox 227 1848 376 1914; x_wconf 87' lang='lat' dir='ltr'><strong>turribus</strong></span> <span class='ocrx_word' id='word_1_96' title='bbox 399 1858 653 1936; x_wconf 86' lang='lat' dir='ltr'><strong>propugnantes</strong></span> <span class='ocrx_word' id='word_1_97' title='bbox 671 1846 863 1931; x_wconf 86' lang='lat' dir='ltr'><strong>deturbant,</strong></span> <span class='ocrx_word' id='word_1_98' title='bbox 880 1868 1007 1933; x_wconf 88' lang='lat' dir='ltr'><strong>aggere</strong></span> <span class='ocrx_word' id='word_1_99' title='bbox 1023 1859 1058 1915; x_wconf 88' lang='lat' dir='ltr'><strong>et</strong></span> <span class='ocrx_word' id='word_1_100' title='bbox 1073 1871 1145 1916; x_wconf 87' lang='lat' dir='ltr'><strong>cra·</strong></span> 
     </span>
     <span class='ocr_line' id='line_1_17' title="bbox 168 1951 1145 2038; baseline 0.003 -21"><span class='ocrx_word' id='word_1_101' title='bbox 168 1952 258 2017; x_wconf 91' lang='lat' dir='ltr'><strong>tibus</strong></span> <span class='ocrx_word' id='word_1_102' title='bbox 288 1952 399 2018; x_wconf 89' lang='lat' dir='ltr'><strong>fossas</strong></span> <span class='ocrx_word' id='word_1_103' title='bbox 430 1951 579 2038; x_wconf 87' lang='lat' dir='ltr'><strong>explent,</strong></span> <span class='ocrx_word' id='word_1_104' title='bbox 609 1951 754 2017; x_wconf 91' lang='lat' dir='ltr'><strong>falcibus</strong></span> <span class='ocrx_word' id='word_1_105' title='bbox 779 1951 905 2017; x_wconf 87' lang='lat' dir='ltr'><strong>vallum</strong></span> <span class='ocrx_word' id='word_1_106' title='bbox 934 1973 975 2017; x_wconf 89' lang='lat' dir='ltr'><strong>ac</strong></span> <span class='ocrx_word' id='word_1_107' title='bbox 1003 1951 1145 2020; x_wconf 86' lang='lat' dir='ltr'><strong>loricam</strong></span> 
     </span>
     <span class='ocr_line' id='line_1_18' title="bbox 166 2057 450 2144; baseline -0.007 -21"><span class='ocrx_word' id='word_1_108' title='bbox 166 2057 374 2123; x_wconf 89' lang='lat' dir='ltr'><strong>rescindunt.</strong></span> <span class='ocrx_word' id='word_1_109' title='bbox 448 2137 450 2144; x_wconf 26' lang='grc' dir='ltr'>Ι</span> 
     </span>
    </p>

    <p class='ocr_par' dir='ltr' id='par_1_4' title="bbox 147 2159 1147 3180">
     <span class='ocr_line' id='line_1_19' title="bbox 254 2159 1145 2248; baseline 0.003 -23"><span class='ocrx_word' id='word_1_110' title='bbox 254 2159 304 2225; x_wconf 80' lang='grc'><strong>87.</strong></span> <span class='ocrx_word' id='word_1_111' title='bbox 328 2160 436 2226; x_wconf 89' lang='lat' dir='ltr'><strong>Mittit</strong></span> <span class='ocrx_word' id='word_1_112' title='bbox 468 2164 576 2248; x_wconf 90' lang='lat' dir='ltr'><strong>primo</strong></span> <span class='ocrx_word' id='word_1_113' title='bbox 609 2163 752 2228; x_wconf 90' lang='lat' dir='ltr'><strong>Brutum</strong></span> <span class='ocrx_word' id='word_1_114' title='bbox 786 2159 1037 2227; x_wconf 85' lang='lat' dir='ltr'><strong>adulescentem</strong></span> <span class='ocrx_word' id='word_1_115' title='bbox 1070 2183 1145 2228; x_wconf 92' lang='lat' dir='ltr'><strong>cum</strong></span> 
     </span>
     <span class='ocr_line' id='line_1_20' title="bbox 169 2261 1146 2352; baseline 0.003 -23"><span class='ocrx_word' id='word_1_116' title='bbox 169 2263 363 2330; x_wconf 89' lang='lat' dir='ltr'><strong>cohortibus</strong></span> <span class='ocrx_word' id='word_1_117' title='bbox 387 2263 525 2348; x_wconf 78' lang='lat' dir='ltr'><strong>Caesar,</strong></span> <span class='ocrx_word' id='word_1_118' title='bbox 555 2274 630 2352; x_wconf 90' lang='lat' dir='ltr'><strong>post</strong></span> <span class='ocrx_word' id='word_1_119' title='bbox 654 2288 730 2331; x_wconf 94' lang='lat' dir='ltr'><strong>cum</strong></span> <span class='ocrx_word' id='word_1_120' title='bbox 753 2265 831 2331; x_wconf 91' lang='lat' dir='ltr'><strong>aliis</strong></span> <span class='ocrx_word' id='word_1_121' title='bbox 855 2261 979 2330; x_wconf 82' lang='lat' dir='ltr'><strong>Gaium</strong></span> <span class='ocrx_word' id='word_1_122' title='bbox 1000 2263 1146 2332; x_wconf 86' lang='lat' dir='ltr'><strong>Fabium</strong></span> 
     </span>
     <span class='ocr_line' id='line_1_21' title="bbox 147 2367 1145 2455; baseline 0.006 -26"><span class='ocrx_word' id='word_1_123' title='bbox 147 2368 335 2453; x_wconf 78' lang='lat' dir='ltr'><strong>alegatum3</strong></span> <span class='ocrx_word' id='word_1_124' title='bbox 358 2378 527 2454; x_wconf 89' lang='lat' dir='ltr'><strong>postremo</strong></span> <span class='ocrx_word' id='word_1_125' title='bbox 551 2371 633 2454; x_wconf 90' lang='lat' dir='ltr'><strong>ipse,</strong></span> <span class='ocrx_word' id='word_1_126' title='bbox 665 2390 740 2433; x_wconf 92' lang='lat' dir='ltr'><strong>cum</strong></span> <span class='ocrx_word' id='word_1_127' title='bbox 764 2367 994 2432; x_wconf 88' lang='lat' dir='ltr'><strong>vehementius</strong></span> <span class='ocrx_word' id='word_1_128' title='bbox 1016 2389 1145 2455; x_wconf 92' lang='lat' dir='ltr'><strong>pugna·</strong></span> 
     </span>
     <span class='ocr_line' id='line_1_22' title="bbox 147 2472 1145 2558; baseline 0.005 -24"><span class='ocrx_word' id='word_1_129' title='bbox 147 2481 270 2555; x_wconf 85' lang='lat' dir='ltr'><strong>aretur,</strong></span> <span class='ocrx_word' id='word_1_130' title='bbox 293 2473 446 2556; x_wconf 92' lang='lat' dir='ltr'><strong>integros</strong></span> <span class='ocrx_word' id='word_1_131' title='bbox 470 2472 621 2539; x_wconf 87' lang='lat' dir='ltr'><strong>subsidio</strong></span> <span class='ocrx_word' id='word_1_132' title='bbox 645 2472 795 2538; x_wconf 88' lang='lat' dir='ltr'><strong>adducit.</strong></span> <span class='ocrx_word' id='word_1_133' title='bbox 824 2472 994 2538; x_wconf 91' lang='lat' dir='ltr'><strong>Restituto</strong></span> <span class='ocrx_word' id='word_1_134' title='bbox 1018 2473 1145 2558; x_wconf 88' lang='lat' dir='ltr'><strong>proelio</strong></span> 
     </span>
     <span class='ocr_line' id='line_1_23' title="bbox 169 2574 1145 2661; baseline 0.002 -21"><span class='ocrx_word' id='word_1_135' title='bbox 169 2598 210 2641; x_wconf 90' lang='lat' dir='ltr'><strong>ac</strong></span> <span class='ocrx_word' id='word_1_136' title='bbox 239 2575 383 2661; x_wconf 89' lang='lat' dir='ltr'><strong>repulsis</strong></span> <span class='ocrx_word' id='word_1_137' title='bbox 412 2575 566 2641; x_wconf 91' lang='lat' dir='ltr'><strong>hostibus</strong></span> <span class='ocrx_word' id='word_1_138' title='bbox 599 2597 649 2660; x_wconf 92' lang='lat' dir='ltr'><strong>eo,</strong></span> <span class='ocrx_word' id='word_1_139' title='bbox 678 2597 741 2661; x_wconf 95' lang='lat' dir='ltr'><strong>quo</strong></span> <span class='ocrx_word' id='word_1_140' title='bbox 771 2574 961 2640; x_wconf 88' lang='lat' dir='ltr'><strong>Labienum</strong></span> <span class='ocrx_word' id='word_1_141' title='bbox 995 2577 1145 2660; x_wconf 84' lang='lat' dir='ltr'><strong>miserat,</strong></span> 
     </span>
     <span class='ocr_line' id='line_1_24' title="bbox 148 2679 1145 2766; baseline 0.007 -26"><span class='ocrx_word' id='word_1_142' title='bbox 148 2680 360 2765; x_wconf 79' lang='lat' dir='ltr'><strong>reontendit3</strong></span> <span class='ocrx_word' id='word_1_143' title='bbox 396 2680 552 2747; x_wconf 90' lang='lat' dir='ltr'><strong>cohortes</strong></span> <span class='ocrx_word' id='word_1_144' title='bbox 576 2689 737 2766; x_wconf 90' lang='lat' dir='ltr'><strong>quattuor</strong></span> <span class='ocrx_word' id='word_1_145' title='bbox 760 2703 803 2745; x_wconf 84' lang='lat' dir='ltr'><strong>ex</strong></span> <span class='ocrx_word' id='word_1_146' title='bbox 825 2680 979 2766; x_wconf 83' lang='lat' dir='ltr'><strong>proximo</strong></span> <span class='ocrx_word' id='word_1_147' title='bbox 1002 2679 1145 2747; x_wconf 89' lang='lat' dir='ltr'><strong>castello</strong></span> 
     </span>
     <span class='ocr_line' id='line_1_25' title="bbox 170 2783 1147 2870; baseline 0.002 -22"><span class='ocrx_word' id='word_1_148' title='bbox 170 2783 317 2867; x_wconf 88' lang='lat' dir='ltr'><strong>deducit,</strong></span> <span class='ocrx_word' id='word_1_149' title='bbox 352 2785 499 2869; x_wconf 91' lang='lat' dir='ltr'><strong>equitum</strong></span> <span class='ocrx_word' id='word_1_150' title='bbox 522 2793 653 2870; x_wconf 89' lang='lat' dir='ltr'><strong>partem</strong></span> <span class='ocrx_word' id='word_1_151' title='bbox 677 2785 781 2870; x_wconf 91' lang='lat' dir='ltr'><strong>sequi,</strong></span> <span class='ocrx_word' id='word_1_152' title='bbox 814 2793 945 2870; x_wconf 91' lang='lat' dir='ltr'><strong>partem</strong></span> <span class='ocrx_word' id='word_1_153' title='bbox 968 2784 1147 2850; x_wconf 89' lang='lat' dir='ltr'><strong>circumire</strong></span> 
     </span>
     <span class='ocr_line' id='line_1_26' title="bbox 169 2886 1145 2971; baseline 0.005 -22"><span class='ocrx_word' id='word_1_154' title='bbox 169 2888 356 2952; x_wconf 86' lang='lat' dir='ltr'><strong>exteriores</strong></span> <span class='ocrx_word' id='word_1_155' title='bbox 385 2887 588 2952; x_wconf 91' lang='lat' dir='ltr'><strong>munitiones</strong></span> <span class='ocrx_word' id='word_1_156' title='bbox 612 2897 646 2952; x_wconf 87' lang='lat' dir='ltr'><strong>at</strong></span> <span class='ocrx_word' id='word_1_157' title='bbox 676 2887 720 2953; x_wconf 88' lang='lat' dir='ltr'><strong>ab</strong></span> <span class='ocrx_word' id='word_1_158' title='bbox 748 2896 845 2971; x_wconf 91' lang='lat' dir='ltr'><strong>tergo</strong></span> <span class='ocrx_word' id='word_1_159' title='bbox 874 2886 989 2954; x_wconf 87' lang='lat' dir='ltr'><strong>hostes</strong></span> <span class='ocrx_word' id='word_1_160' title='bbox 1018 2886 1145 2954; x_wconf 87' lang='lat' dir='ltr'><strong>adoriri</strong></span> 
     </span>
     <span class='ocr_line' id='line_1_27' title="bbox 147 2988 1146 3079; baseline 0.006 -27"><span class='ocrx_word' id='word_1_161' title='bbox 147 2988 269 3054; x_wconf 79' lang='lat' dir='ltr'><strong>⁵iubet.</strong></span> <span class='ocrx_word' id='word_1_162' title='bbox 314 2989 498 3075; x_wconf 89' lang='lat' dir='ltr'><strong>Labienus,</strong></span> <span class='ocrx_word' id='word_1_163' title='bbox 532 2999 709 3077; x_wconf 89' lang='lat' dir='ltr'><strong>postquam</strong></span> <span class='ocrx_word' id='word_1_164' title='bbox 739 3014 847 3078; x_wconf 86' lang='lat' dir='ltr'><strong>nequa</strong></span> <span class='ocrx_word' id='word_1_165' title='bbox 870 3012 1014 3077; x_wconf 84' lang='lat' dir='ltr'><strong>aggeres</strong></span> <span class='ocrx_word' id='word_1_166' title='bbox 1036 3013 1146 3079; x_wconf 84' lang='lat' dir='ltr'><strong>neque</strong></span> 
     </span>
     <span class='ocr_line' id='line_1_28' title="bbox 167 3092 1146 3180; baseline 0.005 -24"><span class='ocrx_word' id='word_1_167' title='bbox 167 3093 280 3157; x_wconf 86' lang='lat' dir='ltr'><strong>fossae</strong></span> <span class='ocrx_word' id='word_1_168' title='bbox 303 3093 371 3157; x_wconf 86' lang='lat' dir='ltr'><strong>vim</strong></span> <span class='ocrx_word' id='word_1_169' title='bbox 393 3092 540 3158; x_wconf 92' lang='lat' dir='ltr'><strong>hostium</strong></span> <span class='ocrx_word' id='word_1_170' title='bbox 559 3095 727 3160; x_wconf 89' lang='lat' dir='ltr'><strong>sustinere</strong></span> <span class='ocrx_word' id='word_1_171' title='bbox 741 3104 909 3180; x_wconf 89' lang='lat' dir='ltr'><strong>poterant,</strong></span> <span class='ocrx_word' id='word_1_172' title='bbox 932 3096 1062 3161; x_wconf 88' lang='lat' dir='ltr'><strong>coactis</strong></span> <span class='ocrx_word' id='word_1_173' title='bbox 1078 3117 1146 3162; x_wconf 85' lang='lat' dir='ltr'><strong>una</strong></span> 
     </span>
    </p>
   </div>
   <div class='ocr_carea' id='block_1_3' title="bbox 168 3194 1146 3389">
    <p class='ocr_par' dir='ltr' id='par_1_5' title="bbox 168 3194 1146 3389">
     <span class='ocr_line' id='line_1_29' title="bbox 168 3194 1146 3285; baseline 0.007 -27"><span class='ocrx_word' id='word_1_174' title='bbox 168 3213 214 3259; x_wconf 80' lang='lat' dir='ltr'><strong>xn</strong></span> <span class='ocrx_word' id='word_1_175' title='bbox 229 3194 435 3279; x_wconf 90' lang='lat' dir='ltr'><strong>cohortibus,</strong></span> <span class='ocrx_word' id='word_1_176' title='bbox 448 3219 532 3282; x_wconf 91' lang='lat' dir='ltr'><strong>quas</strong></span> <span class='ocrx_word' id='word_1_177' title='bbox 550 3220 592 3263; x_wconf 87' lang='lat' dir='ltr'><strong>ex</strong></span> <span class='ocrx_word' id='word_1_178' title='bbox 604 3198 767 3283; x_wconf 87' lang='lat' dir='ltr'><strong>proximis</strong></span> <span class='ocrx_word' id='word_1_179' title='bbox 782 3198 963 3285; x_wconf 86' lang='lat' dir='ltr'><strong>praesidiis</strong></span> <span class='ocrx_word' id='word_1_180' title='bbox 981 3198 1146 3267; x_wconf 87' lang='lat' dir='ltr'><strong>deductas</strong></span> 
     </span>
     <span class='ocr_line' id='line_1_30' title="bbox 168 3300 1145 3389; baseline 0.006 -24"><span class='ocrx_word' id='word_1_181' title='bbox 168 3300 236 3365; x_wconf 85' lang='lat' dir='ltr'><strong>fors</strong></span> <span class='ocrx_word' id='word_1_182' title='bbox 262 3300 395 3383; x_wconf 90' lang='lat' dir='ltr'><strong>obtulit,</strong></span> <span class='ocrx_word' id='word_1_183' title='bbox 412 3300 594 3367; x_wconf 82' lang='lat' dir='ltr'><strong>Caesarem</strong></span> <span class='ocrx_word' id='word_1_184' title='bbox 609 3325 670 3388; x_wconf 90' lang='lat' dir='ltr'><strong>per</strong></span> <span class='ocrx_word' id='word_1_185' title='bbox 691 3305 827 3369; x_wconf 88' lang='lat' dir='ltr'><strong>nuntios</strong></span> <span class='ocrx_word' id='word_1_186' title='bbox 850 3303 934 3379; x_wconf 87' lang='lat' dir='ltr'><strong>facit</strong></span> <span class='ocrx_word' id='word_1_187' title='bbox 957 3305 1145 3389; x_wconf 88' lang='lat' dir='ltr'><strong>certiorem,</strong></span> 
     </span>
    </p>
   </div>
   <div class='ocr_carea' id='block_1_4' title="bbox 168 3404 1146 3593">
    <p class='ocr_par' dir='ltr' id='par_1_6' title="bbox 168 3404 1146 3593">
     <span class='ocr_line' id='line_1_31' title="bbox 169 3404 1146 3494; baseline 0.007 -25"><span class='ocrx_word' id='word_1_188' title='bbox 169 3405 250 3490; x_wconf 92' lang='lat' dir='ltr'><strong>quid</strong></span> <span class='ocrx_word' id='word_1_189' title='bbox 283 3404 474 3471; x_wconf 89' lang='lat' dir='ltr'><strong>faciendum</strong></span> <span class='ocrx_word' id='word_1_190' title='bbox 508 3408 688 3473; x_wconf 86' lang='lat' dir='ltr'><strong>existimet.</strong></span> <span class='ocrx_word' id='word_1_191' title='bbox 734 3407 915 3475; x_wconf 85' lang='lat' dir='ltr'><strong>Accelerat</strong></span> <span class='ocrx_word' id='word_1_192' title='bbox 938 3407 1075 3494; x_wconf 79' lang='lat' dir='ltr'><strong>Caesar,</strong></span> <span class='ocrx_word' id='word_1_193' title='bbox 1108 3418 1146 3476; x_wconf 91' lang='lat' dir='ltr'><strong>ut</strong></span> 
     </span>
     <span class='ocr_line' id='line_1_32' title="bbox 168 3507 462 3593; baseline 0.007 -21"><span class='ocrx_word' id='word_1_194' title='bbox 168 3507 294 3593; x_wconf 89' lang='lat' dir='ltr'><strong>proelio</strong></span> <span class='ocrx_word' id='word_1_195' title='bbox 319 3510 462 3575; x_wconf 90' lang='lat' dir='ltr'><strong>intersit.</strong></span> 
     </span>
    </p>
   </div>
   <div class='ocr_carea' id='block_1_5' title="bbox 0 0 1192 3924">
    <p class='ocr_par' dir='ltr' id='par_1_7' title="bbox 0 0 1192 3924">
     <span class='ocr_line' id='line_1_33' title="bbox 0 0 1192 3924; baseline 0 0"><span class='ocrx_word' id='word_1_196' title='bbox 0 0 1192 3924; x_wconf 95' lang='lat' dir='ltr'><strong> </strong></span> 
     </span>
    </p>
   </div>
  </div>
 </body>
</html>
