2376 3924
149 240 213 304 254
487 242 597 292 snam
615 241 785 293 nrnronui

52 445 56 452 '
148 431 201 495 die
223 435 353 518 propius
377 454 489 498 eorum
521 436 625 499 aciem
657 436 794 500 instituit
826 436 1035 520 exporrigere
1059 457 1130 502 mu·

148 537 294 601 nitiones.
1131 555 1135 561 ·

234 640 286 704 43.
310 641 445 705 Interim
468 639 648 724 Considius,
672 643 726 728 qui
748 641 887 707 Acillam
911 693 917 706 .
943 693 949 706 .
975 693 981 707 .
1006 652 1130 713 etvl11

148 743 333 809 cohortibus
356 744 572 829 stipendiariis
595 745 743 811 Numidis
767 744 978 832 Gaetulisque
1001 746 1131 814 obside·

70 883 73 887 ·
147 846 214 930 bat,
237 846 293 911 ubi
309 846 344 911 O.
361 849 500 913 Messius
516 848 701 914 cohortibus
716 860 876 935 praeerat,
900 850 956 915 diu
977 851 1131 917 multum·

148 971 212 1034 que
235 960 389 1035 expertus
412 953 603 1037 magnisque
626 951 777 1038 operibus
807 975 904 1039 saepe
933 954 1073 1020 admotis
1096 965 1132 1021 et

148 1054 197 1117 his
220 1053 262 1117 ab
279 1052 447 1139 oppidanis
470 1054 609 1119 incensis
625 1076 699 1120 cum
721 1055 893 1141 proficeret
908 1057 995 1140 nihil,
1019 1058 1130 1123 subito

148 1160 259 1223 nuntio
276 1159 316 1225 de
333 1161 474 1244 equestri
496 1158 615 1245 proeho
631 1158 727 1224 allato
742 1168 929 1244 commotus,
952 1160 1129 1246 frumento,

148 1265 239 1333 cuius
263 1264 295 1327 in
320 1265 433 1328 castris
449 1265 574 1349 copiam
596 1263 766 1346 habuerat,
789 1266 930 1346 incenso,
946 1266 1032 1348 vino,
1058 1264 1130 1331 oleo

149 1370 327 1453 ceterisque
349 1367 458 1450 rebus,
482 1389 565 1452 quae
589 1367 631 1432 ad
646 1370 769 1433 victum
790 1371 900 1455 parari
923 1367 1035 1451 solent,
1061 1391 1131 1434 cor·
1161 1447 1165 1451 .

148 1474 251 1558 ruptis
274 1471 422 1555 Acillam,
458 1494 556 1558 quam
579 1471 758 1555 obsidebat,
793 1472 936 1537 deseruit
958 1481 1058 1557 atque
1080 1474 1131 1537 iti-

148 1597 225 1640 nere
248 1597 307 1662 per
334 1598 472 1661 regnum
499 1575 601 1640 Iubae
630 1575 714 1641 facto
743 1578 851 1662 copias
880 1598 953 1641 cum
976 1576 1130 1661 Scipione

148 1683 285 1766 partitus
307 1679 526 1745 Adrumetum
548 1702 582 1744 se
605 1682 736 1766 recepit.

234 1785 285 1849 44.
309 1787 440 1850 Interea
476 1808 519 1849 ex
556 1785 698 1850 secundo
735 1793 926 1867 commeatu,
971 1806 1070 1870 quem
1109 1811 1130 1852 a

149 1887 256 1953 Sicilia
288 1891 420 1954 miserat
442 1887 586 1970 Alienus,
620 1890 712 1952 navis
745 1909 820 1971 una,
854 1890 887 1952 in
921 1909 986 1973 qua
1018 1888 1131 1955 fuerat

150 1992 190 2072 Q.
215 1990 378 2057 Cominius
401 2001 434 2057 et
455 1992 495 2057 L.
518 1991 642 2076 Ticida,
666 2014 765 2078 eques
787 1995 962 2072 Romanus,
986 1991 1029 2057 ah
1052 1997 1131 2060 resi.

150 2094 215 2159 dua
238 2095 339 2160 classe
362 2117 436 2161 cum
464 2097 639 2161 erravisset
661 2095 832 2183 delataque
856 2105 941 2161 esset
962 2106 1061 2163 vento
1085 2099 1129 2164 ad

149 2199 312 2284 Thapson,
342 2198 526 2283 aVergilio
560 2199 688 2285 scaphis
721 2197 942 2284 naviculisque
975 2204 1131 2285 actuariis

128 2312 289 2389 sexcepta
311 2313 360 2367 est
382 2312 414 2367 et
435 2300 586 2367 abducta.
610 2302 694 2367 Item
716 2301 818 2367 altera
839 2305 932 2367 navis
954 2305 1062 2368 trieris
1085 2326 1129 2370 ex

150 2407 265 2471 eadem
298 2406 399 2472 classe
433 2405 619 2471 errabunda
652 2428 691 2470 ac
723 2414 915 2492 tempestate
946 2405 1054 2472 delata
1084 2408 1129 2473 ad

150 2509 365 2596 Aegimurum
387 2534 407 2575 a
429 2510 530 2575 classe
554 2510 635 2574 Vari
658 2518 691 2574 et
717 2511 763 2575 M.
787 2511 905 2577 Octavi
938 2519 988 2575 est
1019 2520 1130 2597 capta,

150 2617 183 2678 in
206 2636 271 2699 qua
293 2614 409 2679 milites
431 2616 578 2679 veterani
601 2635 676 2679 cum
698 2636 762 2678 uno
786 2616 973 2679 centurione
995 2622 1029 2679 et
1050 2637 1129 2680 non-

149 2718 226 2782 nulli
260 2722 379 2783 tirones
411 2719 557 2801 fuerunt3
603 2739 683 2803 quos
705 2719 814 2783 Varus
846 2727 1029 2783 asservatos
1058 2720 1129 2784 sine

129 2821 344 2886 scontumelia
366 2821 573 2886 deducendos
603 2823 730 2886 curavit
757 2820 800 2885 ad
823 2821 1015 2907 Scipionem.
1062 2822 1130 2905 Qui

151 2932 322 3009 postquam
350 2925 392 2988 ad
420 2947 494 2990 eum
522 2935 741 3012 pervenerunt
770 2934 803 2990 et
830 2933 905 2990 ante
937 2935 1129 3012 suggestum

151 3029 219 3091 eius
253 3030 474 3111 constiterunt,
509 3030 582 3093 ‘non
605 3028 735 3111 vestra’,
769 3031 882 3114 inquit,
916 3023 1041 3116 ‘sponte
1069 3052 1130 3097 vos

151 3141 238 3196 certo
276 3134 352 3216 scic,
390 3131 447 3196 sed
484 3132 566 3197 illius
603 3132 750 3199 scelerati
786 3133 886 3198 vestri
921 3134 1129 3219 imperatoris

151 3235 289 3322 impulsu
312 3244 345 3300 et
366 3237 500 3321 imperio
525 3246 652 3302 coactos
675 3239 762 3302 cives
785 3244 818 3300 et
839 3237 996 3322 optimum
1019 3258 1129 3323 quem-

129 3358 214 3425 4que
247 3341 371 3405 nefarie
405 3343 592 3406 consectari.
638 3342 729 3422 Quos
758 3342 909 3425 quoniam
941 3340 1129 3405 fortunam

151 3454 295 3510 nostram
329 3444 444 3509 detulit
477 3453 678 3531 potestatem,
712 3446 748 3528 si,
776 3443 811 3508 id
833 3443 921 3530 quod
942 3444 1052 3510 facere
1075 3443 1130 3510 dc·

150 3547 243 3634 betis,
278 3549 510 3637 rempublicam
534 3571 607 3614 cum
631 3552 749 3635 optimo
779 3569 907 3634 quoque
937 3547 1131 3616 defendetis
