2376 3924
319 249 368 298 AD
389 247 487 299 cius.
507 249 610 298 BELL.
629 249 697 300 CIV.
715 250 752 314 II,
771 252 864 300 6-23.
990 251 1083 302 XXIII

101 435 157 485 iam
175 451 240 484 vero
260 435 390 485 librorum
410 437 569 500 scripturam
589 437 636 485 LX
655 442 809 488 retenturus
828 453 910 499 eram,
939 440 987 489 sed
1004 445 1081 506 typo-

100 523 193 572 thetae
212 537 302 572 errore
322 522 369 572 LV
387 529 526 572 exaratum
546 530 594 574 est.
612 551 648 560 -
666 521 690 592 ᾗ.
708 524 739 572 4:
759 524 808 590 qul
826 539 912 591 saper
932 524 1080 592 [atuaculo]

101 605 275 676 struantur]
293 606 418 660 musculo
436 608 548 658 inclusit
565 609 728 676 Nipperdey.

206 696 294 758 6.11,
316 696 347 744 3:
376 693 468 746 166166
495 709 529 746 eu
556 709 636 746 tauro
663 709 697 746 ac
725 694 854 747 turribus
883 694 1082 749 aubasoaeatur

102 780 120 849 [z
138 795 198 832 666
216 779 304 832 datur
322 778 412 830 libera
428 778 504 831 6661
521 777 692 844 6161666161ιά1
710 777 871 848 facultaslll
890 781 974 830 verba
987 797 1004 830 a
1015 782 1081 847 Nip-

100 866 212 933 perdeio
236 866 344 917 seclusa
366 867 532 916 recentiores
556 866 674 916 editores
698 867 819 932 genuina
839 867 996 916 iudicarunt
1012 867 1080 917 Kra-

99 969 195 1004 nerum
219 953 319 1015 secuti,
346 953 393 1017 qui
420 951 486 1001 olim
514 951 623 1016 quidem
651 967 712 1002 cum
737 952 902 1017 Nipperdeio
923 951 1009 1002 verba
1031 952 1081 1002 illa

100 1039 288 1100 damnaverat,
306 1037 405 1088 deinde
424 1053 489 1086 vero
508 1038 688 1101 patrocinium
707 1052 800 1087 eorum
813 1040 946 1103 suscepit3
965 1039 1080 1088 sednon

98 1125 235 1190 probavit,
252 1123 295 1173 liis
308 1123 399 1173 verbis
418 1122 493 1172 aliud
512 1122 576 1187 quid
595 1122 675 1185 ei'fici,
694 1124 747 1171 nisi
767 1130 796 1172 ut
813 1122 978 1173 antecedens
997 1139 1080 1175 enun-

98 1212 197 1260 tiatum
214 1209 305 1261 hostes
375 1208 573 1261 submoveatur
591 1209 725 1274 superfluo
744 1208 823 1258 modo
842 1209 1002 1274 explicetur.

204 1312 227 1345 c.
248 1297 287 1357 14,
306 1298 337 1345 3:
364 1293 413 1346 6661
432 1293 471 1346 de
488 1307 569 1345 muro
587 1292 703 1362 suptilia
723 1292 922 1359 turriculaeque
940 1294 1080 1363 1166166166

96 1379 229 1448 persequi
243 1378 450 1449 prohiberetur]
469 1379 518 1432 6661
536 1395 617 1433 usuro
636 1381 729 1440 oodd.;
750 1381 834 1446 vulgo
853 1381 999 1431 Oiacconio
1017 1396 1082 1431 auo-

98 1476 156 1517 tore
175 1481 189 1518 6
207 1481 287 1519 usuro
306 1467 445 1517 edebatur.
465 1468 557 1516 monui
574 1482 640 1516 vero
659 1467 687 1515 in
706 1468 844 1531 superiore
864 1468 992 1526 editione,
1009 1468 1079 1517 veri-

98 1553 215 1604 similius
234 1569 293 1604 esse
311 1554 539 1618 praepositionem
558 1551 592 1605 de
610 1558 719 1618 propter
738 1553 902 1602 antecedens
914 1551 1079 1602 vocabulum

98 1638 149 1692 aad
172 1655 190 1690 a
212 1638 325 1688 librario
343 1641 471 1689 omissam
489 1655 557 1689 esse.
589 1637 623 1690 de
640 1639 754 1688 Diibner
773 1639 872 1689 deinde
891 1648 917 1687 et
935 1639 1032 1688 Dinter
1050 1639 1079 1686 in

98 1726 214 1790 repetita
241 1725 359 1774 editione
386 1725 552 1774 Doberenaii
578 1725 697 1790 itemque
725 1725 752 1772 in
782 1725 931 1774 novissima
960 1723 1079 1774 editione

99 1811 292 1862 Teubneriana
310 1816 478 1875 receperunt.

203 1912 225 1948 o.
247 1897 336 1959 16,1;
364 1911 420 1962 qua
443 1899 496 1948 aut
522 1895 556 1948 61
584 1894 740 1964 asllltibua]
768 1897 888 1961 poenitet
910 1899 979 1956 iarn,
1007 1896 1080 1961 quod

97 1983 239 2048 vulgatum
257 1982 326 2032 illud
344 1981 378 2034 ai
401 1983 574 2044 retinuerim,
595 1999 656 2032 cum
674 1985 764 2048 potius
781 1998 829 2048 pro
848 1981 901 2047 ela,
926 1982 997 2048 quod
1016 1982 1080 2032 libri

96 2069 208 2130 habent,
227 2083 260 2116 ex
277 2067 500 2118 Forchhammeri
520 2068 708 2118 emendatione
733 2067 819 2120 telis
843 2068 1018 2119 scribendum
1037 2070 1079 2119 sit.

96 2173 132 2192 -’-
150 2156 175 2217 ς.
192 2156 223 2203 2:
249 2152 436 2206 circumiri
453 2160 484 2204 61
502 2160 583 2205 antea
602 2155 751 2205 secundum
770 2153 846 2203 codd.
866 2155 976 2219 scripsi3
995 2154 1078 2220 vulgo

96 2239 376 2293 circummunire
403 2267 438 2279 -·-
463 2242 501 2290 ib.
521 2256 613 2307 paeue
631 2239 817 2304 luaedt'frcata
837 2238 889 2307 [lu]
909 2236 1019 2307 muris]
1046 2239 1079 2291 lu

95 2327 162 2376 ferri
185 2328 298 2391 nequire
315 2329 374 2378 iure
394 2329 498 2377 monuit
516 2327 623 2378 Gemoll
641 2343 704 2377 ann.
723 2328 789 2392 phil.
807 2333 826 2377 t.
847 2329 905 2390 119,
923 2343 949 2392 ρ.
967 2329 1027 2379 267.

201 2415 319 2474 c.19,1:
338 2412 399 2479 ipae
411 2410 466 2464 Da
483 2428 556 2465 auat
574 2411 733 2481 equitibuefl
751 2413 988 2478 praepositionem,
1008 2429 1078 2479 quae

96 2498 125 2546 in
145 2497 222 2547 codd.
241 2499 342 2548 omissa
359 2503 400 2548 est
419 2503 446 2546 et
463 2497 545 2563 vulgo
565 2505 628 2548 ante
645 2513 788 2548 numerum
805 2498 889 2546 inseri
908 2498 988 2560 solet,
1017 2506 1079 2563 post

96 2581 153 2635 Da
175 2584 267 2648 posui,
294 2598 356 2633 oum
380 2585 485 2632 numeri
510 2584 617 2648 signum
638 2582 662 2637 O
682 2586 711 2634 in
736 2599 820 2633 causa
842 2583 925 2633 fuisse
944 2584 1079 2649 videatur,

96 2684 146 2718 cur
165 2669 264 2718 vocula
281 2669 345 2731 illa,
373 2670 497 2734 inprimis
516 2671 539 2719 si
557 2686 606 2735 per
625 2671 812 2734 compendium
831 2666 873 2736 (a)
892 2670 994 2734 scripta
1012 2676 1078 2733 erut,

96 2757 274 2806 omitteretur.

132 2852 136 2859 ’
202 2858 224 2892 6.
243 2843 285 2905 13,
305 2845 333 2891 1:
352 2840 595 2911 Araquilarlall
619 2843 691 2894 hanc
709 2845 826 2894 nominis
843 2844 958 2894 formam
976 2844 1079 2908 primus

94 2929 125 2977 in
144 2929 283 2993 superiore
303 2928 422 2979 editione
442 2929 562 2993 exhibui,
591 2945 652 2979 cum
671 2937 752 2982 antea
770 2929 926 2996 Aquilaria
944 2929 1079 2981 ederetur.

95 3013 272 3082 Auqur'lara‘a
296 3015 347 3076 ai,
375 3015 561 3081 Anquillaria
584 3034 613 3079 6,
641 3017 828 3087 Anquillaria
850 3020 950 3085 reliqui
968 3018 1033 3068 libri
1052 3024 1078 3066 et

94 3101 180 3152 schol.
205 3102 308 3152 Lucan.
333 3102 402 3164 Illl,
429 3104 480 3152 1186
510 3104 655 3169 praebent,
686 3121 757 3155 unus
783 3107 842 3157 cod.
868 3106 887 3159 b
911 3101 1078 3172 Aquillart'a

95 3188 214 3239 exhibet.
250 3187 426 3255 Auqullars'a
451 3197 482 3240 ut
509 3190 643 3241 scribatur
666 3193 747 3244 etiam
767 3195 876 3254 suadet,
904 3193 977 3256 quod
994 3192 1077 3256 paulo

94 3280 158 3340 post
175 3274 208 3324 de
227 3274 282 3324 loci
301 3280 399 3325 natura
416 3282 649 3339 commemoratur,
676 3278 747 3328 ‘eum
769 3279 875 3329 duobus
894 3276 1077 3328 eminentibus

94 3362 290 3426 promuntoriis
308 3354 462 3420 contineri'3
481 3361 544 3411 inde
564 3364 636 3412 enim
654 3363 684 3413 iit
702 3370 732 3414 ut
750 3366 854 3413 nomini
872 3363 987 3413 eandem
1005 3360 1077 3411 radi·

95 3461 155 3498 cem
174 3445 286 3497 subesse
304 3453 438 3512 putemus,
457 3449 492 3498 ad
511 3464 592 3514 quam
609 3451 725 3500 redeunt
743 3452 855 3501 nomina
872 3451 982 3500 illorum
1001 3449 1075 3514 oppi-

94 3532 199 3595 dorum,
219 3547 288 3598 qnae
302 3533 337 3582 ad
354 3548 428 3582 mare
447 3535 499 3583 sita
516 3533 604 3585 litoris
622 3535 800 3600 anfractu
818 3537 906 3586 sinum
920 3540 947 3584 61
959 3535 1079 3586 navibus
