2376 3924
149 261 209 326 198
447 265 557 316 sunm
576 265 826 317 Annxuunauu

146 474 252 536 neque
280 453 373 518 aliter
402 453 487 519 utilis
511 476 581 519 esse
605 463 744 540 poterat,
775 464 808 520 et
829 455 966 521 multum
988 478 1124 520 numero

146 554 291 620 anteibat
313 565 459 619 nostrum
482 558 669 641 equitatum.

232 658 282 720 39.
317 659 479 722 Domitius
501 668 619 741 autem,
651 681 725 724 cum
747 657 895 725 Caesaris
918 663 1021 746 magis
1045 665 1124 748 peri-

145 760 216 824 culo
240 783 338 845 quam
366 783 423 825 suo
446 771 703 826 commoveretur
730 782 837 846 neque
860 785 894 828 se
916 773 985 829 tuto
1009 764 1124 829 disces-

145 886 257 928 surum
279 864 508 947 arbitraretur,
542 868 569 929 si
592 865 811 947 condiciones,
847 887 928 950 quas
957 869 1123 947 reiecerat,

145 991 256 1032 rursus
280 977 447 1052 appeteret
476 977 533 1032 aut
554 971 580 1032 si
602 970 728 1052 negatis
751 968 948 1050 discederet,
984 992 1026 1034 ex
1054 993 1124 1056 pro·

126 1073 274 1156 rpinquis
297 1073 409 1135 castris
437 1073 470 1134 in
499 1074 602 1136 aciem
629 1073 808 1136 exercitum
838 1073 966 1156 eduxit3
1002 1091 1121 1137 xxxvi

145 1174 304 1258 legionem
336 1174 369 1236 in
400 1173 516 1238 dextro
545 1196 645 1238 cornu
674 1173 857 1253 collocavit,
892 1176 1060 1240 Ponticam
1091 1179 1124 1239 in

146 1278 288 1340 sinistro.
324 1279 469 1342 Deiotari
501 1278 643 1362 legiones
675 1281 709 1341 in
741 1278 882 1342 mediam
915 1283 1018 1344 aciem
1052 1303 1123 1346 con·

145 1380 225 1462 tulit,
250 1381 366 1464 quibus
390 1391 498 1445 tamen
514 1384 776 1467 angustissimum
790 1383 995 1447 intervallum
1009 1384 1123 1448 frontis

145 1483 274 1567 reliquit
306 1483 437 1569 reliquis
478 1484 663 1548 cohortibus
697 1486 729 1547 in
763 1484 914 1548 subsidiis
952 1485 1121 1550 collocatis.

146 1588 199 1652 Sic
221 1590 383 1671 utrimque
414 1589 482 1651 acie
504 1589 660 1652 instructa
683 1609 868 1672 processum
891 1597 940 1651 est
968 1588 1011 1652 ad
1034 1589 1122 1652 dimi-

145 1691 294 1754 candum.

231 1795 282 1857 40.
321 1794 419 1877 Signo
448 1792 507 1856 sub
536 1793 623 1857 idem
652 1803 780 1879 tempus
808 1793 850 1858 ab
879 1803 1017 1879 utroque
1046 1795 1122 1858 dato

147 1899 363 1961 concurritur:
386 1896 503 1958 acriter
524 1897 680 1979 varieque
703 1905 875 1981 pugnatur.
900 1897 986 1961 Nam
1000 1915 1119 1960 xxxvi

145 2001 243 2085 legio,
278 2021 351 2063 cum
381 2006 475 2061 extra
504 1998 623 2062 fossam
652 2002 685 2062 in
714 2001 837 2084 equites
859 2002 944 2084 regis
966 2001 1123 2085 impetum

145 2104 282 2182 fecisset,
306 2102 387 2171 adeo
410 2101 589 2165 secundum
611 2103 768 2187 proelium
790 2103 880 2185 fecit,
902 2112 939 2167 ut
953 2103 1121 2168 moenibus

146 2209 254 2294 oppidi
291 2207 479 2272 succederet
515 2206 699 2290 fossamque
736 2208 889 2270 transiret
925 2227 1121 2291 aversosque

124 2313 251 2377 2hostes
284 2311 526 2395 aggrederetur.
572 2308 618 2372 At
650 2310 784 2373 Pontica
817 2331 860 2372 ex
892 2308 995 2374 altera
1029 2319 1120 2394 parte

144 2416 236 2500 legio,
266 2436 340 2479 eum
362 2412 493 2497 paulum
514 2433 631 2475 aversa
654 2410 798 2476 hostibus
821 2413 979 2494 cessisset,
1001 2412 1122 2477 fossam

144 2529 253 2583 antem
277 2517 417 2579 transire
438 2519 467 2578 et
489 2517 658 2580 circumire
682 2517 785 2579 aciem
807 2514 984 2580 secundam
1005 2523 1122 2580 conata

144 2632 237 2704 esset,
260 2631 296 2686 ut
319 2629 430 2704 aperto
452 2618 552 2682 latere
575 2617 809 2702 aggrederetur
832 2618 973 2700 hostem,
996 2619 1121 2704 inipso

143 2728 281 2790 transitu
313 2724 418 2788 fossae
451 2722 580 2787 confixa
614 2731 646 2785 et
679 2743 833 2806 oppressa
866 2730 923 2787 est.
975 2722 1122 2787 Deiotari

122 2844 222 2894 tuero
254 2829 396 2912 legiones
425 2829 483 2890 vix
515 2828 671 2911 impetum
703 2828 933 2891 sustinuerunt.
978 2827 1030 2891 Ita
1057 2827 1120 2890 vic·

143 2935 239 2997 trices
272 2933 381 3014 regiae
416 2931 526 3013 copiae
571 2951 672 2993 cornu
709 2950 766 2993 suo
801 2929 917 2994 dextro
948 2928 1121 3014 mediaque

144 3037 213 3098 acie
246 3032 475 3097 converterunt
508 3053 542 3094 se
576 3032 619 3095 ad
652 3050 773 3095 xxxva
808 3032 978 3116 legionem.
1023 3033 1119 3114 Quae

143 3148 251 3202 tamen
274 3137 397 3200 fortiter
420 3137 618 3199 vincentium
630 3137 795 3220 impetum,
819 3137 978 3218 sustinuit,
993 3137 1120 3221 magnis

144 3243 243 3326 copiis
264 3240 404 3304 hostium
427 3238 626 3303 circumdata
654 3240 913 3323 praesentissimo
936 3240 1044 3303 animo
1066 3260 1120 3324 pu·

143 3367 247 3429 gnans
270 3345 304 3408 in
327 3342 439 3408 orbern
462 3363 495 3406 se
517 3343 639 3425 recepit
655 3342 698 3405 ad
712 3342 839 3405 radices
860 3342 1032 3424 montium;
1056 3362 1120 3426 qno

143 3449 328 3512 Pharnaces
360 3445 487 3529 insequi
519 3453 650 3529 propter
682 3446 885 3528 iniquitatem
916 3443 977 3508 loci
1010 3444 1119 3509 noluit.

121 3553 194 3616 4lta
216 3552 350 3615 Pontica
373 3548 497 3632 legione
519 3569 622 3632 paene
645 3556 712 3611 tota
735 3549 863 3629 amissa,
886 3568 1006 3632 magna
1028 3555 1120 3633 parte
