2376 3924
147 209 210 280 162
465 217 516 266 DE
534 215 655 267 BELLO
675 214 833 267 Gannlco

123 409 244 476 5Hunc
269 427 344 473 cum
360 407 498 494 reliquis
515 407 615 473 rebus
633 407 743 473 locum
762 406 933 493 probarat,
949 414 1020 470 tum
1036 405 1126 490 quod

146 513 328 599 superioris
352 513 433 576 anni
455 513 658 578 munitiones
682 513 837 594 integrae
859 508 1058 592 manebant,
1089 518 1126 574 ut

145 617 289 682 militum
300 614 451 681 laborem
463 615 666 681 sublevaret.
689 615 864 681 Praesidio
878 613 1125 699 impedimentis

145 721 313 804 legionem
341 719 664 806 quartamdecimam
692 720 845 805 reliquit,
874 739 976 783 unam
1007 739 1050 782 ex
1073 717 1125 782 his

145 823 265 908 tribus,
289 846 373 910 quas
392 826 545 911 proxime
562 826 772 911 conscriptas
791 847 834 889 ex
845 823 948 888 Italia
964 821 1124 887 traduxe-

123 936 211 994 erat.
234 927 277 992 Ei
299 927 426 1011 legioni
442 930 632 1014 castrisque
649 928 811 1009 Quintum
826 925 975 991 Tullium
989 923 1124 991 Cicero-

146 1054 222 1097 nem
245 1031 398 1118 praeficit
423 1031 653 1118 ducentosque
676 1033 805 1117 equites
831 1029 999 1095 attribuit.

232 1135 283 1200 33.
300 1135 430 1200 Partito
444 1136 595 1200 exercitu
608 1135 721 1200 Titum
733 1134 922 1200 Labienum
934 1154 1009 1198 cum
1021 1133 1125 1216 legio·

25 1300 28 1305 .
146 1238 245 1304 nibus
263 1236 372 1304 tribus
388 1239 433 1304 ad
446 1238 621 1305 Oceanum
636 1262 754 1304 versus
771 1241 806 1304 in
823 1260 880 1303 eas
896 1244 1022 1324 partes,
1039 1258 1126 1322 qnae

127 1341 323 1427 aMenapios
341 1344 526 1428 attingunt,
549 1345 717 1429 proficisci
733 1343 841 1426 iubet3
866 1339 988 1407 Gaium
1001 1340 1126 1405 Trebo-

147 1447 239 1511 nium
254 1468 331 1511 cum
353 1449 427 1533 pari
444 1447 614 1531 legionum
631 1470 769 1514 numero
792 1448 837 1513 ad
853 1469 927 1512 eam
943 1448 1126 1530 regionem,

148 1571 233 1636 quae
257 1549 302 1614 ad
316 1548 516 1617 Aduatucos
540 1551 686 1633 adiacet,
710 1550 982 1636 depopulandam
1003 1551 1126 1633 mittit3

126 1655 219 1739 sipse
243 1676 318 1719 cum
342 1654 480 1740 reliquis
505 1654 613 1720 tribus
638 1654 683 1720 ad
704 1655 826 1720 flumen
844 1653 1012 1739 Scaldem,
1037 1654 1125 1740 quod

148 1758 257 1823 influit
284 1759 319 1822 in
341 1758 487 1841 Mosam,
518 1768 754 1844 extremasque
776 1757 983 1824 Arduennae
1010 1767 1125 1846 partes

148 1864 197 1926 ire
213 1863 399 1945 constituit,
423 1884 487 1948 quo
511 1884 586 1927 cum
608 1864 726 1948 paucis
750 1862 918 1948 equitibus
942 1862 1127 1949 profectum

125 1964 556 2050 4Ambiorigemaudiebat.
572 1965 760 2032 Discedens
769 1977 846 2053 post
855 1967 942 2032 diem
950 1967 1127 2052 septimum

149 2091 222 2135 sese
235 2091 448 2135 reversurum
461 2070 653 2154 confirmat3
670 2093 770 2158 quam
787 2071 833 2137 ad
846 2071 935 2137 diem
946 2072 977 2136 ei
989 2070 1127 2155 legioni,

148 2195 233 2260 quae
257 2175 292 2239 in
314 2173 485 2260 praesidio
508 2173 770 2260 relinquebatur,
795 2175 910 2241 deberi
925 2174 1127 2240 frumentum

128 2277 288 2343 esciebat.
325 2275 516 2343 Labienum
538 2277 807 2364 Treboniumque
829 2278 995 2362 hortatur,
1026 2279 1126 2344 sirei

147 2380 304 2466 publicae
333 2380 506 2447 commodo
535 2381 648 2447 facere
678 2384 824 2467 possint,
859 2381 904 2448 ad
933 2404 1008 2453 eum
1038 2381 1128 2447 diem

52 2564 55 2569 ⁶
148 2493 372 2568 revertantur,
384 2494 422 2550 ut
434 2507 550 2551 rursus
563 2487 809 2552 communicato
823 2484 964 2551 consilio
973 2485 1127 2572 explora·

149 2590 259 2674 tisque
274 2588 422 2654 hostium
434 2589 624 2655 rationibus
642 2589 735 2655 aliud
752 2589 884 2655 initium
901 2588 981 2656 belli
1005 2611 1127 2676 capere

148 2701 296 2776 possent.

234 2795 285 2860 34.
319 2796 422 2880 Erat,
452 2805 489 2861 ut
520 2819 622 2882 supra
653 2797 974 2881 demonstravimus,
1008 2819 1127 2863 manus

148 2907 242 2963 certa
265 2899 375 2983 nulla,
403 2921 470 2965 non
494 2901 667 2988 oppidum,
697 2923 763 2966 non
787 2901 1010 2987 praesidium,
1039 2900 1129 2985 quod

149 3024 184 3068 se
207 3004 310 3068 armis
328 3003 533 3088 defenderet,
558 3004 619 3070 sod
641 3007 675 3070 in
700 3026 812 3071 omnes
836 3014 951 3091 partes
975 3004 1128 3089 dispersa

127 3105 338 3173 multitudo.
383 3107 451 3175 Ubi
466 3110 586 3195 cuique
609 3119 667 3174 aut
683 3109 792 3174 valles
808 3108 927 3174 abdita
950 3115 1009 3173 aut
1033 3106 1127 3173 locus

149 3209 316 3276 silvestris
347 3221 406 3277 aut
435 3212 533 3298 palus
564 3213 727 3299 impedita
758 3235 850 3298 spem
880 3209 1043 3298 praesidii
1068 3221 1126 3276 aut

127 3312 270 3379 esalutis
294 3314 442 3400 aliquam
471 3316 648 3401 offerebat,
676 3317 889 3383 consederat.
932 3316 1027 3381 Haec
1051 3313 1127 3380 loca

149 3418 386 3485 vicinitatibus
395 3430 493 3485 erant
501 3430 594 3503 nota,
611 3442 835 3506 magnamque
846 3441 900 3485 res
914 3417 1128 3503 diligentiam

150 3521 343 3608 requirebat
360 3545 427 3588 non
449 3525 482 3589 in
504 3546 633 3591 summa
651 3527 820 3591 exercitus
835 3522 963 3589 tuenda
988 3521 1130 3605 (nullum
