2376 3924
263 236 312 286 AD
332 236 430 289 CAES.
450 237 554 289 BELL.
574 236 678 287 aaut.
696 237 718 299 Ι,
737 236 851 298 51-11,
871 237 913 286 24.
1054 237 1078 284 V

95 443 216 492 sequens
241 428 409 477 enuntiatum
437 424 512 491 qaod
537 423 576 478 iis
593 424 676 477 robae
694 423 902 493 relaapaescere
920 423 1028 475 animos
1053 428 1079 475 et

96 511 208 565 remitti
217 511 350 564 virtatem
363 510 559 563 eaistimareat
571 512 629 561 iure
643 511 744 560 dictum
754 511 888 573 videatur,
898 511 927 560 in
940 511 1078 576 superiore

95 600 220 651 editione
253 605 348 649 contra
374 599 568 664 Nipperdeium
595 599 695 647 monui.
736 598 917 648 recentiorum
945 597 1077 646 editorum

96 701 170 736 unus
189 684 293 750 Frigell
311 684 396 735 verba
418 684 468 734 illa
491 684 588 737 omisit
608 711 641 720 -
658 684 760 734 Vocem
784 681 881 733 deinde
904 695 998 734 eoram
1017 698 1078 732 cum

95 771 264 837 Nipperdeio
282 771 390 821 inclusi.

202 872 225 906 o.
239 858 279 918 17,
293 858 322 905 b:
340 869 400 908 aaa
416 855 601 909 omitteadam
618 853 688 906 eibi
706 851 871 922 satelliam]
897 855 997 906 retinui
1015 853 1078 916 sabi,

95 943 170 1009 quod
199 957 260 992 cum
288 942 358 993 desit
384 945 413 992 iu
440 944 500 994 cod.
522 947 608 1012 Bong.
636 950 664 996 et
688 945 823 1005 Moissae,
841 943 954 1009 Frigell,
973 943 1078 1001 Dinter,

94 1028 205 1079 Holder
222 1029 378 1080 omiserunt.

202 1131 226 1164 o.
246 1115 285 1178 19,
305 1117 334 1164 2:
357 1115 431 1182 qaod
450 1115 495 1168 ad
517 1116 608 1169 hostes
627 1113 896 1184 appropinquabat]
920 1131 980 1165 oum
1002 1130 1079 1180 prae-

97 1201 201 1266 positio
220 1198 265 1252 ad
282 1202 310 1248 in
329 1199 407 1251 libris
425 1202 545 1252 melioris
563 1207 645 1253 notae
663 1219 718 1252 non
736 1201 850 1267 legatur,
871 1200 976 1266 Frigell
993 1198 1080 1252 boeti-

95 1285 159 1352 baa,
183 1286 273 1338 Diibn.
298 1286 517 1340 Kran.·Dittenb.
542 1287 624 1338 Hold.
642 1287 718 1340 boati
744 1288 916 1352 scripserunt.
943 1285 991 1335 sed
1018 1302 1080 1336 cum

97 1371 249 1422 deteriores
272 1372 336 1422 libri
354 1372 448 1439 qaoad
475 1372 601 1435 habeant,
630 1374 774 1424 admodum
802 1373 951 1423 verisimile
975 1377 1024 1433 est,
1051 1373 1079 1420 in

96 1457 248 1523 archetypo
267 1460 364 1524 prioris
383 1460 478 1511 classis
492 1461 615 1511 codicum
627 1462 854 1527 praepositionem
868 1459 917 1508 AD
931 1474 991 1507 cum
1006 1463 1080 1508 ante·

96 1543 214 1594 cedente
242 1544 341 1607 QVOD
370 1546 512 1596 coaluisse.
544 1546 754 1611 Oudendorpius
785 1545 935 1595 accusativi
964 1544 1079 1592 formam

94 1628 197 1690 hostia,
217 1645 286 1694 quae
304 1646 445 1696 perperam
465 1632 615 1682 subiectum
633 1632 711 1681 verbi
730 1628 980 1697 appropinquabat
998 1628 1079 1678 habe-

96 1716 188 1776 batur,
208 1730 318 1765 oausam
341 1715 396 1765 loci
420 1716 609 1781 corrumpendi
626 1716 786 1781 praebuisse
805 1714 942 1765 censebat.
962 1742 995 1750 -
1013 1713 1037 1778 ξ.
1050 1717 1080 1761 b:

95 1815 186 1867 nepae
211 1800 305 1853 orostra'
328 1799 448 1869 loapiaa
475 1817 559 1869 qaam
585 1817 664 1868 qaam
688 1801 727 1854 ad
753 1800 835 1867 baleae
858 1803 993 1867 porrecta
1019 1798 1080 1851 loca

95 1890 202 1955 aperta
225 1886 425 1957 pertinebant]
459 1890 497 1938 sio
531 1895 562 1938 ut
589 1894 669 1939 antea
697 1904 757 1938 cum
783 1887 948 1952 Nipperdeio
977 1885 1080 1951 scripsi,

96 1976 200 2024 omisso
227 1974 300 2038 quod
326 1980 389 2025 ante
417 1973 478 2026 loca
505 1976 534 2024 in
562 1974 640 2024 codd.
667 1975 766 2038 legitur
790 1988 837 2025 ac.
867 1970 970 2036 Frigell
996 1985 1030 2023 ac
1054 1976 1082 2020 et

95 2063 211 2127 aperta,
237 2060 336 2110 Diuter
358 2060 463 2112 Holder
486 2064 620 2127 porrecta
647 2075 681 2112 ac
705 2060 872 2109 deleverunt.
890 2086 925 2096 -
943 2058 967 2124 ἓ.
991 2060 1020 2108 d:
1047 2061 1081 2108 at

96 2145 181 2198 iatra
198 2144 286 2198 silvas
310 2145 398 2198 aciem
421 2145 588 2213 oadiaeeqae
610 2144 820 2199 collatitaeraat
845 2148 928 2210 atque
946 2142 1005 2210 ipsi
1023 2157 1081 2195 sese

95 2230 352 2301 confirmaveram]
385 2232 546 2297 particulam
572 2231 639 2293 ita,
664 2246 735 2297 quae
757 2233 785 2280 in
804 2231 890 2296 Bong.
914 2235 941 2279 et
964 2229 1080 2278 Floriac.

96 2319 191 2382 inepte
211 2323 273 2367 ante
291 2316 500 2370 constituerant
518 2318 611 2368 addita
629 2322 676 2379 est,
696 2322 759 2366 ante
772 2319 805 2368 at
816 2316 1081 2382 posueruntKraner

95 2402 244 2471 (Tauchn.)
264 2409 290 2453 et
308 2403 420 2453 Holder.
451 2404 500 2453 sed
522 2404 637 2454 alterum
657 2404 808 2453 sententiae
827 2402 977 2452 membrum
995 2405 1076 2454 at...

97 2489 159 2558 a‘psa'
176 2504 235 2543 sese
253 2489 488 2555 calpirmaaeraat
506 2492 623 2551 obstare,
643 2491 786 2554 quominus
800 2491 1012 2553 comparativam
1025 2490 1081 2538 vim

98 2577 251 2644 particulae
268 2580 302 2629 at
319 2576 479 2635 tribuamus,
503 2576 584 2626 docui
610 2578 639 2625 in
658 2576 728 2625 libro
752 2566 806 2624 ‘die
825 2574 1014 2624 Construction
1033 2574 1081 2624 der

97 2663 147 2717 lat.
166 2657 373 2729 Zeitpartilreln'
392 2663 444 2713 Ed.
461 2665 477 2712 2
496 2680 522 2728 p.
540 2664 573 2713 29
587 2678 624 2727 sq.

204 2751 287 2810 ΗΟ,
307 2752 335 2800 1:
362 2747 494 2801 vexillam
517 2747 734 2815 propoaeadam
764 2745 848 2814 [qaod
876 2748 939 2798 erat
963 2743 1082 2813 laeam,

97 2850 163 2889 cam
181 2833 221 2886 ad
239 2849 320 2887 arma
332 2833 465 2887 aaaearaa‘
477 2831 647 2902 oporteretfl]
670 2834 738 2882 haee
750 2833 842 2892 verba,
856 2846 925 2896 quae
938 2832 992 2881 iam
1004 2831 1082 2892 Aldo,

98 2921 204 2986 Lipsio,
224 2919 339 2972 Grutero
358 2925 485 2986 suspecta
504 2927 588 2982 erant,
608 2935 669 2970 cum
687 2916 808 2968 Holdero
827 2916 935 2966 inclusi.

204 3021 226 3056 c.
246 3007 287 3068 21,
305 3007 322 3056 8
341 3003 440 3075 adipe]
464 3006 540 3056 codd.
560 3004 639 3058 adici
646 3023 652 3069 3
672 3002 808 3073 adipatola‘
820 3004 933 3053 verbum
945 3001 990 3051 hic
1003 3003 1080 3051 item·

98 3107 153 3158 que
171 3091 223 3152 111,
241 3092 282 3152 13,
302 3093 327 3144 8.
347 3093 387 3152 14,
405 3092 594 3157 sperandum
614 3108 674 3142 esse
693 3091 786 3141 docuit
803 3090 922 3155 Madvig.

205 3194 228 3228 c.
246 3179 289 3240 24,
306 3180 336 3228 4:
362 3182 479 3231 austras
506 3176 643 3247 lepioaas]
668 3179 775 3228 etiamsi
798 3192 853 3225 non
877 3191 947 3241 nego
965 3178 1081 3226 orostrae

98 3265 190 3316 omitti
207 3265 335 3330 potuisse,
354 3264 431 3316 litem
449 3270 549 3327 tamen,
569 3280 649 3330 quam
668 3263 732 3312 inde
745 3263 779 3313 ab
792 3261 862 3312 Aldo
882 3261 999 3312 editores
1018 3260 1082 3310 huic

98 3351 256 3416 pronomini
272 3350 454 3412 intenderunt,
467 3365 555 3416 neque
565 3355 646 3399 antea
659 3365 747 3413 neque
759 3363 833 3398 nunc
846 3363 905 3397 eam
920 3346 1081 3408 existimavi,

98 3440 131 3488 ut
147 3436 243 3487 invitis
266 3437 375 3502 optimis
400 3437 478 3487 libris
503 3437 619 3487 eicerem
640 3436 687 3486 vel
711 3451 772 3484 cum
790 3433 911 3484 Holdero
934 3432 963 3480 in
981 3433 1082 3482 nostra

98 3526 234 3589 mutarem
251 3524 280 3573 et
295 3520 332 3579 sd
348 3521 512 3575 antecedens
530 3525 629 3574 castra
647 3520 792 3572 traherem.
