2376 3924
124 235 189 300 260
245 260 248 265 ,
429 233 480 284 DE
498 230 619 283 BELLO
639 229 800 282 clauco

125 427 287 492 lationem
309 425 477 492 Antonius
511 446 588 488 cum
621 422 787 488 iudicaret
810 420 854 487 ab
883 423 973 486 iusto
1007 422 1106 485 nasci

125 533 256 613 timore,
278 530 414 594 veniam
435 529 564 615 petenti
588 525 691 609 dedit,
715 525 850 591 obsides
874 527 1019 611 accepit.

94 756 117 793 1⁰
211 736 289 802 Scio
315 735 496 801 Caesarem
526 735 735 818 singulorum
758 757 922 799 annorum
951 735 1105 818 singulos

125 842 383 905 commentarios
408 839 612 920 confecisse3
635 837 725 924 quod
748 858 810 921 ego
825 860 892 902 non
910 839 1106 904 existimavi

125 944 206 1009 mibi
241 967 316 1010 esse
349 942 552 1025 faciendum,
584 952 763 1028 propterea
797 940 887 1027 quod
923 942 1105 1026 insequens

125 1069 244 1130 annus,
282 1047 322 1110 L.
346 1045 462 1131 Paulo,
500 1044 538 1111 0.
560 1044 724 1110 Marcello
747 1044 954 1127 consulibus,
991 1043 1105 1110 nullas

92 1171 116 1208 11
124 1150 228 1217 habet
245 1171 448 1237 magnopere
465 1147 599 1214 Galliae
615 1172 669 1214 res
686 1157 812 1234 gestas.
836 1149 886 1213 Ne
901 1150 974 1234 quis
990 1158 1105 1214 tamen

126 1257 310 1339 ignoraret,
344 1253 465 1339 quibus
488 1256 523 1318 in
546 1251 630 1318 locis
654 1251 783 1317 Caesar
806 1254 1042 1338 exercitusque
1066 1274 1105 1316 eo

126 1368 274 1445 tempore
297 1358 450 1439 fuissent,
473 1379 582 1443 pauca
606 1379 680 1422 esse
704 1356 884 1422 scribenda
900 1357 1104 1439 coniungen-

128 1463 236 1549 daque
258 1461 336 1526 huic
360 1461 602 1526 commentario
627 1461 742 1525 statui.

211 1670 262 1733 49.
279 1668 407 1734 Caesar
423 1670 457 1732 in
476 1667 594 1751 Belgio
610 1691 686 1734 cum
704 1670 877 1755 hiemaret,
901 1692 1002 1735 unum
1018 1669 1105 1735 illud

126 1776 334 1860 propositum
349 1771 509 1854 habebat,
525 1774 699 1837 continere
715 1774 749 1838 in
765 1775 918 1838 amicitia
934 1775 1105 1852 civitates,

106 1876 211 1941 rnulli
235 1898 327 1962 spem
350 1885 408 1941 aut
431 1897 570 1939 causam
595 1875 676 1940 dare
699 1898 876 1943 armorum.
900 1875 993 1941 Nihil
1016 1877 1104 1941 enim

126 1981 235 2044 minus
252 1977 399 2062 volebat,
424 1999 523 2063 quam
540 1977 601 2044 sub
619 1977 760 2045 decessu
783 2003 842 2045 suo
866 1982 1105 2046 necessitatem

127 2083 192 2148 sibi
208 2083 356 2168 aliquam
372 2083 496 2169 imponi
509 2080 589 2148 belli
601 2083 751 2167 gerendi,
764 2108 816 2167 ne,
829 2107 905 2150 cum
918 2087 1105 2150 exercitum

128 2185 330 2253 deducturus
347 2197 445 2270 esset,
463 2185 586 2252 bellum
599 2186 737 2273 aliquod
748 2188 1002 2274 relinqueretur,
1017 2189 1106 2275 quod

127 2293 234 2356 omnis
259 2288 373 2355 Gallia
398 2288 542 2355 libenter
559 2292 631 2355 sine
646 2292 817 2377 praesenti
834 2290 983 2377 periculo
1000 2293 1105 2357 susci·

105 2404 229 2480 speret.
252 2395 372 2480 Itaque
394 2393 577 2460 honorifice
594 2396 752 2459 civitates
776 2393 988 2481 appellando,
1013 2399 1104 2482 prin·

126 2500 217 2584 cipes
240 2500 397 2564 maximis
421 2500 579 2583 praemiis
604 2498 794 2580 afficiendo,
817 2498 910 2563 nulla
935 2522 1039 2565 onera
1055 2501 1104 2564 in·

127 2602 296 2685 iungendo
327 2601 494 2666 defessam
523 2610 572 2666 tot
602 2601 755 2665 adversis
784 2602 921 2686 proeliis
954 2600 1103 2670 Galliam

126 2705 325 2771 condicione
341 2705 483 2791 parendi
506 2705 643 2769 meliore
659 2703 760 2769 facile
777 2707 810 2769 in
827 2728 910 2791 pace
926 2709 1104 2773 continuit.

212 2807 263 2873 50.
279 2810 356 2894 lpse
372 2808 522 2873 hibernis
533 2809 679 2895 peractis
693 2818 812 2874 contra
825 2810 1105 2877 consuetudinem

128 2914 160 2977 in
183 2911 320 2977 Italiam
344 2934 443 2998 quam
466 2913 622 2979 maximis
646 2913 823 2979 itineribus
848 2923 898 2980 est
922 2916 1104 3002 profectus,

126 3025 162 3079 ut
179 3017 362 3101 municipia
386 3026 419 3081 et
442 3016 592 3082 colonias
617 3016 813 3104 appellaret,
839 3018 958 3104 quibus
974 3019 1018 3083 Μ.
1035 3019 1103 3084 An·

126 3121 222 3202 tonii,
261 3122 448 3204 quaestoris
487 3122 548 3204 sui,
587 3122 882 3188 commendaverat
919 3123 1104 3188 sacerdotii

107 3225 332 3311 apetitionem.
356 3222 593 3291 Contendebat
617 3226 704 3290 enim
728 3228 840 3310 gratia
857 3248 933 3291 cum
957 3224 1104 3292 libenter

126 3351 186 3416 pro
210 3329 343 3394 bomine
366 3328 432 3394 sibi
455 3331 741 3421 coniunctissimo,
775 3352 872 3416 quem
900 3329 1000 3415 paulo
1024 3340 1104 3396 ante

127 3434 347 3519 praemiserat
370 3432 493 3498 adt
438 3455 478 3518 pe
480 3434 679 3515 titionem,t
681 3457 735 3498 um
759 3435 884 3501 acriter
898 3442 1019 3500 contra
1033 3434 1109 3500 fac-

127 3539 252 3611 tionem
287 3547 320 3602 ct
353 3545 469 3622 potent
472 3537 537 3601 iam
575 3558 817 3621 paucorum,
1061 3538 1104 3605 lii
