2376 3924
366 220 476 270 mens
494 220 544 281 111,
569 219 645 270 cur.
664 219 775 271 ar-rs.
1019 220 1058 282 ῃ

78 413 164 478 taris
177 411 303 478 habere
316 411 611 478 existimabantur.
628 411 673 476 Hi
689 413 934 478 consuetudine
946 411 1082 497 populis

78 519 223 582 Romani
247 517 322 582 loca
345 538 482 602 capere,
512 526 626 581 castra
650 519 790 599 munire,
817 515 1059 582 commeatibus

78 630 215 686 nostros
239 619 463 686 intercludere
490 621 681 685 instituunt.
714 620 813 701 Quod
835 620 893 684 ubi
916 618 1082 684 Crassusr

79 724 335 807 animadvertit,
358 746 437 789 suas
459 724 574 810 copias
597 734 733 810 propter
750 726 971 807 exiguitatem
993 746 1060 788 non

78 828 181 893 facile
198 827 323 911 diduci,
346 828 476 894 hostem
492 838 525 893 et
548 831 668 912 vagari
692 838 726 892 et
749 831 823 893 vias
849 828 1003 893 obsidere
1028 839 1061 894 et

79 933 205 997 castris
236 935 320 996 satis
343 931 505 1018 praesidii
528 931 731 1019 relinquere,
761 932 802 996 ob
827 955 900 996 eam
923 954 1060 996 causam

78 1037 189 1101 minus
224 1034 395 1100 commode
429 1035 631 1100 frumentum
670 1045 957 1121 commeatumque
996 1035 1060 1099 sibi

80 1141 291 1227 supportari,
319 1141 354 1203 in
379 1139 450 1204 dies
473 1139 621 1204 hostium
643 1162 816 1204 numerum
840 1142 967 1223 augeri,
994 1162 1061 1204 non

79 1243 309 1309 cunctandum
322 1244 540 1326 existimavit,
554 1245 634 1328 quin
646 1264 761 1329 pugna
772 1244 972 1309 decertaret.
985 1244 1083 1308 Hace

80 1372 116 1414 re
141 1347 185 1412 ad
202 1347 380 1411 consilium
397 1345 521 1429 delata,
546 1346 603 1411 ubi
628 1369 741 1412 omnes
758 1346 846 1412 idem
864 1350 989 1413 sentire
1012 1349 1061 1412 in-

78 1451 227 1533 tellexit,
250 1459 422 1536 posterum
446 1450 534 1515 diem
558 1472 692 1537 pugnae
719 1453 907 1517 constituit.

167 1553 219 1620 24.
242 1555 354 1619 Prima
367 1553 443 1618 luce
454 1554 628 1640 productis
643 1555 795 1619 omnibus
812 1557 918 1640 copiis
936 1554 1075 1640 duplici.

78 1663 153 1726 acie
177 1661 344 1743 instituta,
369 1659 507 1724 auxiliis
531 1660 566 1724 in
589 1660 732 1724 mediam
757 1663 863 1725 aciem
886 1663 1060 1744 coniectis,

78 1765 160 1851 quid
176 1764 291 1829 hostes
307 1761 442 1828 consilii
456 1773 627 1848 caperent,
649 1765 879 1851 exspectabat.
906 1766 972 1850 Illi,
997 1766 1084 1831 etsi2

77 1880 215 1956 propter
236 1867 486 1935 multitudinem
505 1879 538 1934 et
560 1879 707 1937 veterem
723 1869 804 1935 belli
821 1869 963 1953 gloriam
978 1896 1058 1959 pau-

80 1961 287 2059 citatemque
303 1980 496 2039 nostrorum
513 1995 548 2037 se
564 1965 636 2038 tuto
655 1974 871 2040 dimicaturos
889 1978 1061 2042 existima-

78 2080 176 2162 bant,
200 2089 313 2144 tamen
329 2077 437 2142 tutius
454 2099 528 2142 esse
552 2077 810 2144 arbitrabantur
834 2079 981 2145 obsessis
997 2084 1061 2147 viis

75 2192 266 2250 commeatu
278 2181 461 2247 intercluso
478 2183 551 2247 sine
562 2182 631 2247 ullo
644 2182 781 2248 vulnere
794 2186 939 2250 victoria
955 2189 1057 2269 potiri

76 2298 121 2371 et,
140 2287 170 2351 si
185 2296 322 2373 propter
337 2286 484 2373 inopiam
500 2287 550 2350 rei
565 2286 806 2352 frumentariae
821 2288 964 2353 Romani
988 2301 1083 2354 sese³

75 2394 230 2477 recipere
246 2391 446 2476 coepissent,
463 2389 642 2476 impeditos
659 2391 694 2454 in
711 2393 845 2474 agmine
864 2401 896 2456 et
914 2391 975 2456 sub
994 2415 1063 2457 sar·

75 2497 166 2564 cinis
183 2495 364 2561 infirmiore
381 2495 492 2560 animo
509 2493 637 2559 adoriri
654 2495 863 2579 cogitabant.
888 2495 961 2560 Hoc
985 2511 1084 2561 con-4

77 2603 156 2669 silio
191 2597 334 2685 probato
364 2596 407 2664 ab
438 2598 597 2680 ducibus,
632 2599 806 2684 productis
837 2600 1063 2665 Romanorum

76 2706 204 2791 copiis,
240 2726 314 2769 sese
348 2703 471 2768 castris
500 2703 672 2769 tenebant.
718 2704 793 2769 Hac
823 2728 859 2768 re
886 2713 1086 2790 perspectas
1182 2718 1185 2722 ·

81 2811 229 2878 Crassus
252 2829 328 2873 curn
352 2830 413 2873 sua
429 2808 647 2873 cunctatione
671 2807 783 2896 [atque
801 2811 956 2894 opinione
977 2810 1064 2872 timi·

84 2913 209 2998 diores]
232 2913 347 2979 hostes
359 2922 493 2978 nostros
508 2912 632 2977 milites
650 2910 834 2976 alacriores
850 2911 894 2975 ad
910 2933 1078 2998 pugnari·-

79 3019 160 3087 dum
184 3017 392 3101 effecissent,
423 3026 524 3102 atque
548 3016 694 3080 omnium
722 3038 822 3080 voces
854 3016 1063 3100 audirentur,

79 3123 275 3209 exspectari
304 3120 431 3186 diutius
461 3141 529 3185 non
559 3128 730 3206 oportere,
764 3120 843 3205 quin
874 3119 918 3183 ad
948 3130 1063 3186 castra

79 3229 196 3310 iretur,
220 3224 416 3290 cohortatus
434 3246 513 3289 suos
530 3222 683 3288 omnibus
701 3223 912 3309 cupientibus
937 3223 982 3288 ad
1004 3223 1062 3287 ho·

80 3333 183 3397 stium
206 3339 321 3396 castra
344 3327 530 3393 contendit.

164 3430 217 3498 25.
240 3431 293 3497 Ibi
316 3454 392 3497 cum
408 3430 468 3497 alii
491 3431 600 3496 fossas
624 3431 840 3516 complerent,
865 3429 924 3494 alii
946 3428 1062 3494 multis

76 3537 156 3606 telis
173 3535 338 3602 coniectis
357 3535 551 3601 defensores
573 3533 664 3599 vallo
680 3532 989 3618 munitionibusque
1006 3531 1061 3597 de-
