2376 3924
160 239 223 305 253
499 239 608 289 11111
625 238 798 291 araretur

160 426 298 493 navibus
321 427 486 509 onerariis,
520 448 604 512 quae
633 436 726 492 erant
753 436 848 492 extra
865 428 1057 509 cothonem,
1091 431 1136 492 in-

161 532 265 595 censis
288 529 501 615 omnibusque
529 529 662 615 reliquis
684 529 726 594 ab
748 531 787 595 iis
810 539 867 595 aut
889 530 1056 595 subductis
1080 541 1137 597 aut

159 635 192 698 in
226 634 396 699 cothonem
428 633 609 720 compulsis,
654 633 816 720 paulisper
850 642 1075 717 commoratus,
1110 637 1136 698 si

159 738 241 804 forte
273 737 393 804 vellent
426 737 527 802 classa
561 737 724 821 dimicare,
758 759 870 802 rursus
897 759 932 802 se
959 739 1083 822 recepit
1103 740 1137 801 in

160 826 276 906 castra.

246 945 297 1008 64.
321 944 361 1008 In
388 966 428 1009 ea
456 966 540 1009 nave
570 954 683 1028 captus
712 952 762 1008 est
783 945 819 1009 P.
844 944 1002 1025 Vestrius,
1037 965 1137 1029 eques

160 1050 334 1130 Romanus,
369 1058 401 1113 et
423 1049 459 1113 P.
482 1048 634 1132 Ligarius
657 1046 866 1130 Afranianus
896 1069 993 1132 quem
1016 1048 1138 1114 Caesar

160 1154 194 1216 in
216 1153 375 1237 Hispania
397 1174 471 1216 cum
493 1150 625 1237 reliquis
648 1151 823 1234 dimiserat,
847 1161 880 1216 11
901 1160 1013 1237 postea
1035 1174 1070 1216 11
1093 1153 1136 1219 ad

161 1257 350 1341 Pompeium
383 1254 572 1338 contulerat,
606 1255 682 1320 inde
710 1278 752 1320 ex
780 1256 900 1342 proelio
923 1257 1082 1341 effugerat
1104 1260 1137 1321 in

161 1360 371 1444 Africamque
395 1359 437 1424 ad
460 1360 586 1425 Varum
608 1368 757 1442 venerat3
804 1382 901 1444 quem
934 1360 975 1424 ob
1006 1363 1138 1446 periurii

140 1464 332 1550 aperfidiam
354 1463 475 1529 Caesar
508 1466 600 1529 iussit
632 1466 749 1529 necari.
795 1466 831 1530 P.
856 1466 984 1531 Vestrio
1018 1475 1137 1548 autem,

162 1568 250 1653 quod
272 1569 340 1632 eius
362 1567 464 1632 frater
485 1569 608 1632 Romae
631 1569 802 1653 pecuniam
822 1570 1014 1653 imperatam
1028 1591 1139 1634 nume-

161 1681 301 1754 raverat,
325 1680 357 1736 11
380 1671 467 1757 quod
488 1674 556 1757 ipse
580 1694 672 1736 suam
695 1693 826 1736 causam
848 1671 1046 1757 probaverat
1060 1670 1138 1736 Cae-

162 1779 236 1860 sari,
270 1798 305 1841 11
335 1799 355 1841 1
382 1774 495 1840 Nasidi
530 1776 631 1840 classe
666 1785 807 1861 captum,
842 1797 916 1839 cum
949 1774 991 1840 ad
1023 1797 1139 1840 necem

162 1879 345 1962 duceretur,
368 1878 525 1943 beneficio
548 1879 629 1944 Vari
651 1900 721 1943 esse
743 1887 918 1960 servatum,
942 1887 1054 1963 postea
1077 1879 1139 1944 sibi

162 1981 349 2047 facultatem
370 1981 491 2046 nullam
514 1981 625 2047 datam
646 1983 845 2066 transeundi,
868 1985 1001 2069 ignovit.

248 2085 299 2149 65.
323 2085 383 2149 Est
404 2086 438 2148 in
460 2084 573 2149 Africa
596 2085 794 2151 consuetudo
823 2086 1011 2169 incolarum,
1046 2094 1083 2150 ut
1106 2087 1139 2149 in

162 2191 248 2277 agris
270 2198 303 2253 11
324 2192 358 2253 in
381 2188 528 2254 omuibus
550 2188 618 2253 fere
640 2188 722 2254 villis
745 2189 805 2256 sub
828 2200 916 2255 terra
938 2211 1052 2275 specus
1076 2189 1139 2253 fru-

162 2295 262 2358 menti
285 2292 446 2359 condendi
468 2293 574 2377 gratia
589 2292 672 2357 clam
687 2292 831 2358 habeant
846 2302 944 2379 atque
958 2292 992 2356 id
1008 2301 1140 2378 propter

163 2397 248 2463 bella
270 2399 412 2462 maxime
440 2396 645 2481 hostiumque
673 2396 814 2461 subitum
843 2396 1021 2462 adventum
1049 2417 1139 2480 prae·

142 2511 287 2587 aparent.
312 2502 386 2583 Qua
409 2500 450 2564 de
472 2522 508 2564 re
523 2497 644 2564 Caesar
666 2522 725 2585 per
747 2500 888 2565 indicem
902 2500 1020 2564 certior
1034 2498 1140 2564 factus

163 2608 258 2670 tertia
280 2605 390 2689 vigilia
412 2604 553 2689 legiones
576 2604 658 2669 duas
691 2627 766 2669 cum
799 2607 946 2690 equitatu
977 2604 1076 2668 mittit
1098 2603 1140 2667 ab

164 2711 278 2773 castris
301 2710 366 2773 suis
389 2708 476 2772 milia
498 2729 653 2793 passuum
675 2725 699 2771 x
722 2716 821 2793 atque
843 2708 919 2772 inde
942 2729 1062 2792 magno
1084 2730 1140 2772 nu-

142 2829 252 2877 311111
286 2812 438 2876 frumenti
473 2821 603 2876 onustos
637 2813 752 2896 recipit
783 2814 817 2875 in
850 2819 966 2875 castra.
1012 2809 1141 2892 Quibus

163 2914 261 2979 rebus
295 2918 429 3000 cognitis
452 2916 619 2981 Labienus
653 2935 841 3002 progressus
875 2936 894 2977 a
927 2918 993 2979 suis
1026 2916 1141 2980 castris

164 3017 250 3082 milia
279 3039 432 3105 passuum
456 3037 586 3104 vl1per
612 3020 724 3103 iugum
746 3025 779 3080 et
801 3015 923 3099 collem,
957 3040 1016 3103 per
1043 3041 1142 3104 quem

144 3121 286 3186 thesar
300 3120 404 3208 pridie
419 3125 481 3186 iter
496 3121 627 3204 fecerat,
644 3120 688 3185 ibi
704 3127 810 3183 castra
825 3117 964 3183 duarum
979 3120 1142 3206 legionum

164 3228 241 3291 facit
264 3238 360 3313 atque
383 3229 451 3312 ipse
475 3225 591 3291 cotidie
614 3226 801 3290 existimans
825 3220 1001 3288 Caesarem
1025 3225 1141 3291 eadem

165 3353 261 3416 saepe
284 3330 503 3397 frumentandi
518 3334 623 3416 gratia
639 3335 902 3408 commeaturum,
926 3349 1000 3391 cum
1021 3350 1141 3415 magno

166 3436 311 3518 equitatu
334 3435 460 3521 levique
483 3442 651 3499 armatura
673 3427 884 3497 insidiaturus
912 3429 990 3496 locis
1018 3429 1142 3498 idoneis

161 3537 308 3603 considit.
