2376 3924
484 242 561 294 cur.
578 244 689 295 ss-ar.
1007 243 1071 308 319

95 434 305 499 reficiendum
327 432 485 499 subduxit
506 442 548 516 et,
572 435 744 518 quamvis.
769 482 777 496 .
801 481 810 496 .
833 442 977 516 ,essent
999 431 1071 497 bra-

94 538 203 602 chium
209 586 303 602 .....
311 538 469 620 Lusitani,
493 539 548 622 qui
570 559 613 601 ex
636 558 746 622 pugna
768 537 1006 622 superfuerunt,
1029 537 1092 604 ada

95 644 223 727 signum
244 663 279 706 se
301 650 495 728 receperunt
517 649 550 705 et
571 639 655 705 bene
676 662 796 724 magna
823 662 923 705 manu
946 663 1072 726 compa-

95 754 167 810 rata
189 745 232 810 ad
254 744 390 809 Didium
412 766 446 809 se
469 753 644 831 reportant.
679 743 766 808 Huic
789 746 848 808 etsi
870 765 935 808 non
957 743 1093 813 aberata

94 849 260 934 diligentia
282 848 324 913 ad
347 870 448 913 naves
471 847 617 929 tuendas,
640 855 750 911 tamen
772 868 1015 932 nonnumquam
1029 870 1072 912 ex

95 951 224 1017 castello
239 961 372 1038 propter
386 975 498 1017 eorum
513 951 646 1017 crebras
661 953 869 1016 excursiones
885 949 1072 1017 eliciebatur

95 1064 128 1119 et
150 1078 250 1142 prope
273 1057 441 1122 cotidianis
464 1058 580 1142 pugnis
598 1105 714 1120 .....
732 1054 866 1120 insidias
894 1064 1019 1142 ponunt
1040 1064 1073 1120 et

94 1161 255 1244 tripartito
277 1163 370 1246 signa
393 1160 598 1225 distribuunt.
636 1160 741 1224 Erant
762 1162 878 1246 parati,
901 1161 957 1245 qui
971 1182 1094 1225 naresi

96 1263 314 1349 incenderent,
348 1267 551 1351 incensisque
582 1265 637 1349 qui
670 1264 850 1329 subsidium
883 1263 1003 1344 ferrent
1024 1286 1072 1328 re-

95 1367 265 1453 pellerent:
298 1368 332 1432 hi
354 1370 400 1432 sic
423 1367 567 1453 dispositi
590 1376 692 1450 erant,
722 1376 800 1433 uta
821 1366 907 1432 nullo
931 1367 1072 1447 conspici

92 1474 229 1548 possent.
275 1469 318 1533 In
341 1481 516 1556 conspectu
544 1474 686 1536 omnium
709 1471 751 1535 ad
778 1492 922 1557 pugnam
944 1480 1071 1536 conten-

96 1573 186 1639 dunt.
231 1575 283 1639 Ita
305 1596 378 1638 cum
402 1596 445 1638 ex
468 1574 598 1640 castello
621 1575 739 1640 Didius
763 1574 805 1639 ad
828 1574 1094 1660 propellendums

96 1679 304 1763 processisset
326 1700 400 1741 cum
423 1680 532 1763 copiis,
556 1680 684 1762 signum
706 1701 726 1742 a
748 1678 913 1742 Lusitanis
941 1677 1071 1760 tollitur,

95 1802 195 1844 naves
210 1780 436 1863 incenduntur,
460 1781 627 1867 simulque,
652 1784 772 1867 quiex
800 1780 929 1846 castello
952 1780 995 1845 ad
1017 1803 1072 1868 pu·

95 1906 193 1969 gnam
216 1893 452 1970 processerant,
487 1884 601 1949 eodem
624 1886 726 1969 signo,
748 1885 909 1970 fugientes
932 1884 1072 1949 latrones

96 1987 173 2052 dum
196 1997 445 2074 persequuntur,
469 2012 489 2053 a
511 2000 602 2074 tergo
624 1990 761 2054 insidiae
784 1989 923 2054 clamore
947 1989 1072 2055 sublato

96 2094 362 2157 circumveniunt.
418 2092 537 2158 Didius
574 2115 694 2178 magna
731 2115 805 2158 cum
841 2096 962 2159 virtute
999 2115 1094 2161 cums

96 2195 313 2282 compluribus
334 2196 540 2280 interficitur3
564 2197 708 2261 nonnulli
730 2219 769 2261 ea
792 2219 902 2283 pugna
925 2197 1072 2282 scaphas,

96 2321 180 2385 quae
202 2299 245 2364 ad
267 2299 341 2365 litus
363 2301 502 2384 fuerant,
526 2310 694 2386 occupant,
716 2303 794 2365 item
809 2296 973 2386 [nonnulli]
990 2323 1072 2366 com·

96 2403 203 2488 plures
231 2403 340 2468 nando
373 2403 416 2468 ad
438 2427 555 2485 naves,
590 2426 674 2489 quae
707 2406 740 2469 in
762 2403 829 2468 salo
857 2404 1002 2487 fuerunt,
1037 2423 1095 2470 ser

96 2508 271 2593 recipiunt,
295 2509 422 2572 ancoris
445 2506 579 2572 sublatis
602 2506 736 2593 pelagus
758 2509 854 2572 remis
877 2516 988 2593 petere
1004 2530 1073 2572 coe-

96 2619 229 2695 perunt3
254 2632 413 2696 quaeres
436 2632 548 2675 eorum
571 2612 657 2675 vitae
671 2610 734 2674 fuit
749 2608 901 2675 subsidio.
924 2611 1074 2676 Lusitani
1117 2694 1119 2699 Α

97 2713 220 2798 praeda
242 2716 417 2800 potiuntur.
448 2712 570 2779 Caesar
586 2712 736 2781 Gadibus
758 2736 871 2778 rursus
894 2714 936 2779 ad
958 2716 1096 2800 Hispa-s

96 2815 151 2880 lim
173 2820 320 2882 recurrit.

182 2920 233 2983 41.
268 2918 391 2986 Fabius
413 2922 594 3005 Maximus,
624 2943 721 3007 quem
747 2922 790 2987 ad
812 2920 956 2987 Mundae
985 2943 1075 3008 prae·

97 3022 215 3087 sidium
242 3024 496 3110 oppugnandum
528 3024 719 3110 reliquerat,
754 3026 905 3112 operibus
938 3025 1075 3090 assiduis

96 3125 226 3190 diurnis
260 3131 485 3216 nocturnisque
517 3129 744 3195 circumclusit.
788 3129 958 3195 Interclusi
991 3132 1076 3193 inter

97 3250 133 3292 se
155 3229 332 3295 decernere
366 3231 468 3302 armis
502 3235 671 3311 coeperunt
698 3235 725 3294 ei
753 3232 840 3297 facta
868 3231 968 3297 caede
989 3230 1074 3296 bene

97 3355 218 3420 magna
245 3333 442 3414 eruptionem
469 3335 601 3399 faciunt.
646 3335 755 3399 Nostri
786 3333 829 3398 ad
852 3333 1006 3419 oppidum
1026 3351 1097 3399 re·2

97 3437 321 3522 superandum
344 3440 543 3502 occasionem
566 3460 632 3502 non
659 3439 922 3523 praetermittunt
936 3485 1029 3502 .....
1043 3446 1077 3503 et

96 3538 236 3626 reliquos
264 3543 356 3606 vivos
385 3543 525 3628 capiunt,
556 3558 637 3607 XIIII
658 3538 755 3606 milia.
800 3539 984 3606 Ursaonem
1005 3563 1076 3627 pro·
