<?xml version="1.0" encoding="UTF-8"?>
<!DOCTYPE html PUBLIC "-//W3C//DTD XHTML 1.0 Transitional//EN"
    "http://www.w3.org/TR/xhtml1/DTD/xhtml1-transitional.dtd">
<html xmlns="http://www.w3.org/1999/xhtml" xml:lang="en" lang="en">
 <head>
  <title>
</title>
<meta http-equiv="Content-Type" content="text/html;charset=utf-8" />
  <meta name='ocr-system' content='tesseract 3.04.00' />
  <meta name='ocr-capabilities' content='ocr_page ocr_carea ocr_par ocr_line ocrx_word'/>
</head>
<body>
  <div class='ocr_page' id='page_1' title='image "./ciuliicaesarisc00hoffgoog/ciuliicaesarisc00hoffgoog_0237.png"; bbox 0 0 2376 3924; ppageno 0'>
   <div class='ocr_carea' id='block_1_1' title="bbox 156 239 792 330">
    <p class='ocr_par' dir='ltr' id='par_1_1' title="bbox 156 239 792 330">
     <span class='ocr_line' id='line_1_1' title="bbox 156 239 792 330; baseline -0.028 -23"><span class='ocrx_word' id='word_1_1' title='bbox 156 243 215 308; x_wconf 86' lang='grc'>184</span> <span class='ocrx_word' id='word_1_2' title='bbox 425 243 474 292; x_wconf 88' lang='lat' dir='ltr'>nn</span> <span class='ocrx_word' id='word_1_3' title='bbox 494 242 612 293; x_wconf 74' lang='lat' dir='ltr'>cumo</span> <span class='ocrx_word' id='word_1_4' title='bbox 632 239 792 330; x_wconf 69' lang='lat' dir='ltr'>omnmo</span> 
     </span>
    </p>
   </div>
   <div class='ocr_carea' id='block_1_2' title="bbox 113 431 1177 3644">
    <p class='ocr_par' dir='ltr' id='par_1_2' title="bbox 116 431 1128 833">
     <span class='ocr_line' id='line_1_2' title="bbox 116 431 1128 519; baseline 0.007 -26"><span class='ocrx_word' id='word_1_5' title='bbox 116 453 141 493; x_wconf 85' lang='lat' dir='ltr'>re</span> <span class='ocrx_word' id='word_1_6' title='bbox 151 434 360 519; x_wconf 81' lang='lat' dir='ltr'><strong>vinculisque</strong></span> <span class='ocrx_word' id='word_1_7' title='bbox 376 434 644 499; x_wconf 87' lang='lat' dir='ltr'>excruciaverat.</span> <span class='ocrx_word' id='word_1_8' title='bbox 660 432 705 496; x_wconf 92' lang='lat' dir='ltr'>Hi</span> <span class='ocrx_word' id='word_1_9' title='bbox 718 433 784 495; x_wconf 91' lang='lat' dir='ltr'>iam</span> <span class='ocrx_word' id='word_1_10' title='bbox 804 440 884 497; x_wconf 89' lang='lat' dir='ltr'>ante</span> <span class='ocrx_word' id='word_1_11' title='bbox 900 431 1023 516; x_wconf 79' lang='lat' dir='ltr'>edocti,</span> <span class='ocrx_word' id='word_1_12' title='bbox 1041 456 1128 519; x_wconf 90' lang='lat' dir='ltr'>quae</span> 
     </span>
     <span class='ocr_line' id='line_1_3' title="bbox 150 535 1127 625; baseline 0 -21"><span class='ocrx_word' id='word_1_13' title='bbox 150 540 352 622; x_wconf 90' lang='lat' dir='ltr'>interrogati</span> <span class='ocrx_word' id='word_1_14' title='bbox 364 536 632 625; x_wconf 79' lang='lat' dir='ltr'>pronuntiarent,</span> <span class='ocrx_word' id='word_1_15' title='bbox 644 535 769 601; x_wconf 81' lang='lat' dir='ltr'><strong>milites</strong></span> <span class='ocrx_word' id='word_1_16' title='bbox 783 558 819 600; x_wconf 86' lang='lat' dir='ltr'>se</span> <span class='ocrx_word' id='word_1_17' title='bbox 831 558 907 601; x_wconf 88' lang='lat' dir='ltr'>esse</span> <span class='ocrx_word' id='word_1_18' title='bbox 919 535 1127 620; x_wconf 89' lang='lat' dir='ltr'>legionarios</span> 
     </span>
     <span class='ocr_line' id='line_1_4' title="bbox 151 638 1126 728; baseline 0.001 -21"><span class='ocrx_word' id='word_1_19' title='bbox 151 643 286 728; x_wconf 79' lang='lat' dir='ltr'>dicunt3</span> <span class='ocrx_word' id='word_1_20' title='bbox 308 643 397 709; x_wconf 88' lang='lat' dir='ltr'>fame</span> <span class='ocrx_word' id='word_1_21' title='bbox 420 650 454 707; x_wconf 90' lang='lat' dir='ltr'>et</span> <span class='ocrx_word' id='word_1_22' title='bbox 477 642 591 726; x_wconf 89' lang='lat' dir='ltr'>inopia</span> <span class='ocrx_word' id='word_1_23' title='bbox 620 639 786 705; x_wconf 88' lang='lat' dir='ltr'>adductos</span> <span class='ocrx_word' id='word_1_24' title='bbox 810 638 898 704; x_wconf 89' lang='lat' dir='ltr'>clam</span> <span class='ocrx_word' id='word_1_25' title='bbox 929 662 972 704; x_wconf 89' lang='lat' dir='ltr'>ex</span> <span class='ocrx_word' id='word_1_26' title='bbox 1001 645 1126 708; x_wconf 86' lang='lat' dir='ltr'>eastris</span> 
     </span>
     <span class='ocr_line' id='line_1_5' title="bbox 150 744 1126 833; baseline -0.001 -21"><span class='ocrx_word' id='word_1_27' title='bbox 150 749 272 833; x_wconf 78' lang='lat' dir='ltr'>exisse,</span> <span class='ocrx_word' id='word_1_28' title='bbox 287 746 314 811; x_wconf 87' lang='lat' dir='ltr'>si</span> <span class='ocrx_word' id='word_1_29' title='bbox 332 744 411 832; x_wconf 89' lang='lat' dir='ltr'>quid</span> <span class='ocrx_word' id='word_1_30' title='bbox 428 746 587 810; x_wconf 83' lang='lat' dir='ltr'>frumenti</span> <span class='ocrx_word' id='word_1_31' title='bbox 603 752 661 809; x_wconf 89' lang='lat' dir='ltr'>aut</span> <span class='ocrx_word' id='word_1_32' title='bbox 677 745 808 830; x_wconf 88' lang='lat' dir='ltr'>pecoris</span> <span class='ocrx_word' id='word_1_33' title='bbox 824 745 858 808; x_wconf 93' lang='lat' dir='ltr'>in</span> <span class='ocrx_word' id='word_1_34' title='bbox 872 746 965 828; x_wconf 88' lang='lat' dir='ltr'>agris</span> <span class='ocrx_word' id='word_1_35' title='bbox 976 748 1126 832; x_wconf 89' lang='lat' dir='ltr'>reperire</span> 
     </span>
    </p>

    <p class='ocr_par' dir='ltr' id='par_1_3' title="bbox 114 848 1125 1248">
     <span class='ocr_line' id='line_1_6' title="bbox 114 848 1125 938; baseline 0 -22"><span class='ocrx_word' id='word_1_36' title='bbox 114 861 304 938; x_wconf 79' lang='lat' dir='ltr'>¹1possent3</span> <span class='ocrx_word' id='word_1_37' title='bbox 329 848 430 915; x_wconf 81' lang='lat' dir='ltr'>simili</span> <span class='ocrx_word' id='word_1_38' title='bbox 447 870 577 914; x_wconf 91' lang='lat' dir='ltr'>omnem</span> <span class='ocrx_word' id='word_1_39' title='bbox 600 849 784 914; x_wconf 79' lang='lat' dir='ltr'>exercitum</span> <span class='ocrx_word' id='word_1_40' title='bbox 800 849 914 934; x_wconf 88' lang='lat' dir='ltr'>inopia</span> <span class='ocrx_word' id='word_1_41' title='bbox 930 851 1045 935; x_wconf 88' lang='lat' dir='ltr'>premi,</span> <span class='ocrx_word' id='word_1_42' title='bbox 1062 873 1125 916; x_wconf 89' lang='lat' dir='ltr'>nec</span> 
     </span>
     <span class='ocr_line' id='line_1_7' title="bbox 149 952 1125 1039; baseline -0.002 -19"><span class='ocrx_word' id='word_1_43' title='bbox 149 957 217 1021; x_wconf 92' lang='lat' dir='ltr'>iam</span> <span class='ocrx_word' id='word_1_44' title='bbox 239 957 329 1020; x_wconf 85' lang='lat' dir='ltr'>vires</span> <span class='ocrx_word' id='word_1_45' title='bbox 353 952 507 1018; x_wconf 87' lang='lat' dir='ltr'>sufficere</span> <span class='ocrx_word' id='word_1_46' title='bbox 531 953 729 1038; x_wconf 87' lang='lat' dir='ltr'>cuiusquam</span> <span class='ocrx_word' id='word_1_47' title='bbox 750 973 813 1016; x_wconf 91' lang='lat' dir='ltr'>neo</span> <span class='ocrx_word' id='word_1_48' title='bbox 837 952 924 1017; x_wconf 87' lang='lat' dir='ltr'>ferre</span> <span class='ocrx_word' id='word_1_49' title='bbox 941 955 1052 1039; x_wconf 88' lang='lat' dir='ltr'>operis</span> <span class='ocrx_word' id='word_1_50' title='bbox 1077 954 1125 1019; x_wconf 91' lang='lat' dir='ltr'>la·</span> 
     </span>
     <span class='ocr_line' id='line_1_8' title="bbox 148 1057 1124 1143; baseline -0.001 -20"><span class='ocrx_word' id='word_1_51' title='bbox 148 1057 264 1123; x_wconf 89' lang='lat' dir='ltr'>borem</span> <span class='ocrx_word' id='word_1_52' title='bbox 285 1079 402 1143; x_wconf 81' lang='lat' dir='ltr'>posse3</span> <span class='ocrx_word' id='word_1_53' title='bbox 420 1057 534 1141; x_wconf 89' lang='lat' dir='ltr'>itaque</span> <span class='ocrx_word' id='word_1_54' title='bbox 551 1057 713 1122; x_wconf 79' lang='lat' dir='ltr'>statuisse</span> <span class='ocrx_word' id='word_1_55' title='bbox 730 1057 977 1141; x_wconf 85' lang='lat' dir='ltr'>imperatorem,</span> <span class='ocrx_word' id='word_1_56' title='bbox 995 1058 1023 1122; x_wconf 90' lang='lat' dir='ltr'>si</span> <span class='ocrx_word' id='word_1_57' title='bbox 1039 1057 1124 1122; x_wconf 91' lang='lat' dir='ltr'>nihil</span> 
     </span>
     <span class='ocr_line' id='line_1_9' title="bbox 148 1159 1124 1248; baseline 0 -21"><span class='ocrx_word' id='word_1_58' title='bbox 148 1164 183 1227; x_wconf 93' lang='lat' dir='ltr'>in</span> <span class='ocrx_word' id='word_1_59' title='bbox 206 1162 456 1248; x_wconf 82' lang='lat' dir='ltr'>oppugnatione</span> <span class='ocrx_word' id='word_1_60' title='bbox 485 1159 599 1247; x_wconf 92' lang='lat' dir='ltr'>oppidi</span> <span class='ocrx_word' id='word_1_61' title='bbox 626 1159 858 1245; x_wconf 79' lang='lat' dir='ltr'>profecissent,</span> <span class='ocrx_word' id='word_1_62' title='bbox 888 1159 1000 1225; x_wconf 92' lang='lat' dir='ltr'>triduo</span> <span class='ocrx_word' id='word_1_63' title='bbox 1030 1184 1124 1227; x_wconf 86' lang='lat' dir='ltr'>exer·</span> 
     </span>
    </p>

    <p class='ocr_par' dir='ltr' id='par_1_4' title="bbox 113 1257 1124 1870">
     <span class='ocr_line' id='line_1_10' title="bbox 113 1257 1123 1350; baseline 0.002 -21"><span class='ocrx_word' id='word_1_64' title='bbox 113 1283 137 1321; x_wconf 76' lang='lat'>1²</span> <span class='ocrx_word' id='word_1_65' title='bbox 148 1266 250 1329; x_wconf 89' lang='lat' dir='ltr'>citum</span> <span class='ocrx_word' id='word_1_66' title='bbox 264 1263 440 1330; x_wconf 89' lang='lat' dir='ltr'>deducere.</span> <span class='ocrx_word' id='word_1_67' title='bbox 453 1257 579 1347; x_wconf 86' lang='lat' dir='ltr'>‘Haec’,</span> <span class='ocrx_word' id='word_1_68' title='bbox 592 1264 711 1350; x_wconf 90' lang='lat' dir='ltr'>inquit,</span> <span class='ocrx_word' id='word_1_69' title='bbox 724 1261 754 1328; x_wconf 92' lang='lat' dir='ltr'>‘a</span> <span class='ocrx_word' id='word_1_70' title='bbox 767 1263 838 1345; x_wconf 92' lang='lat' dir='ltr'>me&#39;,</span> <span class='ocrx_word' id='word_1_71' title='bbox 852 1263 1123 1349; x_wconf 79' lang='lat' dir='ltr'>Vercingetorix,</span> 
     </span>
     <span class='ocr_line' id='line_1_11' title="bbox 147 1366 1124 1454; baseline 0 -20"><span class='ocrx_word' id='word_1_72' title='bbox 147 1366 1124 1454; x_wconf 71' lang='lat' dir='ltr'>‘beneficiahabetis,quemproditionisinsimulatis,cuius</span> 
     </span>
     <span class='ocr_line' id='line_1_12' title="bbox 148 1473 1124 1558; baseline 0 -20"><span class='ocrx_word' id='word_1_73' title='bbox 148 1494 250 1558; x_wconf 90' lang='lat' dir='ltr'>opera</span> <span class='ocrx_word' id='word_1_74' title='bbox 267 1474 338 1538; x_wconf 86' lang='lat' dir='ltr'>sine</span> <span class='ocrx_word' id='word_1_75' title='bbox 353 1480 468 1537; x_wconf 88' lang='lat' dir='ltr'>vestro</span> <span class='ocrx_word' id='word_1_76' title='bbox 487 1473 652 1555; x_wconf 89' lang='lat' dir='ltr'>sanguine</span> <span class='ocrx_word' id='word_1_77' title='bbox 668 1479 801 1536; x_wconf 90' lang='lat' dir='ltr'>tantum</span> <span class='ocrx_word' id='word_1_78' title='bbox 817 1474 1002 1537; x_wconf 87' lang='lat' dir='ltr'>exercitum</span> <span class='ocrx_word' id='word_1_79' title='bbox 1016 1475 1124 1539; x_wconf 88' lang='lat' dir='ltr'>victo-</span> 
     </span>
     <span class='ocr_line' id='line_1_13' title="bbox 146 1575 1124 1662; baseline 0 -20"><span class='ocrx_word' id='word_1_80' title='bbox 146 1599 216 1642; x_wconf 91' lang='lat' dir='ltr'>rem</span> <span class='ocrx_word' id='word_1_81' title='bbox 231 1576 319 1642; x_wconf 89' lang='lat' dir='ltr'>fame</span> <span class='ocrx_word' id='word_1_82' title='bbox 335 1585 566 1662; x_wconf 89' lang='lat' dir='ltr'>consumptum</span> <span class='ocrx_word' id='word_1_83' title='bbox 583 1575 724 1658; x_wconf 69' lang='lat' dir='ltr'>videtis,</span> <span class='ocrx_word' id='word_1_84' title='bbox 746 1598 845 1662; x_wconf 91' lang='lat' dir='ltr'>quem</span> <span class='ocrx_word' id='word_1_85' title='bbox 868 1578 1012 1662; x_wconf 89' lang='lat' dir='ltr'>turpiter</span> <span class='ocrx_word' id='word_1_86' title='bbox 1028 1598 1064 1641; x_wconf 86' lang='lat' dir='ltr'>se</span> <span class='ocrx_word' id='word_1_87' title='bbox 1079 1599 1124 1642; x_wconf 87' lang='lat' dir='ltr'>ex</span> 
     </span>
     <span class='ocr_line' id='line_1_14' title="bbox 145 1680 1122 1767; baseline -0.001 -21"><span class='ocrx_word' id='word_1_88' title='bbox 145 1682 226 1765; x_wconf 87' lang='lat' dir='ltr'>fuga</span> <span class='ocrx_word' id='word_1_89' title='bbox 242 1682 458 1767; x_wconf 87' lang='lat' dir='ltr'>recipientem</span> <span class='ocrx_word' id='word_1_90' title='bbox 475 1702 517 1744; x_wconf 93' lang='lat' dir='ltr'>ne</span> <span class='ocrx_word' id='word_1_91' title='bbox 534 1701 599 1766; x_wconf 92' lang='lat' dir='ltr'>qua</span> <span class='ocrx_word' id='word_1_92' title='bbox 612 1681 735 1745; x_wconf 84' lang='lat' dir='ltr'>civitas</span> <span class='ocrx_word' id='word_1_93' title='bbox 748 1681 817 1744; x_wconf 90' lang='lat' dir='ltr'>suis</span> <span class='ocrx_word' id='word_1_94' title='bbox 829 1680 951 1745; x_wconf 87' lang='lat' dir='ltr'>finibus</span> <span class='ocrx_word' id='word_1_95' title='bbox 967 1681 1122 1765; x_wconf 86' lang='lat' dir='ltr'>recipiat,</span> 
     </span>
     <span class='ocr_line' id='line_1_15' title="bbox 145 1782 532 1870; baseline -0.013 -19"><span class='ocrx_word' id='word_1_96' title='bbox 145 1806 241 1851; x_wconf 86' lang='lat' dir='ltr'>ame</span> <span class='ocrx_word' id='word_1_97' title='bbox 263 1784 437 1870; x_wconf 87' lang='lat' dir='ltr'>provisum</span> <span class='ocrx_word' id='word_1_98' title='bbox 460 1782 532 1847; x_wconf 85' lang='lat' dir='ltr'>est&#39;.</span> 
     </span>
    </p>

    <p class='ocr_par' dir='ltr' id='par_1_5' title="bbox 145 1885 1122 2282">
     <span class='ocr_line' id='line_1_16' title="bbox 245 1885 1121 1957; baseline 0.007 -7"><span class='ocrx_word' id='word_1_99' title='bbox 245 1887 296 1951; x_wconf 85' lang='lat'>21.</span> <span class='ocrx_word' id='word_1_100' title='bbox 320 1885 519 1952; x_wconf 77' lang='lat' dir='ltr'>Conclamat</span> <span class='ocrx_word' id='word_1_101' title='bbox 544 1887 649 1952; x_wconf 90' lang='lat' dir='ltr'>omnis</span> <span class='ocrx_word' id='word_1_102' title='bbox 677 1885 857 1952; x_wconf 92' lang='lat' dir='ltr'>multitudo</span> <span class='ocrx_word' id='word_1_103' title='bbox 880 1897 914 1953; x_wconf 88' lang='lat' dir='ltr'>et</span> <span class='ocrx_word' id='word_1_104' title='bbox 941 1910 1000 1953; x_wconf 89' lang='lat' dir='ltr'>suc</span> <span class='ocrx_word' id='word_1_105' title='bbox 1027 1912 1121 1957; x_wconf 91' lang='lat' dir='ltr'>more</span> 
     </span>
     <span class='ocr_line' id='line_1_17' title="bbox 145 1989 1122 2078; baseline 0.004 -23"><span class='ocrx_word' id='word_1_106' title='bbox 145 1993 247 2056; x_wconf 90' lang='lat' dir='ltr'>armis</span> <span class='ocrx_word' id='word_1_107' title='bbox 260 2001 453 2077; x_wconf 86' lang='lat' dir='ltr'>concrepat,</span> <span class='ocrx_word' id='word_1_108' title='bbox 467 1989 556 2078; x_wconf 92' lang='lat' dir='ltr'>quod</span> <span class='ocrx_word' id='word_1_109' title='bbox 573 1991 686 2056; x_wconf 83' lang='lat' dir='ltr'>facere</span> <span class='ocrx_word' id='word_1_110' title='bbox 699 1992 734 2056; x_wconf 92' lang='lat' dir='ltr'>in</span> <span class='ocrx_word' id='word_1_111' title='bbox 747 2013 785 2056; x_wconf 94' lang='lat' dir='ltr'>eo</span> <span class='ocrx_word' id='word_1_112' title='bbox 798 2002 1013 2077; x_wconf 90' lang='lat' dir='ltr'>consuerunt,</span> <span class='ocrx_word' id='word_1_113' title='bbox 1025 1995 1122 2060; x_wconf 90' lang='lat' dir='ltr'>cuius</span> 
     </span>
     <span class='ocr_line' id='line_1_18' title="bbox 146 2093 1122 2182; baseline 0.004 -22"><span class='ocrx_word' id='word_1_114' title='bbox 146 2093 1122 2182; x_wconf 86' lang='lat' dir='ltr'>orationemapprobant:summumesseVercingetorigem</span> 
     </span>
     <span class='ocr_line' id='line_1_19' title="bbox 146 2196 1122 2282; baseline 0.004 -18"><span class='ocrx_word' id='word_1_115' title='bbox 146 2197 275 2282; x_wconf 88' lang='lat' dir='ltr'>ducem,</span> <span class='ocrx_word' id='word_1_116' title='bbox 297 2220 359 2264; x_wconf 93' lang='lat' dir='ltr'>nec</span> <span class='ocrx_word' id='word_1_117' title='bbox 385 2197 426 2262; x_wconf 92' lang='lat' dir='ltr'>de</span> <span class='ocrx_word' id='word_1_118' title='bbox 449 2199 520 2263; x_wconf 87' lang='lat' dir='ltr'>eius</span> <span class='ocrx_word' id='word_1_119' title='bbox 543 2197 610 2263; x_wconf 89' lang='lat' dir='ltr'>fide</span> <span class='ocrx_word' id='word_1_120' title='bbox 640 2196 873 2282; x_wconf 91' lang='lat' dir='ltr'>dubitandum,</span> <span class='ocrx_word' id='word_1_121' title='bbox 903 2222 965 2265; x_wconf 91' lang='lat' dir='ltr'>nec</span> <span class='ocrx_word' id='word_1_122' title='bbox 994 2203 1122 2268; x_wconf 90' lang='lat' dir='ltr'>maiore</span> 
     </span>
    </p>

    <p class='ocr_par' dir='ltr' id='par_1_6' title="bbox 120 2301 1121 2496">
     <span class='ocr_line' id='line_1_20' title="bbox 120 2301 1121 2389; baseline 0.008 -27"><span class='ocrx_word' id='word_1_123' title='bbox 120 2304 277 2369; x_wconf 78' lang='lat' dir='ltr'>aratione</span> <span class='ocrx_word' id='word_1_124' title='bbox 299 2301 425 2367; x_wconf 88' lang='lat' dir='ltr'>bellum</span> <span class='ocrx_word' id='word_1_125' title='bbox 448 2301 681 2367; x_wconf 89' lang='lat' dir='ltr'>administrari</span> <span class='ocrx_word' id='word_1_126' title='bbox 703 2324 812 2387; x_wconf 89' lang='lat' dir='ltr'>posse.</span> <span class='ocrx_word' id='word_1_127' title='bbox 837 2301 1008 2389; x_wconf 83' lang='lat' dir='ltr'>statuunt,</span> <span class='ocrx_word' id='word_1_128' title='bbox 1037 2316 1074 2372; x_wconf 90' lang='lat' dir='ltr'>ut</span> <span class='ocrx_word' id='word_1_129' title='bbox 1097 2325 1121 2370; x_wconf 88' lang='lat' dir='ltr'><strong>x</strong></span> 
     </span>
     <span class='ocr_line' id='line_1_21' title="bbox 143 2403 1118 2496; baseline 0.004 -25"><span class='ocrx_word' id='word_1_130' title='bbox 143 2405 238 2472; x_wconf 91' lang='lat' dir='ltr'>milia</span> <span class='ocrx_word' id='word_1_131' title='bbox 260 2405 431 2472; x_wconf 91' lang='lat' dir='ltr'>hominum</span> <span class='ocrx_word' id='word_1_132' title='bbox 456 2403 588 2472; x_wconf 85' lang='lat' dir='ltr'>delecta</span> <span class='ocrx_word' id='word_1_133' title='bbox 612 2428 655 2470; x_wconf 87' lang='lat' dir='ltr'>ex</span> <span class='ocrx_word' id='word_1_134' title='bbox 678 2405 831 2472; x_wconf 89' lang='lat' dir='ltr'>omnibus</span> <span class='ocrx_word' id='word_1_135' title='bbox 855 2408 960 2492; x_wconf 90' lang='lat' dir='ltr'>copiis</span> <span class='ocrx_word' id='word_1_136' title='bbox 978 2410 1013 2472; x_wconf 93' lang='lat' dir='ltr'>in</span> <span class='ocrx_word' id='word_1_137' title='bbox 1029 2411 1118 2496; x_wconf 90' lang='lat' dir='ltr'>oppi-</span> 
     </span>
    </p>

    <p class='ocr_par' dir='ltr' id='par_1_7' title="bbox 119 2508 1120 2904">
     <span class='ocr_line' id='line_1_22' title="bbox 119 2508 1120 2594; baseline 0.008 -24"><span class='ocrx_word' id='word_1_138' title='bbox 119 2509 223 2575; x_wconf 85' lang='lat' dir='ltr'>edum</span> <span class='ocrx_word' id='word_1_139' title='bbox 252 2511 440 2594; x_wconf 88' lang='lat' dir='ltr'>mittantur,</span> <span class='ocrx_word' id='word_1_140' title='bbox 468 2531 531 2574; x_wconf 89' lang='lat' dir='ltr'>nec</span> <span class='ocrx_word' id='word_1_141' title='bbox 562 2508 643 2574; x_wconf 88' lang='lat' dir='ltr'>solis</span> <span class='ocrx_word' id='word_1_142' title='bbox 671 2509 883 2594; x_wconf 85' lang='lat' dir='ltr'>Biturigibus</span> <span class='ocrx_word' id='word_1_143' title='bbox 911 2533 1120 2578; x_wconf 90' lang='lat' dir='ltr'>communem</span> 
     </span>
     <span class='ocr_line' id='line_1_23' title="bbox 145 2613 1120 2702; baseline 0.006 -25"><span class='ocrx_word' id='word_1_144' title='bbox 145 2613 288 2679; x_wconf 89' lang='lat' dir='ltr'>salutem</span> <span class='ocrx_word' id='word_1_145' title='bbox 311 2613 587 2680; x_wconf 88' lang='lat' dir='ltr'>committendam</span> <span class='ocrx_word' id='word_1_146' title='bbox 609 2623 760 2698; x_wconf 88' lang='lat' dir='ltr'>censent,</span> <span class='ocrx_word' id='word_1_147' title='bbox 782 2614 869 2701; x_wconf 93' lang='lat' dir='ltr'>quod</span> <span class='ocrx_word' id='word_1_148' title='bbox 885 2638 994 2702; x_wconf 91' lang='lat' dir='ltr'>paone</span> <span class='ocrx_word' id='word_1_149' title='bbox 1017 2638 1065 2700; x_wconf 88' lang='lat' dir='ltr'>eo,</span> <span class='ocrx_word' id='word_1_150' title='bbox 1090 2620 1120 2683; x_wconf 86' lang='lat' dir='ltr'>si</span> 
     </span>
     <span class='ocr_line' id='line_1_24' title="bbox 144 2717 1119 2804; baseline 0.006 -23"><span class='ocrx_word' id='word_1_151' title='bbox 144 2717 179 2781; x_wconf 93' lang='lat' dir='ltr'>id</span> <span class='ocrx_word' id='word_1_152' title='bbox 192 2717 350 2804; x_wconf 93' lang='lat' dir='ltr'>oppidum</span> <span class='ocrx_word' id='word_1_153' title='bbox 362 2719 590 2800; x_wconf 85' lang='lat' dir='ltr'>retinuissent,</span> <span class='ocrx_word' id='word_1_154' title='bbox 608 2740 771 2783; x_wconf 89' lang='lat' dir='ltr'>summam</span> <span class='ocrx_word' id='word_1_155' title='bbox 782 2720 947 2785; x_wconf 85' lang='lat' dir='ltr'>victoriae</span> <span class='ocrx_word' id='word_1_156' title='bbox 959 2729 1119 2787; x_wconf 88' lang='lat' dir='ltr'>constare</span> 
     </span>
     <span class='ocr_line' id='line_1_25' title="bbox 142 2819 397 2904; baseline 0.012 -21"><span class='ocrx_word' id='word_1_157' title='bbox 142 2819 397 2904; x_wconf 83' lang='lat' dir='ltr'>intellegebant.</span> 
     </span>
    </p>

    <p class='ocr_par' dir='ltr' id='par_1_8' title="bbox 142 2921 1177 3219">
     <span class='ocr_line' id='line_1_26' title="bbox 246 2921 1118 3008; baseline 0.011 -23"><span class='ocrx_word' id='word_1_158' title='bbox 246 2921 297 2986; x_wconf 79' lang='lat'>22.</span> <span class='ocrx_word' id='word_1_159' title='bbox 306 2922 479 3008; x_wconf 87' lang='lat' dir='ltr'>Singulari</span> <span class='ocrx_word' id='word_1_160' title='bbox 489 2924 832 2992; x_wconf 85' lang='lat' dir='ltr'>militumnostrorum</span> <span class='ocrx_word' id='word_1_161' title='bbox 843 2927 961 2993; x_wconf 91' lang='lat' dir='ltr'>virtuti</span> <span class='ocrx_word' id='word_1_162' title='bbox 974 2929 1118 2994; x_wconf 88' lang='lat' dir='ltr'>consilia</span> 
     </span>
     <span class='ocr_line' id='line_1_27' title="bbox 142 3026 1177 3115; baseline 0.008 -23"><span class='ocrx_word' id='word_1_163' title='bbox 142 3028 304 3113; x_wconf 87' lang='lat' dir='ltr'>cuiusque</span> <span class='ocrx_word' id='word_1_164' title='bbox 316 3028 405 3093; x_wconf 92' lang='lat' dir='ltr'>modi</span> <span class='ocrx_word' id='word_1_165' title='bbox 419 3026 594 3095; x_wconf 80' lang='lat' dir='ltr'>Gallorum</span> <span class='ocrx_word' id='word_1_166' title='bbox 608 3030 841 3115; x_wconf 89' lang='lat' dir='ltr'>occurrebant,</span> <span class='ocrx_word' id='word_1_167' title='bbox 853 3043 891 3099; x_wconf 95' lang='lat' dir='ltr'>ut</span> <span class='ocrx_word' id='word_1_168' title='bbox 904 3042 954 3099; x_wconf 88' lang='lat' dir='ltr'>est</span> <span class='ocrx_word' id='word_1_169' title='bbox 969 3055 1118 3100; x_wconf 88' lang='lat' dir='ltr'>summae</span> <span class='ocrx_word' id='word_1_170' title='bbox 1167 3044 1177 3057; x_wconf 72' lang='grc'><strong>“</strong></span> 
     </span>
     <span class='ocr_line' id='line_1_28' title="bbox 143 3130 1117 3219; baseline 0.008 -24"><span class='ocrx_word' id='word_1_171' title='bbox 143 3151 249 3216; x_wconf 86' lang='lat' dir='ltr'>genus</span> <span class='ocrx_word' id='word_1_172' title='bbox 273 3130 445 3197; x_wconf 87' lang='lat' dir='ltr'>sollertiae</span> <span class='ocrx_word' id='word_1_173' title='bbox 469 3141 570 3219; x_wconf 92' lang='lat' dir='ltr'>atque</span> <span class='ocrx_word' id='word_1_174' title='bbox 593 3133 638 3198; x_wconf 88' lang='lat' dir='ltr'>ad</span> <span class='ocrx_word' id='word_1_175' title='bbox 661 3136 772 3200; x_wconf 92' lang='lat' dir='ltr'>omnia</span> <span class='ocrx_word' id='word_1_176' title='bbox 802 3136 967 3202; x_wconf 86' lang='lat' dir='ltr'>imitanda</span> <span class='ocrx_word' id='word_1_177' title='bbox 991 3146 1024 3202; x_wconf 89' lang='lat' dir='ltr'>et</span> <span class='ocrx_word' id='word_1_178' title='bbox 1049 3137 1117 3202; x_wconf 81' lang='lat' dir='ltr'>effi-</span> 
     </span>
    </p>

    <p class='ocr_par' dir='ltr' id='par_1_9' title="bbox 119 3234 1118 3644">
     <span class='ocr_line' id='line_1_29' title="bbox 119 3234 1117 3326; baseline 0.013 -31"><span class='ocrx_word' id='word_1_179' title='bbox 119 3257 131 3295; x_wconf 80' lang='lat'>2</span> <span class='ocrx_word' id='word_1_180' title='bbox 143 3234 274 3319; x_wconf 89' lang='lat' dir='ltr'>cienda,</span> <span class='ocrx_word' id='word_1_181' title='bbox 287 3257 373 3323; x_wconf 92' lang='lat' dir='ltr'>quae</span> <span class='ocrx_word' id='word_1_182' title='bbox 386 3235 429 3301; x_wconf 92' lang='lat' dir='ltr'>ab</span> <span class='ocrx_word' id='word_1_183' title='bbox 443 3258 572 3322; x_wconf 90' lang='lat' dir='ltr'>quoque</span> <span class='ocrx_word' id='word_1_184' title='bbox 584 3238 776 3323; x_wconf 88' lang='lat' dir='ltr'>traduntur,</span> <span class='ocrx_word' id='word_1_185' title='bbox 791 3243 1013 3326; x_wconf 87' lang='lat' dir='ltr'>aptissimum.</span> <span class='ocrx_word' id='word_1_186' title='bbox 1029 3241 1117 3308; x_wconf 86' lang='lat' dir='ltr'>Nam</span> 
     </span>
     <span class='ocr_line' id='line_1_30' title="bbox 142 3339 1116 3430; baseline 0.007 -25"><span class='ocrx_word' id='word_1_187' title='bbox 142 3349 174 3405; x_wconf 93' lang='lat' dir='ltr'>et</span> <span class='ocrx_word' id='word_1_188' title='bbox 188 3339 318 3427; x_wconf 88' lang='lat' dir='ltr'>laqueis</span> <span class='ocrx_word' id='word_1_189' title='bbox 332 3339 438 3406; x_wconf 90' lang='lat' dir='ltr'>falces</span> <span class='ocrx_word' id='word_1_190' title='bbox 451 3341 661 3425; x_wconf 88' lang='lat' dir='ltr'>avertebant,</span> <span class='ocrx_word' id='word_1_191' title='bbox 676 3364 840 3428; x_wconf 88' lang='lat' dir='ltr'>quaecum</span> <span class='ocrx_word' id='word_1_192' title='bbox 850 3344 1116 3430; x_wconf 89' lang='lat' dir='ltr'>destinaverant,</span> 
     </span>
     <span class='ocr_line' id='line_1_31' title="bbox 141 3444 1117 3533; baseline 0.007 -26"><span class='ocrx_word' id='word_1_193' title='bbox 141 3445 317 3509; x_wconf 87' lang='lat' dir='ltr'>tormentis</span> <span class='ocrx_word' id='word_1_194' title='bbox 330 3444 495 3509; x_wconf 86' lang='lat' dir='ltr'>introrsus</span> <span class='ocrx_word' id='word_1_195' title='bbox 508 3445 727 3533; x_wconf 89' lang='lat' dir='ltr'>reducebant,</span> <span class='ocrx_word' id='word_1_196' title='bbox 741 3456 774 3514; x_wconf 88' lang='lat' dir='ltr'>et</span> <span class='ocrx_word' id='word_1_197' title='bbox 782 3468 941 3533; x_wconf 88' lang='lat' dir='ltr'>aggerem</span> <span class='ocrx_word' id='word_1_198' title='bbox 948 3448 1117 3515; x_wconf 89' lang='lat' dir='ltr'>cuniculis</span> 
     </span>
     <span class='ocr_line' id='line_1_32' title="bbox 141 3545 1118 3644; baseline 0.011 -36"><span class='ocrx_word' id='word_1_199' title='bbox 141 3545 400 3636; x_wconf 77' lang='lat' dir='ltr'>subtrahebant,</span> <span class='ocrx_word' id='word_1_200' title='bbox 424 3570 462 3615; x_wconf 91' lang='lat' dir='ltr'>eo</span> <span class='ocrx_word' id='word_1_201' title='bbox 487 3550 658 3636; x_wconf 81' lang='lat' dir='ltr'>scientius,</span> <span class='ocrx_word' id='word_1_202' title='bbox 682 3551 772 3644; x_wconf 90' lang='lat' dir='ltr'>quod</span> <span class='ocrx_word' id='word_1_203' title='bbox 794 3549 884 3644; x_wconf 89' lang='lat' dir='ltr'>apud</span> <span class='ocrx_word' id='word_1_204' title='bbox 899 3572 956 3617; x_wconf 92' lang='lat' dir='ltr'>eos</span> <span class='ocrx_word' id='word_1_205' title='bbox 971 3572 1118 3640; x_wconf 86' lang='lat' dir='ltr'>magnae</span> 
     </span>
    </p>
   </div>
   <div class='ocr_carea' id='block_1_3' title="bbox 0 0 1192 3924">
    <p class='ocr_par' dir='ltr' id='par_1_10' title="bbox 0 0 1192 3924">
     <span class='ocr_line' id='line_1_33' title="bbox 0 0 1192 3924; baseline 0 3"><span class='ocrx_word' id='word_1_206' title='bbox 0 0 1192 3924; x_wconf 95' lang='lat' dir='ltr'> </span> 
     </span>
    </p>
   </div>
  </div>
 </body>
</html>
