2376 3924
112 215 175 279 238
427 213 478 263 nn
495 212 616 264 annno
636 211 796 265 clauco

112 404 256 490 amplius
266 403 555 489 erantquingenti,
563 411 677 469 tamon
687 401 1091 470 Germanorumadventu

112 508 251 574 barbari
275 506 481 573 nitebantur.
1012 516 1014 521 '
1055 585 1066 607 ³

200 612 252 676 11.
275 608 414 695 Caesar,
438 631 513 675 oum
536 609 823 676 animadverteret
850 611 980 677 hostem
1004 635 1091 679 com·

112 717 224 802 plures
248 715 320 780 dies
337 716 460 781 castris
478 713 600 801 palude
617 722 649 779 et
667 713 733 780 loci
745 724 869 781 natura
891 717 1029 784 munitis
1053 739 1090 783 se

113 831 228 887 tenere
250 842 358 907 neque
376 819 565 906 oppugnari
580 829 695 885 castra
717 840 831 885 eorum
853 820 926 884 sine
951 821 1090 887 dimica·

114 927 205 989 tione
232 926 424 1009 perniciosa
457 944 520 988 nec
555 922 665 988 locum
697 922 941 990 munitionibus
975 924 1091 990 claudi

113 1030 180 1093 nisi
204 1051 224 1092 a
240 1029 366 1093 maiore
382 1028 534 1092 exercitu
551 1047 661 1112 posse,
676 1025 809 1092 litteras
827 1027 871 1092 ad
886 1026 1091 1094 Trebonium

114 1133 228 1213 mittit,
262 1141 298 1196 ut
333 1152 434 1216 quam
463 1129 637 1196 celerrime
668 1139 783 1216 posset
811 1129 979 1215 legionem
1005 1149 1090 1214 xm,

114 1256 199 1322 quae
216 1257 292 1300 cum
307 1233 345 1299 Τ.
359 1233 476 1300 Sextio
496 1235 611 1318 legato
627 1235 662 1299 in
677 1234 888 1319 Biturigibus
904 1235 1089 1321 hiemabat,

114 1350 300 1406 arcesseret
324 1349 426 1426 atque
448 1340 497 1404 ita
522 1361 597 1404 cum
620 1339 728 1404 tribus
748 1339 939 1422 legionibus
956 1341 1089 1424 magnis

94 1444 292 1511 aitineribus
327 1444 373 1510 ad
407 1467 442 1510 se
476 1445 623 1529 veniret3
658 1444 731 1529 ipse
760 1445 890 1529 equites
918 1445 953 1509 in
981 1445 1090 1510 vicem

113 1550 291 1614 Remorum
319 1570 359 1614 ao
387 1548 581 1631 Lingonum
610 1548 879 1634 reliquarumque
902 1548 1090 1633 civitatum,

115 1674 252 1739 quorum
279 1674 438 1736 magnum
465 1673 638 1716 numerum
666 1659 885 1736 evocaverat,
918 1653 1089 1739 praesidio

114 1755 390 1841 pabulationibus
420 1756 534 1838 mittit,
563 1757 620 1841 qui
644 1754 775 1822 subitas
800 1757 1009 1843 incursiones
1031 1755 1089 1821 ho·

115 1862 216 1925 stium
239 1860 454 1923 sustinerent.

202 1962 250 2025 12.
281 1961 378 2044 Quod
401 1983 476 2027 cum
500 1962 625 2027 cotidie
655 1963 760 2048 fieret,
788 1986 827 2029 ac
857 1965 924 2030 iam
950 1984 1089 2029 consue·

115 2066 232 2131 tudine
256 2064 434 2149 diligentia
456 2067 673 2150 minueretur,
704 2067 794 2152 quod
816 2065 1011 2154 plerumque
1034 2087 1091 2132 ac·

114 2169 197 2234 cidit
215 2169 447 2252 diuturnitate,
471 2168 646 2234 Bellovaci
670 2170 804 2236 delecta
823 2192 924 2236 manu
939 2169 1090 2255 peditum

115 2273 260 2357 cognitis
270 2272 473 2338 stationibus
484 2272 664 2339 cotidianis
675 2271 1090 2360 equitumnostrorumsil·

93 2376 284 2443 avestribus
300 2375 384 2442 locis
401 2377 543 2442 insidias
561 2377 742 2465 disponunt
759 2378 941 2465 eodemque
961 2378 1091 2463 equites

115 2490 249 2566 postero
274 2480 328 2545 die
351 2482 498 2564 mittunt,
523 2483 578 2567 qui
601 2483 745 2568 primum
768 2482 928 2547 elicerent
944 2489 1091 2564 nostros,

94 2584 238 2649 adeinde
251 2586 498 2651 circumventos
512 2587 788 2670 aggrederentur.
808 2584 911 2652 Ouins
924 2583 1005 2650 mali
1018 2605 1091 2650 sors

116 2686 237 2752 incidit
260 2688 382 2773 Remis,
412 2688 532 2774 quibus
562 2689 619 2754 ille
650 2689 721 2754 dies
751 2689 914 2775 fungendi
943 2687 1091 2755 muneris

116 2789 310 2857 obvenerat.
326 2792 477 2879 Namque
494 2793 537 2878 hi,
554 2815 629 2859 oum
644 2804 783 2881 repente
798 2794 946 2860 hostium
962 2793 1091 2880 equites

115 2894 437 2962 animadvertissent
460 2919 501 2963 ac
525 2921 662 2965 numero
679 2900 868 2986 superiores
884 2899 1092 2985 paucitatem

115 3001 406 3084 contempsissent,
422 3002 576 3088 cupidius
593 3004 736 3070 insecuti
753 3003 924 3090 peditibus
942 3001 1091 3088 undique

95 3109 193 3165 esunt
228 3102 440 3169 circumdati.
478 3103 552 3186 Quo
586 3106 678 3172 facto
711 3106 902 3193 perturbati
936 3104 1091 3188 celerius,
1128 3168 1132 3177 .

117 3226 216 3291 quam
239 3205 448 3272 consuetudo
471 3208 536 3273 fert
554 3211 718 3295 equestris
734 3209 868 3297 proelii,
894 3233 930 3275 se
957 3230 1090 3295 recepe·

117 3316 194 3373 runt
217 3309 340 3376 amisso
363 3309 531 3396 Vertisoo,
554 3314 705 3400 principe
728 3314 892 3396 civitatis,
918 3312 1091 3400 praefecto

95 3415 282 3500 sequitum3
304 3415 361 3501 qui
384 3436 461 3480 oum
482 3417 543 3481 vix
559 3438 642 3502 equo
658 3427 796 3504 propter
811 3426 961 3484 aetatem
975 3426 1091 3504 posset

117 3518 182 3600 uti,
211 3527 325 3583 tamen
354 3519 597 3586 consuetudine
626 3517 802 3588 Gallorum
830 3542 939 3608 neque
967 3522 1092 3589 aetatis
