2376 3924
162 222 254 273 XVIII
463 221 674 272 ADNOTATIO
695 220 858 272 cltlrtca.

162 413 233 462 unde
247 413 343 463 mirum
362 410 432 461 illud
450 409 587 476 quosdam
605 426 653 476 pro
672 423 740 476 quos
760 416 847 460 ortum
860 417 940 470 esset,
960 412 1040 460 etiam
1054 411 1142 477 magis

161 501 257 548 miram
276 499 379 563 recepit
397 498 558 562 scripturam
577 494 777 563 quostiam.

265 620 288 656 c.
314 603 357 662 44,
385 602 415 650 3:
446 599 617 670 exspectas]
649 607 730 651 antea
761 606 791 650 ut
820 601 915 666 optimi
944 601 1008 651 libri
1038 601 1143 652 habent

162 693 272 756 spectas
292 688 444 751 edideram3
473 688 521 739 sed
538 689 604 738 licet
622 687 690 739 haec
708 688 792 738 lectio
811 687 920 738 defendi
937 689 1036 752 possit,
1051 690 1143 754 aptius

161 781 251 825 tamen
270 775 377 825 videtur
395 774 468 839 quod
487 774 634 824 deteriores
654 773 719 822 libri
741 774 843 824 habent
870 777 1030 841 exspectas,
1058 774 1142 839 idque

162 865 189 910 et
207 861 361 926 Nipperdey
381 866 408 910 et
427 876 519 911 omnes
537 861 594 910 iere
614 861 778 910 recentiores
797 860 947 910 ediderunt.

265 981 288 1014 c.
307 965 348 1026 lo,
367 967 397 1014 3:
426 979 481 1030 qao
506 962 639 1021 sibiiter
658 962 822 1027 faciendum
847 962 1008 1033 sciebat]
1037 963 1143 1017 sciebat

163 1067 216 1101 non
239 1053 295 1101 nisi
318 1052 464 1102 deteriores
484 1050 547 1100 libri
566 1050 679 1111 habent,
707 1051 735 1099 in
754 1051 861 1114 optimis
880 1050 993 1100 verbum
1012 1053 1142 1102 omissum

164 1142 212 1190 est.
231 1137 339 1187 Helleri
358 1137 541 1187 coniecturam
560 1151 616 1203 prio
634 1135 690 1188 sibi
707 1134 776 1188 scii
794 1135 849 1187 iter
867 1134 1038 1202 faciendum,
1060 1153 1143 1202 quam
1175 1202 1181 1208 ἡ

161 1224 259 1274 Dinter
278 1223 379 1287 aliique
398 1223 516 1275 editores
540 1226 715 1287 receperunt,
745 1221 827 1286 plana
855 1221 1053 1286 reprobandam
1082 1238 1142 1273 esse

163 1309 242 1359 docui
260 1310 288 1359 in
307 1307 403 1358 libello
420 1301 544 1358 ‘Studien
564 1305 635 1379 cett.²
654 1323 680 1372 p.
698 1308 739 1370 36,
759 1309 801 1358 47.

265 1438 288 1471 c.
309 1422 353 1485 47,
376 1421 405 1468 4:
433 1419 540 1472 veritus
567 1434 620 1486 oe,
648 1419 674 1471 si
700 1433 734 1472 ec
761 1418 884 1471 biberitis
911 1417 997 1486 sapae
1024 1418 1144 1472 similem

159 1505 363 1574 profectionem
374 1505 495 1572 fecisset,
508 1504 631 1558 bostium
643 1504 776 1572 impetam
788 1505 927 1557 sustinere
944 1519 1012 1556 iton
1027 1504 1143 1576 possetss

163 1594 258 1658 optimi
276 1592 352 1643 codd.
371 1604 435 1642 ante
453 1591 576 1645 bostium
596 1593 677 1642 etiam
695 1591 856 1656 particulam
875 1595 914 1644 tei
935 1591 1050 1654 habent,
1069 1593 1144 1644 unde

162 1686 236 1745 patet
264 1681 331 1730 duas
358 1678 422 1729 illas
449 1680 576 1729 confusas
604 1694 664 1729 esse
691 1678 904 1728 constructiones
930 1675 1037 1730 ueritus
1052 1693 1144 1732 ...tte

161 1780 218 1817 iton
234 1770 331 1832 posset
349 1771 376 1818 ct
389 1803 396 1817 .
407 1802 431 1817 ..
445 1770 478 1818 ut
492 1769 597 1833 posset.
624 1782 684 1815 cum
703 1772 792 1815 autem
812 1780 904 1814 omnes
922 1765 987 1813 libri
1004 1766 1033 1814 in
1050 1767 1143 1817 verbis

161 1865 229 1903 riori
244 1856 341 1918 posset
360 1854 545 1914 consentiant,
570 1852 688 1902 dubitari
706 1853 812 1916 nequit,
838 1851 902 1915 quin
922 1851 1042 1915 genuina
1060 1851 1143 1902 lectio

162 1953 202 1989 rte
217 1953 340 1989 ...icoo
361 1940 459 2004 posset
481 1937 572 1987 fuerit.
601 1942 683 1986 antea
701 1952 762 1986 cum
780 1934 946 2000 Nipperdeio
965 1935 1077 1985 nimiam
1096 1939 1145 1986 tri-

161 2025 248 2074 buens
266 2026 322 2073 vim
339 2023 490 2089 particulae
508 2026 542 2075 ui
560 2022 672 2073 voculas
690 2037 729 2074 rte
798 2035 866 2073 ποθι
885 2022 1026 2072 eieceram.

265 2138 349 2196 citi,
370 2138 397 2184 1:
424 2134 491 2188 baec
510 2139 593 2188 erarii
617 2139 730 2186 armata
753 2134 866 2188 circiter·
889 2134 969 2194 milia
994 2133 1073 2204 LX]
1102 2136 1144 2186 sic

163 2223 215 2271 iam
235 2223 263 2270 in
283 2223 373 2286 priore
393 2223 490 2286 scripsi
508 2222 627 2271 editione
647 2221 856 2272 Fleckeisenum
876 2227 983 2272 secutus
1002 2221 1071 2271 Mus.
1089 2221 1142 2270 Rh.

161 2307 222 2369 VII,
244 2325 269 2373 p.
289 2309 347 2359 280.
383 2308 469 2371 Bong.
491 2307 570 2373 baec,
601 2307 699 2372 reliqui
722 2307 786 2356 libri
808 2305 872 2373 bae,
900 2323 992 2358 omncs
1010 2321 1074 2357 vero
1094 2320 1143 2356 ar·

162 2395 255 2442 enatae
279 2392 389 2442 habent.
419 2391 489 2442 hanc
515 2393 641 2442 codicum
669 2392 829 2457 scripturam
854 2392 1010 2456 Schneider,
1027 2391 1133 2442 Whitte

162 2477 267 2543 Frigell
295 2479 471 2528 retinuerunt.
512 2477 668 2543 Nipperdey
694 2476 746 2529 bae
773 2482 856 2529 eruat
882 2482 995 2530 armata
1021 2478 1144 2543 scripsit;

162 2572 225 2614 ante
244 2581 305 2613 eum
324 2579 382 2616 eae
400 2568 483 2615 erant
502 2567 723 2616 armatorum
745 2563 917 2629 vulgabatur.
935 2593 970 2603 -
988 2569 1011 2628 ξ.
1030 2565 1060 2616 8:
1087 2578 1143 2631 quo

162 2648 381 2701 contracdissime
401 2648 502 2702 itinere
525 2648 651 2702 coliem
676 2648 835 2701 transire
857 2649 972 2720 possit]
1000 2651 1066 2701 libri
1083 2652 1144 2716 qni·

161 2736 221 2786 dem
241 2735 366 2785 meliores
385 2735 510 2802 colles,
530 2753 621 2787 omnes
640 2752 704 2786 vero
724 2735 886 2788 transire
903 2737 1018 2800 habent3
1046 2739 1143 2803 itaque

162 2839 223 2871 cum
241 2822 287 2871 vel
306 2824 333 2870 in
352 2823 440 2886 priore
460 2822 504 2872 vel
522 2823 550 2871 iu
570 2823 656 2873 altero
675 2821 810 2872 vocabulo
835 2828 954 2873 erratum
979 2824 1028 2884 sit,
1056 2828 1087 2874 ut
1114 2825 1144 2875 in

161 2910 251 2973 priore
271 2909 388 2957 editione
413 2907 557 2959 lectionem
583 2908 714 2973 praetuli,
742 2924 811 2973 quae
830 2909 870 2957 rei
888 2909 941 2973 ipsi
961 2910 1049 2972 aptior
1067 2909 1145 2960 vide·

161 3004 212 3044 tur.
243 2993 459 3060 speculatoribus
478 2995 550 3044 enim
570 2995 689 3044 dimissis
709 2993 810 3043 Caesar
829 3011 882 3044 non
906 2994 934 3042 id
954 2994 1147 3059 exploraturus

162 3086 233 3142 erat,
261 3080 334 3145 quod
360 3080 413 3128 iter
439 3081 548 3130 omnino
576 3080 783 3130 commodissum
809 3089 881 3129 esset
899 3079 1067 3145 pervellem
1086 3080 1147 3145 (hic
1179 3142 1184 3151 ,

163 3184 258 3218 seusus
277 3168 349 3216 inest
366 3167 477 3216 lectioni
495 3182 512 3216 a
530 3166 662 3233 Frigellio
675 3173 704 3218 et
715 3168 828 3217 Dintero
847 3166 978 3231 probatae
998 3180 1051 3232 quo
1071 3180 1147 3219 cotn-

161 3252 320 3305 modissime
339 3251 440 3305 itinere
457 3252 569 3306 ualles
589 3252 749 3305 transiri
764 3252 877 3319 possit),
906 3250 954 3302 sed
973 3267 1025 3316 quo
1044 3253 1147 3306 itinere

161 3341 219 3404 ipse
239 3356 300 3388 cum
318 3338 410 3389 hostes
429 3346 502 3390 trans
520 3341 622 3391 vallem
640 3339 832 3399 consedissent,
853 3337 1069 3389 commodissime
1083 3338 1102 3389 i.
1119 3355 1144 3391 e.

159 3427 264 3474 minore
292 3441 352 3474 cum
380 3425 500 3489 periculo
531 3426 632 3476 vallem
663 3427 804 3490 rivumque
834 3425 949 3474 transire
982 3431 1073 3489 posset
1096 3425 1145 3491 (cf.

162 3526 184 3559 c.
203 3512 244 3575 50,
265 3514 300 3574 3).
