2376 3924
148 206 208 270 190
448 209 498 257 uu
516 207 637 259 annno
658 208 816 260 ornnreo

145 400 186 465 de
209 400 346 486 reliquis
371 398 596 483 adiungendis
619 398 833 483 civitatibus3
855 401 1065 488 primumque
1081 425 1121 469 co

143 516 291 591 tempore
304 501 397 569 Galli
412 513 528 569 castra
543 503 673 568 munire
689 504 909 570 instituerunt
925 513 959 570 et
974 506 1024 570 sic
1041 516 1122 573 sunt

143 611 254 675 animo
271 610 458 675 confirmati
473 607 625 672 homines
640 608 764 674 insueti
780 606 918 690 laboris,
941 616 980 673 ut
996 610 1120 696 omnia,

143 737 228 803 quac
250 716 505 801 imperarentur,
529 711 594 778 sibi
616 711 779 798 patienda
795 713 1039 780 existimarent.

244 819 295 884 31.
310 819 381 884 Nec
393 818 513 899 minus,
531 837 629 902 quam
642 824 692 880 est
704 814 887 901 pollicitus,
899 815 1120 902 Vercingeto-

142 927 197 990 rix
208 926 320 988 animo
333 920 524 1004 laborabat,
537 919 896 1005 utreliquascivitates
905 920 1119 1008 adiungeret,

120 1038 243 1115 ²atque
260 1049 317 1092 eas
334 1026 430 1090 donis
446 1023 813 1111 pollicitationibusque
826 1023 1010 1090 alliciebat.
1027 1025 1119 1092 Huic

140 1135 189 1199 rei
211 1132 351 1197 idoneos
373 1129 524 1195 homines
545 1127 726 1212 deligebat,
751 1149 889 1214 quorum
902 1130 1041 1216 quisque
1057 1141 1119 1198 aut

140 1236 292 1301 oratione
305 1228 448 1300 subdola
461 1242 518 1299 aut
532 1232 978 1320 amicitiafaoillimecapere
990 1246 1117 1321 posset.

118 1336 1118 1425 ³QuiAvaricoexpugnatorefugerant,armandosvestien-

119 1445 267 1530 tdosque
282 1452 394 1525 curat,
428 1441 537 1525 simul,
560 1449 597 1505 ut
616 1440 807 1531 deminutae
829 1442 946 1528 copiae
968 1442 1116 1509 redinte-

139 1558 328 1632 grarentur,
344 1549 487 1633 imperat
504 1554 632 1610 certum
647 1565 820 1609 numerum
836 1544 979 1611 militum
994 1549 1115 1614 civita·

95 1637 96 1640 Ἴ
139 1650 240 1736 tibus,
264 1672 361 1736 quem
386 1658 419 1714 et
442 1671 542 1735 quam
566 1658 646 1713 ante
671 1647 758 1713 diem
787 1650 959 1718 incastra
988 1650 1115 1717 adduci

137 1755 232 1839 velit,
249 1755 511 1840 sagittariosque
528 1775 651 1838 omnes,
667 1774 806 1839 quorum
822 1763 896 1820 crat
910 1776 1115 1840 permagnus

137 1881 294 1924 numerus
318 1859 353 1923 in
376 1855 501 1940 Gallia,
537 1858 689 1942 conquiri
713 1865 745 1922 et
768 1856 814 1922 ad
837 1880 873 1923 se
895 1859 985 1924 mitti
1008 1859 1114 1926 iubet.

136 1963 199 2028 His
223 1963 322 2029 rebus
340 1962 496 2028 celeriter
511 1962 557 2046 id,
573 1962 662 2048 quod
678 1960 818 2027 Avarici
835 1962 1034 2049 deperierat,
1058 1988 1113 2032 ex·

115 2067 255 2153 spletur.
278 2067 417 2131 Interim
441 2065 671 2150 Teutomatus,
696 2064 905 2132 Olloviconis
927 2066 1027 2151 filius,
1050 2092 1114 2135 rex

134 2170 380 2254 Nitiobrogum,
404 2171 498 2234 cuius
522 2178 620 2256 pater
642 2167 686 2234 ab
711 2179 830 2235 senatu
852 2178 967 2235 nostro
983 2172 1113 2236 amicus

135 2284 207 2338 crat
225 2274 423 2360 appellatus,
440 2296 515 2339 cum
530 2294 653 2358 magno
668 2274 817 2359 equitum
829 2295 962 2339 suorum
973 2296 1112 2342 numero

135 2387 175 2442 et'
191 2399 272 2464 quos
297 2401 340 2443 ex
355 2376 541 2465 Aquitania
564 2378 775 2444 conduxerat
793 2378 928 2443 adeum
946 2381 1112 2465 pervenit.

236 2482 286 2546 32.
304 2481 432 2549 Caesar
446 2481 586 2549 Avarici
599 2482 785 2569 complures
800 2481 870 2548 dies
883 2491 1111 2549 commoratus

134 2608 361 2673 summamque
394 2586 442 2652 ibi
476 2588 608 2673 copiam
641 2587 798 2653 frumenti
823 2595 856 2652 et
878 2574 999 2674 reliqui
1022 2609 1110 2653 com-

132 2699 263 2756 meatus
286 2699 431 2756 nanctus
457 2693 642 2757 exercitum
665 2714 709 2756 ex
731 2690 847 2757 labore
871 2700 972 2778 atque
995 2693 1110 2778 inopia

111 2795 260 2860 arefecit.
305 2797 377 2862 Iam
399 2817 503 2882 prope
525 2795 632 2860 hieme
656 2795 810 2861 confecta
833 2817 909 2861 cum
931 2797 1004 2883 ipso
1028 2799 1110 2861 anni

131 2908 280 2985 tempore
294 2899 337 2965 ad
351 2900 533 2984 gerendum
545 2899 670 2966 bellum
682 2909 861 2966 vocaretur
876 2910 908 2966 et
922 2900 967 2966 ad
979 2900 1110 2968 hostem

131 3004 300 3089 proficisci
323 3006 565 3088 constituisset,
591 3008 662 3071 sive
687 3028 760 3071 eum
784 3028 827 3070 ex
848 3004 1030 3091 paludibus
1054 3005 1110 3071 sil·

131 3108 249 3192 visque
266 3106 388 3173 elicere
405 3110 477 3174 sive
494 3107 669 3175 obsidione
685 3131 835 3196 premere
850 3117 975 3194 posset,
999 3107 1108 3194 legati

132 3210 177 3275 ad
211 3233 286 3276 eum
318 3214 487 3299 principes
511 3212 705 3280 Aeduorum
727 3215 866 3279 veniunt
902 3223 1045 3299 oratum,
1066 3222 1105 3279 ut

110 3316 1108 3403 amaximenecessariotemporecivitatisubveniat:summo

132 3440 206 3485 esse
222 3421 256 3485 in
272 3418 421 3506 periculo
437 3442 518 3504 rem,
535 3420 633 3507 quod,
649 3444 725 3487 cum
741 3420 868 3506 singuli
881 3424 1106 3507 magistratus

132 3525 317 3609 antiquitus
342 3525 451 3590 creari
475 3533 576 3611 atquc
598 3527 728 3608 regiam
751 3534 954 3613 potestatem
982 3546 1106 3592 annum
