2376 3924
376 687 411 753 e.
434 689 550 754 uun
572 668 789 757 caesuris

159 865 276 973 DE
329 865 637 975 BELLO
681 865 1001 974 CIVILI

419 1083 551 1138 LIBER
577 1082 745 1134 PRIMUS.

510 1306 660 1316 ι------ι

436 1461 729 1520 ARGUMEN'PUM.

96 1584 137 1653 [Α.
157 1584 189 1635 U.
209 1584 238 1635 C.
257 1583 325 1654 tou]
363 1584 431 1636 Cum
450 1585 561 1637 Caesari
584 1601 601 1635 a
625 1589 722 1636 senatu
746 1584 909 1650 denegatum
934 1591 1020 1653 esset,
1044 1592 1074 1636 ut

129 1671 227 1721 absens
240 1670 410 1722 consulatum
422 1676 534 1740 peteret,
548 1671 725 1739 legionesque
738 1671 808 1722 duae
820 1687 869 1737 per
883 1680 993 1723 causam
1006 1671 1073 1723 belli

128 1756 249 1809 Parthici
267 1758 293 1808 ei
311 1763 401 1809 essent
419 1757 557 1810 detractae
576 1764 603 1810 st
614 1758 743 1823 Pompeio
761 1757 887 1820 traditae,
906 1775 949 1809 res
968 1759 1021 1808 iam
1042 1775 1073 1810 eo

128 1844 243 1895 deducta
253 1849 318 1909 erat,
329 1850 359 1895 ut
367 1843 469 1896 bellum
483 1845 564 1897 civile
573 1846 733 1897 immineret.
753 1843 855 1895 Caesar
864 1843 987 1894 ultimum
997 1845 1073 1910 pacis

128 1930 319 1982 sustentandae
328 1931 480 1996 periculum
489 1930 554 1982 fecit
563 1932 653 1983 missis
663 1931 698 1981 ad
704 1935 828 1982 senatum
834 1930 868 1982 de
878 1931 1072 1996 compositione

128 2017 235 2069 litteris.
262 2017 305 2068 De
324 2017 422 2084 quibus
441 2019 586 2084 quominus
603 2018 639 2069 ad
658 2023 781 2069 senatum
805 2018 948 2069 referretur
966 2017 1074 2067 obstant

128 2103 252 2154 consules
271 2121 294 2155 c.
305 2106 329 2156 1.
355 2104 457 2156 Caesar
475 2105 621 2156 exercitum
634 2105 771 2156 dimittere
791 2105 900 2155 iubetur
917 2119 939 2154 c.
950 2104 974 2154 2.
999 2101 1074 2154 Urbe

128 2188 261 2240 militibus
285 2190 420 2257 completa
444 2207 505 2242 cum
528 2190 615 2243 libere
637 2190 803 2242 decernendi
820 2194 939 2256 potestas
957 2188 1074 2254 singulis

128 2277 286 2344 eriperetur,
299 2276 425 2343 neglecta
437 2278 518 2328 etiam
536 2277 713 2328 tribunorum
726 2275 920 2327 intercessione
932 2273 963 2324 lit
976 2273 1075 2325 SCtum

126 2361 238 2413 videant
256 2363 395 2429 consules,
413 2368 567 2430 praetores,
596 2363 700 2414 tribuni
718 2363 807 2429 plebis
826 2362 927 2427 quique
944 2376 993 2427 pro
1012 2376 1074 2412 con-

127 2449 231 2500 sulibus
249 2450 305 2500 sint
322 2450 357 2502 ad
374 2449 477 2514 urbem,
496 2467 530 2502 us
554 2451 620 2517 quid
639 2449 795 2517 respublica
813 2449 965 2499 detrimenti
984 2448 1074 2514 capiat

127 2553 149 2586 c.
169 2537 244 2587 3-5.
279 2537 441 2590 Provinciae
468 2538 642 2605 Pompeianis
670 2537 892 2601 committuntur,
918 2539 977 2586 tota
994 2534 1075 2586 Italia

126 2622 248 2674 delectus
266 2623 401 2676 habentur
420 2641 443 2678 c.
461 2626 487 2676 6.
516 2624 617 2676 Caesar
629 2624 783 2675 Ravennae
802 2622 873 2689 apud
892 2621 993 2673 milites
1012 2637 1072 2672 con-

125 2710 246 2761 tionatus
265 2727 325 2763 cum
344 2711 513 2763 voluntatem
532 2727 625 2763 eorum
645 2712 822 2777 cognovisset
840 2726 862 2760 e.
882 2710 905 2773 ⁷,
923 2708 1073 2759 Ariminum

125 2796 312 2862 proficiscitur,
331 2797 378 2847 ubi
397 2801 424 2848 et
441 2798 574 2861 tribunos,
593 2799 640 2863 qui
652 2796 740 2846 Roma
758 2795 793 2846 ad
811 2810 872 2846 eum
890 2794 1074 2860 profugerant,

103 2886 106 2891 ’
126 2883 220 2934 obvios
240 2883 338 2934 babuit
358 2888 386 2934 et
406 2885 453 2951 qui
474 2898 491 2934 a
511 2884 641 2949 Pompeio
668 2882 798 2934 mandata
817 2882 853 2932 ad
875 2896 936 2932 eum
957 2881 1073 2948 periere·

125 2971 191 3020 bant
208 2970 240 3020 L.
260 2969 405 3021 Caesarem
425 2975 453 3043 et
470 2970 503 3021 L.
520 2969 647 3021 Roscium
668 2985 691 3021 e.
710 2970 735 3020 8.
771 2970 846 3032 Quos
865 2984 926 3019 cum
944 2967 1074 3035 Pompeio

125 3056 280 3107 renuntiare
303 3057 441 3118 iussisset,
462 3061 586 3123 paratum
608 3072 637 3107 se
659 3071 718 3107 esse
744 3055 780 3106 ad
805 3055 1003 3106 controversias
1026 3070 1074 3120 per

126 3141 265 3209 colloquia
275 3143 483 3209 componendas,
496 3143 688 3209 iniquissimae
697 3142 773 3208 pacis
784 3141 958 3192 condiciones
963 3138 1075 3190 Caesari

126 3244 142 3279 a
163 3229 292 3295 Pompeio
313 3231 499 3295 proponuntur
520 3244 543 3280 c.
564 3230 588 3282 9.
613 3228 659 3288 10;
684 3228 782 3293 quibus
803 3226 951 3293 repudiatis
973 3224 1075 3277 Caesar

124 3313 270 3379 Arretium,
282 3315 434 3380 Pisaurum,
446 3314 561 3380 Fanum,
570 3314 721 3382 neonem,
731 3315 857 3380 Iguvium
871 3318 999 3378 occupat3
1017 3316 1074 3363 toto

124 3400 227 3451 Piceno
254 3400 390 3452 delectum
417 3399 502 3452 habet
526 3415 549 3452 e.
578 3402 618 3452 11.
643 3401 688 3462 Ως
715 3399 830 3450 Auximo
857 3399 960 3464 potitur
987 3413 1011 3451 c.
1032 3396 1072 3447 18.

127 3484 239 3538 Summa
259 3486 379 3538 omnium
399 3485 617 3554 perturbatione,
643 3501 704 3537 cum
727 3484 828 3536 Caesar
848 3486 903 3535 iam
924 3483 959 3535 ad
980 3481 1073 3535 urbem

148 3577 236 3624 cucur.
249 3577 279 3625 11.
870 3571 889 3620 t
975 3608 977 3613 ,
