2376 3924
386 261 497 312 niens
514 262 549 324 11,
575 260 652 313 cur.
670 262 780 315 ss-ss
1032 263 1073 327 83

95 460 218 542 equites
241 455 381 520 hostium
403 475 468 518 non
490 451 641 535 tulerunt,
666 453 724 518 sed
746 452 894 518 admissis
916 455 1007 538 equis
1031 452 1073 517 ed

95 583 169 626 suos
191 562 394 644 refugerunt3
419 556 520 620 relicti
543 555 585 620 ab
608 555 667 639 his,
692 558 746 641 qui
769 554 1074 642 una'procurrerant

96 665 175 728 levis
209 672 403 742 armaturae,
428 659 764 724 circumveniebantur
787 668 883 744 atque
906 661 1073 726 interficie-

95 766 215 832 bantur
237 764 279 830 ab
301 766 427 830 nostris.
453 764 527 828 Huc
549 773 617 829 tota
632 765 712 827 Vari
728 786 884 829 conversa
899 766 984 828 acies
999 787 1073 830 suos

96 872 209 955 fugere
240 879 273 933 et
302 868 427 933 concidi
457 866 599 932 videbat.
645 867 739 931 Tunc
772 866 914 948 Rebilus,
949 866 1091 952 legatum

96 972 254 1055 Caesaris,
292 994 389 1057 quem
423 970 520 1036 Curio
560 991 669 1034 secum
703 992 745 1034 ex
780 970 887 1037 Sicilia
924 972 1073 1055 duxerat,

96 1076 183 1161 quod
216 1098 371 1161 magnum
405 1073 526 1139 hebere
559 1095 655 1138 usum
676 1076 709 1138 in
731 1096 766 1139 re
789 1074 918 1140 militari
941 1075 1073 1158 sciebat,

91 1177 335 1265 ‘perterritum’,
358 1181 472 1263 inquit,
491 1174 631 1242 ‘hostem
653 1177 755 1259 vides,
779 1176 893 1243 Curio:
917 1179 995 1264 quid
1018 1180 1073 1245 du-

94 1284 178 1348 bitas
201 1285 247 1348 uti
268 1284 421 1368 temperis
438 1280 707 1368 oppertunitatel'
732 1282 788 1347 Ille
804 1305 904 1347 unum
920 1283 1097 1366 elocutus,⁶

95 1396 131 1451 ut
153 1389 308 1452 memoria
341 1396 489 1451 tenerent
525 1385 640 1450 milites
674 1409 722 1467 ea,
760 1407 843 1471 quae
877 1386 980 1472 pridie
1013 1387 1074 1451 sibi

96 1491 351 1570 confirmassent,
386 1490 478 1573 sequi
511 1509 581 1551 sese
614 1487 703 1552 iubet
726 1498 758 1552 et
786 1491 966 1574 praecurrit
999 1500 1074 1554 ante

96 1615 215 1658 omnes.
239 1591 333 1657 Adeo
357 1601 427 1656 erat
449 1591 603 1678 impedita
625 1591 726 1674 vallis,
750 1602 787 1657 ut
809 1594 840 1657 in
855 1614 992 1656 ascensu
1013 1594 1074 1657 nisi

95 1694 254 1761 sublevati
277 1719 297 1759 a
319 1696 384 1759 suis
415 1696 509 1780 primi
539 1716 603 1759 non
633 1693 726 1760 facile
755 1697 961 1760 eniterentur.
1008 1695 1095 1762 Sed6

95 1801 353 1886 praeoccupatus
372 1801 497 1865 enimus
519 1797 726 1864 Attianorum
748 1798 883 1864 militum
905 1801 1019 1864 timore
1041 1808 1074 1864 et

96 1905 174 1990 fuga
196 1913 229 1969 et
251 1902 351 1968 caede
374 1925 506 1968 sucrum
527 1901 607 1968 nihil
629 1902 670 1967 de
697 1902 875 1968 resistendo
898 1903 1072 1989 cogitabat,

97 2030 272 2093 omnesque
295 2029 329 2070 se
352 2008 416 2071 iam
439 2007 481 2072 ab
510 2009 657 2093 equitatu
684 2008 909 2073 circumveniri
938 2006 1071 2072 arbitra-

96 2111 225 2177 bantur.
270 2113 385 2229 Itaque
415 2113 603 2197 priusquam
625 2110 724 2176 telum
752 2110 836 2176 abici
865 2120 982 2196 posset,
1016 2120 1073 2175 aut

94 2217 195 2279 nestri
229 2216 359 2302 propius
395 2214 597 2298 accederent,
632 2216 734 2282 omnis
757 2215 838 2281 Vari
865 2215 992 2281 eciest
979 2224 1072 2302 terga

94 2321 193 2384 vertit
215 2339 313 2404 seque
336 2321 369 2384 in
392 2327 499 2383 castra
521 2321 652 2406 recepit.

197 2421 248 2487 35.
272 2424 384 2506 Qua
375 2446 408 2487 ιιι
436 2423 515 2508 fuge
543 2422 664 2488 Fabius
693 2422 846 2511 Pelignus
874 2421 1007 2508 quidam
1029 2444 1072 2487 ex

94 2528 212 2591 infimis
235 2525 401 2592 ordinibus
416 2526 458 2592 de
474 2528 597 2592 exercit
599 2548 620 2592 u
584 2525 782 2592 tOurionis
797 2529 936 2613 primum
954 2548 1071 2612 agmen

95 2630 285 2714 fugientium
318 2639 509 2696 consecutus
543 2653 662 2716 magna
683 2653 763 2697 voce
785 2631 912 2696 Varum
944 2633 1072 2695 nomine

94 2733 259 2819 appellans
281 2733 477 2820 requirebat,
501 2737 548 2800 uti
570 2757 655 2801 unus
677 2756 747 2801 esse
770 2757 813 2800 ex
835 2737 903 2801 eius
918 2734 1071 2800 militibus

93 2846 126 2903 et
147 2859 279 2903 monere
300 2836 422 2924 aliquid
444 2837 526 2904 velle
549 2861 588 2903 ac
610 2838 718 2905 dicere
740 2839 915 2905 videretur.
938 2838 1005 2906 Ubi
1020 2839 1092 2906 illes

93 2943 222 3043 seepius
255 2941 434 3031 appellatus
468 2945 595 3031 aspexit
617 2967 656 3008 ac
678 2945 858 3028 restititet,
893 2947 964 3030 quis
987 2954 1072 3009 esset

92 3039 150 3112 sut
171 3043 251 3131 quid
273 3043 380 3131 vellet,
413 3048 583 3133 quaesivit,
616 3069 766 3114 umerum
793 3056 941 3135 apertum
964 3047 1071 3134 gladic

85 3192 93 3219 ι.
263 3181 439 3250 ,a
449 3150 565 3237 nuit,
599 3153 677 3238 quin
700 3153 825 3218 Varum
858 3152 1070 3234 interficeret,

133 3244 142 3255 ν
185 3243 189 3254 ’
481 3320 487 3338 ,
541 3254 605 3327 hs
631 3255 674 3321 sd
702 3258 771 3322 eius
801 3264 952 3321 conatum
980 3264 1071 3320 scuto

601 3359 800 3427 militibus
833 3363 1071 3424 circumventus

657 3463 870 3531 multitudine
903 3485 942 3527 ac
975 3462 1092 3528 turbas

681 3576 781 3657 utque
803 3568 864 3635 iter
886 3567 1069 3655 impeditur,

918 3669 957 3719 Q*
