2376 3924
118 212 177 276 118
420 210 469 260 na
487 209 608 260 annno
629 207 798 259 aaronica

114 401 324 486 Cingetorix,
348 399 528 484 Carvilius,
544 400 798 485 Taximagulus,
822 397 989 483 Segovax,
1013 421 1097 464 nun-

115 507 180 571 tios
204 506 308 571 mittit
331 514 433 590 atquc
456 504 508 569 his
532 505 689 590 imperat,
717 504 767 569 uti
790 502 918 568 coactis
941 502 1097 568 omnibus

114 611 220 694 copiis
238 617 354 673 castra
366 607 504 674 navalia
523 606 564 671 de
580 608 761 692 improviso
778 605 977 671 adoriantur
993 615 1097 693 atque

92 721 317 797 ²oppugnent.
340 713 368 777 Ii
386 734 461 777 oum
485 710 529 778 ad
546 720 659 776 castra
675 712 858 793 venissent,
875 712 982 775 nostri
1000 733 1096 797 erup-

113 818 204 881 tione
233 816 325 880 faeta
349 815 463 880 multis
495 837 608 881 eorum
632 814 835 892 interfectis,
870 824 969 899 capto
993 817 1097 881 etiam

112 918 219 985 nobili
244 919 328 984 duce
343 919 552 1003 Lugotorige
576 940 653 983 suos
676 918 859 983 incolumes
876 917 1096 983 reduxerunt.

93 1021 392 1088 eOassivellaunus
408 1021 472 1087 boc
487 1020 614 1107 proelio
632 1023 799 1104 nuntiato,
816 1030 867 1085 tot
883 1020 1096 1087 detrimentis

114 1127 273 1211 acceptis,
297 1126 442 1190 vastatis
465 1123 588 1189 finibus
596 1174 604 1207 ‚
634 1125 779 1189 maxime
802 1127 904 1190 etiam
926 1134 1096 1209 permotus

117 1228 304 1293 defectione
326 1229 517 1310 civitatum,
542 1227 674 1312 legatos
696 1250 756 1313 per
778 1227 976 1293 Atrebatem
999 1227 1096 1294 Com-

90 1334 218 1397 amium
236 1330 276 1397 de
294 1331 465 1397 deditione
481 1331 526 1397 ad
538 1329 720 1396 Caesarem
735 1333 849 1396 mittit.
866 1329 1003 1415 Caesar,
1020 1352 1096 1397 curn

117 1437 350 1501 constituisset
372 1435 521 1501 hiemare
545 1437 579 1503 in
602 1437 789 1500 continenti
819 1444 956 1520 propter
978 1457 1095 1522 repen-

114 1541 203 1604 tinos
220 1536 354 1605 Galliae
371 1548 496 1621 motus,
520 1561 628 1624 neque
644 1536 783 1604 multum
808 1539 950 1603 aestatis
980 1560 1096 1624 super·

115 1652 214 1727 esset,
231 1652 332 1728 atque
355 1642 392 1708 id
406 1642 508 1707 facile
532 1642 665 1708 extrahi
681 1664 781 1728 posse
798 1640 1019 1726 intellegeret,
1037 1641 1097 1706 ob·

115 1746 204 1812 sides
228 1749 371 1832 imperat
395 1756 438 1829 et,
461 1745 543 1834 quid
565 1748 599 1810 in
623 1768 729 1810 annos
746 1745 898 1830 singulos
915 1745 1095 1829 vectigalis

92 1850 391 1936 opopuloRomano
404 1850 583 1915 Britannia
594 1849 767 1936 penderet,
783 1850 975 1933 constituit3
991 1850 1096 1915 inter·

115 1953 196 2019 dicit
220 1963 320 2039 atque
338 1956 478 2038 imperat
495 1951 762 2037 Cassiuellauno,
786 1975 828 2017 ne
845 1950 1094 2017 Mandubracio

114 2079 179 2121 neu
202 2055 468 2121 Trinobantibus
492 2065 623 2121 noceat.

199 2157 250 2224 23.
275 2157 459 2225 Obsidibus
489 2161 638 2244 acceptis
671 2160 855 2224 exercitum
884 2158 1015 2224 reducit
1045 2159 1093 2225 ad

92 2284 214 2346 amare,
231 2285 336 2327 naves
360 2264 488 2328 invenit
511 2262 668 2328 refectas.
692 2262 755 2326 His
771 2260 938 2345 deductis,
955 2261 1045 2348 quod
1061 2272 1096 2328 et

113 2367 322 2451 captivorum
340 2387 497 2450 magnum
513 2388 686 2432 numerum
699 2363 849 2433 habebat
865 2375 899 2432 et
910 2365 1096 2432 nonnullae

112 2477 315 2554 tempestate
333 2468 544 2554 deperierant
560 2491 675 2553 naves,
694 2467 823 2534 duobus
846 2468 1094 2536 commeatibus

91 2573 298 2638 rexercitum
314 2582 485 2658 reportare
509 2573 666 2638 instituit.
683 2571 733 2636 Ac
758 2573 806 2636 sic
829 2572 966 2656 accidit,
982 2574 1034 2639 uti
1051 2596 1095 2639 ex

112 2683 209 2740 tanto
227 2677 364 2740 navium
380 2697 516 2741 numero
540 2685 590 2742 tot
606 2673 883 2758 navigationibus
907 2696 1016 2761 neque
1030 2675 1096 2744 boc

112 2800 219 2862 neque
243 2780 412 2864 superiore
435 2800 523 2844 anno
546 2777 617 2844 ulla
641 2779 774 2842 omnino
797 2779 906 2862 navis,
927 2800 1014 2865 quae
1033 2781 1094 2845 mi·

89 2879 190 2945 alites
212 2891 373 2967 portaret,
392 2882 660 2966 desideraretur3
683 2890 719 2946 at
742 2904 785 2945 ex
804 2883 857 2965 iis,
872 2903 958 2968 quae
974 2883 1094 2949 inanes

113 3009 156 3050 ex
179 2987 365 3051 continenti
389 2987 434 3053 ad
458 3009 531 3052 eum
547 2987 797 3052 remitterentur
820 2994 853 3051 et
869 2987 989 3073 prioris
1004 3008 1094 3053 com·

113 3098 240 3154 meatus
265 3093 427 3175 expositis
444 3089 608 3156 militibus
632 3099 665 3155 et
681 3111 765 3176 quas
783 3099 903 3174 postea
918 3088 1095 3157 Labienus

113 3192 288 3258 faciendas
317 3203 496 3260 curaverat
519 3216 654 3259 numero
683 3211 741 3277 nx,
763 3214 953 3279 perpaucae
983 3192 1095 3261 locum

92 3307 287 3382 reaperent,
316 3297 466 3383 reliquae
494 3297 564 3363 fere
594 3318 707 3362 omnes
738 3297 954 3363 reicerentur.
999 3296 1095 3379 Quas

112 3423 187 3466 cum
204 3400 413 3486 aliquamdiu
419 3398 546 3466 Caesar
562 3401 688 3467 frustra
701 3408 946 3486 exspectasset,
957 3423 1000 3481 ne
1013 3405 1095 3469 anni

111 3514 260 3590 tempore
291 3526 310 3568 a
341 3506 561 3588 navigatione
591 3501 837 3587 excluderetur,
867 3502 956 3590 quod
978 3507 1096 3595 aequi-
