2376 3924
476 226 553 279 cnr.
573 225 684 277 cs-es.
1003 227 1066 292 217

89 428 226 504 uterque
259 440 371 482 eorum
401 419 442 483 de
470 416 636 504 republica
670 426 769 500 esset,
803 439 844 482 ne
886 425 943 482 aut
974 420 1065 502 regni

89 522 252 587 hereditas
264 521 462 586 Ariarathen
485 522 679 603 sollicitaret,
702 529 759 585 aut
780 521 875 585 heres
897 524 989 605 regni
1005 530 1065 586 ter-

89 635 175 689 reret
197 626 459 708 Ariobarzanen,
482 625 655 708 adtribuit,
679 627 734 710 qui
757 623 818 688 sub
841 627 909 689 eius
931 627 1064 711 imperio

88 753 126 793 ac
156 729 281 795 dicione
310 740 425 795 essent.
470 731 545 816 Ipse
567 732 628 794 iter
650 732 814 814 inceptum
836 727 930 792 simili
951 728 1065 793 veloci-

90 843 156 896 tate
180 835 338 898 conficere
362 837 475 920 coepit.

173 938 223 1002 67.
241 937 323 1002 Cum
338 941 469 1024 propius
482 937 622 1005 Pontum
646 938 792 1023 finesque
820 937 1064 1022 Gallograeciae

87 1045 283 1124 accessisset,
307 1044 492 1123 Deiotarus,
516 1041 695 1106 tetrarches
719 1041 963 1125 Gallograeciae
985 1049 1063 1105 tunc

87 1146 217 1229 quidem
239 1169 342 1231 paene
365 1148 476 1228 totius,
506 1145 593 1231 quod
622 1148 651 1210 ei
681 1167 786 1230 neque
809 1145 934 1230 legibus
957 1167 1062 1230 neque

85 1250 227 1315 moribus
261 1273 449 1317 concessum
483 1272 552 1315 esse
586 1252 684 1315 ceteri
718 1250 901 1314 tetrarchae
935 1258 1062 1314 conten-

86 1354 216 1436 debant,
241 1357 309 1418 sine
332 1353 430 1418 dubio
453 1362 563 1418 autem
584 1375 646 1418 rex
668 1352 843 1418 Armeniae
866 1355 997 1417 minoris
1020 1354 1061 1417 ab

85 1467 199 1521 senatu
228 1458 423 1544 appellatus,
454 1458 607 1544 depositis
635 1459 732 1544 regiis
755 1457 933 1541 insignibus
956 1479 1062 1542 neque

84 1570 210 1626 tantum
238 1565 365 1647 privato
394 1565 529 1644 vestitu,
564 1561 622 1626 sed
655 1563 753 1625 etiam
786 1583 916 1625 reorum
948 1560 1062 1625 habitu

84 1665 220 1750 supplex
236 1665 279 1729 ad
289 1665 463 1730 Caesarem
478 1667 568 1730 venit
583 1673 719 1746 oratum,
742 1673 779 1728 ut
794 1664 855 1728 sibi
870 1665 1060 1748 ignosceret,

85 1766 172 1851 quod
194 1770 228 1832 in
251 1791 290 1833 ea
312 1777 404 1854 parte
428 1770 550 1854 positus
571 1777 743 1850 terrarum,
768 1789 852 1853 quae
867 1767 955 1832 nulla
971 1791 1060 1853 prae-

84 1871 165 1936 sidia
199 1870 347 1937 Caesaris
385 1871 566 1954 habuisset,
612 1871 809 1936 exercitibus
853 1873 1060 1957 imperiisque

82 1978 207 2037 coactus
229 1978 262 2040 in
285 1975 343 2040 On.
357 1977 489 2062 Pompei
505 1977 622 2044 castris⁴
641 1975 768 2040 fuisset:
790 1996 895 2060 neque
918 1979 1004 2039 enim
1026 1997 1081 2040 sea

82 2078 232 2143 debuisse
259 2080 398 2144 iudicem
431 2103 501 2144 esse
534 2081 829 2145 controversiarum
862 2078 971 2165 populi
999 2079 1060 2143 Ro·

80 2185 177 2263 mani,
200 2183 257 2246 sed
280 2206 395 2269 parere
418 2184 641 2270 praesentibus
662 2185 814 2270 imperiis.

172 2284 223 2348 68.
248 2285 369 2351 Contra
392 2309 488 2371 quem
504 2286 625 2351 Caesar
641 2310 715 2352 cum
737 2288 875 2374 plurima
898 2312 956 2354 sua
979 2314 1060 2357 com-

83 2397 295 2452 memorasset
319 2388 440 2472 officia,
471 2410 554 2474 quae
578 2389 689 2454 consul
711 2393 740 2454 ei
763 2391 901 2456 decretis
923 2394 1059 2478 publicis

80 2490 254 2572 tribuisset,
278 2514 417 2577 cumque
434 2493 653 2557 defensionem
676 2497 744 2558 eius
759 2495 879 2560 nullam
895 2519 987 2580 posse
1003 2521 1057 2562 ex-

81 2597 280 2659 cusationem
304 2591 395 2681 [eius]
418 2596 655 2681 imprudentiae
678 2600 822 2683 recipere
851 2604 1057 2686 coarguisset,

80 2699 166 2780 quod
195 2697 290 2762 homo
324 2708 434 2763 tantae
462 2698 653 2784 prudentiae
685 2723 724 2765 ac
758 2699 941 2787 diligentiae
976 2708 1080 2770 scires

79 2803 242 2884 potuisset,
267 2805 339 2886 quis
354 2803 469 2867 urbem
484 2803 676 2890 Italiamque
691 2815 826 2890 teneret,
849 2807 905 2872 ubi
928 2820 1058 2876 senatus

78 2904 279 2990 populusque
301 2907 476 2988 Romanus,
500 2907 556 2971 ubi
578 2907 760 2993 respublica
782 2919 876 2993 esset,
900 2915 954 2998 qui
971 2913 1057 2978 deni·
1096 2994 1102 2999 ι

78 3028 140 3091 que
179 3018 252 3093 post
290 3008 329 3072 L.
364 3009 555 3101 Lentulum,
596 3008 632 3075 O.
666 3012 857 3078 Marcellum
900 3016 1056 3101 consules,

76 3120 185 3175 tamen
218 3133 252 3176 se
291 3113 470 3178 concedere
510 3113 543 3177 id
576 3113 698 3180 factum
735 3117 953 3202 superioribus
990 3123 1076 3184 suisa

76 3213 256 3298 beneficiis,
290 3219 395 3280 veteri
416 3216 553 3302 hospitio
577 3226 674 3303 atque
697 3222 872 3305 amicitiae,
907 3223 1056 3306 dignitati

76 3321 239 3405 aetatique
267 3320 421 3404 hominis,
450 3321 600 3406 precibus
630 3344 755 3405 eorum,
788 3326 843 3410 qui
870 3325 1055 3410 frequentes

75 3425 313 3489 concurrissent
340 3423 481 3511 hospites
509 3435 607 3513 atque
634 3429 728 3491 amici
757 3428 903 3492 Deiotari
932 3430 975 3495 ad
1002 3430 1054 3495 de-

76 3525 292 3611 precandum,
314 3526 357 3594 de
378 3531 604 3595 controversiis
626 3529 865 3596 tetrarcharum
886 3541 998 3618 postea
1020 3556 1054 3599 se
