2376 3924
356 214 467 264 tisun
484 215 545 278 vn,
566 215 643 265 cnr.
662 217 773 267 sa-es.
986 220 1051 284 225

71 407 202 489 torigis,
232 403 442 490 praeficiunt.
488 404 551 470 Ille
581 429 623 470 ex
646 409 771 471 castris
799 409 908 492 prima
931 409 1073 493 vigilias

70 531 228 594 egressus
262 531 365 594 prope
400 509 553 575 confecto
585 510 644 576 sub
678 511 787 577 lucem
822 514 942 578 itinere
975 524 1051 600 post

68 623 215 681 montem
233 637 268 679 se
286 613 470 679 occultavit
486 615 677 702 militesque
695 639 737 681 ex
753 628 917 683 nocturno
933 616 1051 683 labore

67 742 144 784 sese
156 719 294 783 reficere
307 720 415 783 iussit.
433 717 516 784 (lum
528 721 596 784 iam
609 720 766 786 meridies
780 723 1071 807 appropinquare8

65 821 252 904 videretur,
269 820 314 885 ad
327 843 367 885 ea
380 831 504 904 eastra,
522 842 607 906 quae
620 844 721 907 supra
736 823 1049 909 demonstravimus,

66 924 262 1008 contendit3
301 924 483 1010 eodemque
512 934 662 1010 tempore
691 929 862 1012 equitatus
892 928 936 993 ad
959 949 1047 993 oam-

63 1037 199 1114 pestres
222 1029 426 1094 munitiones
451 1028 614 1095 accedere
639 1039 671 1094 et
688 1030 839 1117 reliquae
855 1034 972 1117 copiae
987 1055 1047 1118 pro

64 1133 194 1198 castris
218 1155 293 1197 sese
317 1133 495 1198 ostendere
518 1144 711 1219 coeperunt.

152 1232 205 1299 84.
228 1235 492 1321 Vercingetorix
509 1259 552 1302 ex
568 1259 647 1302 arce
663 1236 802 1303 Alesiae
819 1260 897 1303 suos
913 1241 1046 1325 conspi-

63 1350 162 1406 catus
188 1363 230 1406 ex
255 1342 377 1426 oppido
395 1342 585 1426 egreditur,
610 1349 733 1427 crates,
750 1343 934 1427 longurios,
957 1365 1044 1408 mus·

64 1445 169 1528 culos,
193 1444 299 1510 falces
322 1445 528 1533 reliquaque,
553 1467 639 1531 quae
663 1447 847 1530 eruptionis
866 1468 970 1510 causa
987 1468 1044 1531 pa·

64 1558 214 1632 raverat,
237 1549 375 1634 profert.
419 1549 596 1633 Pugnatur
623 1571 689 1613 uno
719 1558 867 1634 tempore
891 1550 1066 1615 omnibus2

64 1651 160 1734 locis,
184 1662 285 1737 atque
309 1653 421 1717 omnia
445 1661 668 1738 temptantur,
703 1674 789 1738 quae
811 1654 946 1717 minime
969 1655 1043 1718 visa

64 1777 145 1840 pars
164 1755 263 1820 firma
280 1766 341 1839 est,
358 1756 422 1821 huc
439 1757 660 1822 concurritur.
684 1757 908 1822 Romanorum
925 1774 1065 1822 manus³

63 1861 170 1924 tantis
193 1859 436 1925 munitionibus
461 1860 642 1925 distinetur
665 1880 726 1924 nec
757 1859 859 1924 facile
888 1859 1041 1945 pluribus

62 1962 146 2027 locis
174 1965 333 2029 occurrit.
357 1963 501 2029 Multum
524 1964 569 2029 ad
591 1962 768 2028 terrendos
790 1971 925 2027 nostros
948 1962 1062 2029 valeta

62 2067 202 2149 clamor,
226 2068 283 2153 qui
298 2077 375 2154 post
391 2078 522 2152 tergum
537 2067 767 2153 pugnantibus
785 2068 927 2150 exstitit,
952 2066 1042 2153 quod

62 2192 158 2235 snum
183 2170 370 2256 periculum
393 2173 428 2236 in
452 2172 565 2237 aliena
588 2171 707 2237 vident
731 2170 842 2236 salute
865 2180 1039 2244 constare3

60 2275 174 2340 omnia
198 2275 286 2339 enim
308 2274 512 2360 plerumque,
537 2297 622 2361 quae
645 2273 779 2357 absunt,
809 2273 1038 2339 vehementius

58 2377 231 2444 hominum
252 2386 382 2443 mentes
404 2376 614 2465 perturbant.

146 2479 199 2546 85.
221 2479 351 2547 Caesar
366 2482 522 2547 idoneum
536 2482 646 2548 locum
662 2491 794 2565 nactus,
811 2481 891 2567 quid
907 2502 1039 2566 quaque

58 2609 101 2651 ex
118 2594 216 2673 parte
232 2594 380 2671 geratur,
397 2589 589 2671 cognoscit3
605 2585 841 2652 laborantibus
858 2584 1036 2650 submittit.

57 2688 220 2774 Utrisque
244 2688 289 2754 ad
312 2690 459 2755 animum
476 2693 624 2757 occurrit
647 2713 749 2755 unum
766 2712 841 2754 esse
855 2688 940 2753 illud
955 2698 1058 2754 tem-2

55 2814 131 2880 pus,
155 2815 219 2879 quo
249 2794 394 2859 maxime
417 2795 577 2860 contendi
600 2795 797 2860 conveniat:
843 2791 946 2877 Galli,
969 2795 1057 2858 nisis

56 2896 283 2982 perfregerint
304 2899 518 2982 munitiones,
544 2899 584 2964 de
608 2902 697 2965 omni
714 2898 823 2964 salute
841 2897 1036 2983 desperant,

55 3000 210 3086 Romani,
234 3002 263 3067 si
285 3023 355 3067 rem
371 3001 588 3087 obtinuerint,
604 3005 702 3071 finem
719 3002 872 3069 laborum
889 3003 1035 3067 omnium

57 3112 269 3190 exspectant.
292 3104 442 3173 Maxime
458 3106 503 3173 ad
519 3109 707 3195 superiores
723 3109 925 3173 munitiones
941 3104 1056 3172 labo-4

56 3216 162 3292 ratur,
187 3230 251 3296 qno
275 3209 631 3278 Vercassivellaunum
662 3214 800 3278 missum
824 3211 1033 3276 demonstra-

54 3312 175 3379 vimus.
197 3314 352 3401 Iniquum
375 3315 443 3382 loci
466 3316 511 3383 ad
528 3316 758 3382 declivitatem
774 3314 948 3397 fastigium
963 3334 1032 3377 ma·

54 3436 157 3500 gnum
179 3417 284 3484 habet
306 3429 518 3486 momentum.
564 3419 631 3486 Alii
662 3421 732 3487 tela
760 3419 942 3499 coniciunt,
974 3413 1055 3479 aliis

52 3519 224 3587 testudine
239 3521 331 3588 facta
348 3522 508 3610 subeunt,
526 3524 722 3611 defatigatis
736 3526 770 3591 in
782 3525 891 3588 vicem
906 3521 1031 3601 integri

104 3627 192 3672 cnm.
206 3630 224 3672 1.
239 3630 260 3674 s.
276 3631 302 3674 o.
844 3644 880 3695 rs
