2376 3924
139 263 201 324 226
477 260 585 310 uuum
605 259 775 310 remoror

173 451 305 512 stiterunt,
330 449 402 516 apud
420 451 529 516 Leptim
547 466 564 500 a
581 450 653 501 Varo
679 449 873 510 incenduntur,
910 466 991 516 quem
1016 451 1126 503 Caesar

174 537 302 587 continuo
329 537 468 587 insecutus
496 537 717 602 quinqueremem
745 541 895 603 recuperat,
922 536 1005 587 aliam
1025 540 1125 589 navim

174 628 320 689 expugnat,
348 628 375 673 et
393 638 460 689 quas
485 630 548 674 ante
571 628 676 689 portum
696 623 843 687 Adrumeti,
870 624 899 672 in
922 638 1002 687 quem
1027 625 1125 690 profu-

175 716 252 776 gerat
280 710 376 761 classis
395 709 469 769 Vari,
498 709 685 774 deprehendit,
712 709 834 759 incendit
861 726 884 760 c.
902 709 1014 762 62-64.
1052 711 1125 761 Fru-

175 802 296 848 mentum
323 797 526 861 conquisiturus
546 795 647 846 Caesar
670 812 730 846 cum
756 796 890 847 exercitus
914 799 990 861 parte
1015 796 1126 848 circum

176 882 257 933 villas
285 898 371 947 usque
398 882 433 931 ad
457 882 549 948 Aggar
575 881 703 947 oppidum
733 881 921 947 proficiscitur,
952 882 1026 947 quod
1058 899 1125 934 cum

176 974 203 1019 et
221 968 372 1019 adversarii
389 968 518 1029 facerent,
543 984 591 1033 per
619 967 751 1018 eiusmodi
778 969 936 1018 occasiones
964 969 1062 1020 crebro
1082 976 1127 1021 est

175 1059 325 1120 pugnatum
344 1071 366 1103 c.
386 1053 497 1104 65-73.
515 1055 613 1120 Legati
633 1069 665 1103 ex
683 1054 760 1119 Vaga
779 1054 877 1119 oppido
891 1053 1037 1105 Caesarem
1058 1072 1126 1106 con-

175 1142 302 1199 veniunt;
321 1140 385 1190 dum
404 1157 465 1191 eum
484 1140 518 1190 de
537 1139 667 1190 mittendo
685 1141 822 1207 praesidio
836 1145 921 1203 orant,
940 1139 1074 1206 oppidum
1087 1143 1125 1192 ab

176 1227 244 1278 Iuba
272 1242 332 1277 esse
361 1232 544 1293 expugnatum
574 1228 714 1277 nuntiatur
732 1243 756 1278 o.
776 1227 816 1276 tt.
854 1228 985 1277 Exercitu
1003 1227 1125 1279 lustrato

177 1314 278 1364 Caesar
302 1313 336 1363 ad
359 1313 486 1379 oppidum
513 1313 654 1363 Sarsuram
678 1320 767 1365 castra
791 1320 881 1364 movet
903 1313 1072 1364 frumentum
1090 1331 1126 1365 eo

177 1401 211 1450 ab
231 1399 357 1467 Scipione
377 1404 572 1467 comportatum
595 1401 807 1466 intercepturus;
842 1399 996 1450 Labienum
1020 1415 1125 1466 agmen

177 1505 237 1538 cnm
266 1487 388 1552 equitatu
415 1488 594 1538 lacessentem
621 1488 704 1552 fugat,
735 1486 834 1553 oppido
857 1487 967 1552 potitur.
1004 1486 1076 1537 Inde
1094 1488 1126 1536 in

177 1580 274 1637 castra,
294 1589 364 1639 quae
383 1574 419 1625 ad
436 1574 528 1640 Aggar
547 1573 689 1637 habuerat,
708 1573 867 1639 regreditur.
903 1571 1006 1621 Eodem
1029 1575 1126 1640 Scipio

177 1661 351 1728 subsequitur
369 1678 392 1711 c.
403 1663 444 1713 lb.
455 1662 495 1711 76.
515 1662 601 1722 Quem
616 1677 676 1710 curn
691 1660 726 1711 ad
739 1676 859 1726 pugnant
872 1659 970 1710 elicere
985 1663 1126 1726 nequiret,

177 1748 279 1799 Caesar
298 1762 354 1797 rem
372 1748 401 1795 in
421 1747 566 1798 discrimen
584 1746 751 1797 adducturus
769 1746 907 1812 Thapsum
930 1746 1126 1810 proficiscitur,

177 1835 367 1902 oppidumque,
387 1835 432 1884 cui
450 1833 588 1898 Vergilius
607 1839 742 1898 praeerat,
762 1833 972 1883 circummunire
991 1834 1127 1888 instituit.

176 1923 235 1971 Iam
254 1920 353 1986 Scipio,
373 1920 428 1969 nisi
447 1920 575 1986 oppidum
594 1921 805 1971 munitissimum
824 1920 1001 1986 hominesque
1020 1919 1125 1973 fidissi·

181 2023 237 2058 mos
256 2006 380 2057 amittere
399 2005 491 2070 vellet,
510 2006 599 2056 facere
620 2022 673 2056 non
692 2008 789 2072 potuit,
810 2007 875 2071 quin
894 2006 1039 2056 dimicaret
1052 2024 1077 2057 c.
1091 2010 1127 2059 ’Π

184 2094 254 2143 -80,
273 2092 382 2142 Proelio
401 2091 436 2142 ad
453 2091 582 2157 oppidum
602 2093 744 2143 commisso
759 2092 895 2159 Scipionis
913 2092 1049 2143 exercitus
1062 2110 1128 2160 gra-

178 2181 291 2231 vissima
309 2179 387 2229 clade
405 2179 564 2245 profligatur
582 2196 605 2229 c.
624 2181 735 2231 81-86.
772 2180 825 2240 Qui
843 2178 915 2229 vitae
933 2179 1022 2230 exitus
1040 2180 1129 2231 fuerit

180 2266 300 2330 Catonis,
318 2265 412 2328 Iubae,
431 2265 532 2327 Petrei,
553 2265 687 2330 Scipionis
706 2270 833 2315 narratur
851 2281 874 2318 c.
893 2265 1005 2315 st—as.
1029 2266 1129 2318 Rebus

178 2353 219 2403 sic
230 2351 348 2402 feliciter
361 2352 445 2417 gestis
459 2350 560 2402 Caesar
571 2352 656 2402 Iubae
671 2367 783 2416 reguum
797 2352 825 2401 in
837 2351 996 2417 provinciae
1009 2351 1128 2405 formam

178 2438 286 2503 redigit,
305 2439 431 2489 civitates
450 2439 627 2503 singulosque
647 2439 693 2503 qui
713 2453 773 2487 cunr
788 2437 915 2502 Scipione
934 2437 1058 2489 lecerunt
1077 2454 1128 2504 pe·

180 2525 260 2574 cunia
277 2526 382 2587 multat,
401 2524 499 2575 deinde
517 2525 630 2574 Romam
649 2524 761 2574 revertit
779 2539 802 2573 c.
821 2524 931 2573 97-98.

233 2732 260 2794 1.
285 2731 405 2796 Caesar
438 2729 606 2797 itineribus
639 2731 730 2795 iustis
763 2729 916 2795 confectis
949 2728 1037 2795 nullo
1072 2730 1129 2797 die

145 2838 326 2902 intermisso
349 2858 377 2899 a.
402 2835 432 2899 d.
458 2853 545 2899 x1111.
569 2833 643 2898 Kal.
665 2833 734 2898 Ian.
758 2832 954 2920 Lilybaeum
975 2836 1131 2920 pervenit

146 2941 319 3023 statimque
358 2938 498 3003 ostendit
534 2960 604 3002 sese
642 2959 742 3002 naves
775 2937 857 3002 velle
894 2937 1129 3023 conscendere,

147 3065 222 3107 oum
243 3063 308 3106 non
331 3041 467 3126 amphus
497 3041 654 3125 legionem
682 3043 822 3105 tironum
850 3039 988 3106 haberet
1013 3062 1130 3126 unam,

148 3149 272 3232 equites
293 3147 351 3210 vix
374 3162 428 3208 Dc.
452 3144 714 3210 ‘sabernaculum
736 3144 915 3210 secundum
930 3143 1004 3209 litus
1018 3145 1131 3230 ipsum

126 3252 323 3333 rconstituit,
346 3257 383 3313 ut
405 3269 506 3335 prope
527 3248 645 3312 fluctus
667 3247 867 3314 verberaret.
895 3248 969 3313 Hoc
991 3269 1029 3313 eo
1053 3270 1131 3317 oon·

149 3356 217 3421 silio
247 3355 332 3438 fecit,
363 3375 404 3418 ne
433 3354 505 3439 quis
532 3351 593 3417 sibi
621 3375 732 3418 morae
761 3355 936 3439 quicquam
963 3352 1034 3417 lore
1056 3374 1131 3441 spe

151 3469 247 3540 raret,
272 3469 304 3523 ct
324 3467 362 3523 ut
383 3479 494 3524 omnes
522 3458 557 3522 in
585 3456 653 3522 dies
683 3457 843 3543 horasque
872 3456 977 3544 parati
1007 3466 1133 3524 essent.

129 3562 270 3627 ulncidit
298 3586 355 3648 per
377 3562 411 3627 id
433 3572 571 3647 tempus,
601 3569 637 3625 ut
665 3571 873 3646 tempestates
902 3559 945 3625 od
971 3561 1132 3647 navigan·
