2376 3924
71 247 132 312 133
367 245 418 294 nn
435 242 557 295 annno
577 244 689 294 111111

47 437 156 502 ebant.
202 438 337 503 Sinistro
370 457 472 500 cornu
502 434 628 517 milites,
661 455 736 498 cum
768 456 812 498 ex
839 433 923 500 vallo
951 435 1048 499 Pom·

68 542 176 626 peium
209 539 323 605 adesse
345 546 379 604 et
400 560 474 604 suos
504 538 617 624 fugere
651 546 830 621 cernerent,
862 540 968 621 veriti,
1002 560 1048 603 ne

68 645 223 729 angustiis
244 642 546 724 intercluderentur,
570 664 644 706 cum
659 650 754 706 extra
770 650 802 706 et
816 643 903 706 intus
916 641 1048 707 hostem

67 747 235 830 haberent,
270 745 394 827 eodem,
429 767 492 830 quo
520 754 688 828 venerant,
721 754 855 831 receptu
882 745 944 811 sibi
971 768 1047 811 con-

67 851 225 933 sulebant,
260 852 430 935 omniaque
459 857 553 914 erant
585 848 749 932 tumultus,
784 851 915 932 timoris,
946 849 1047 936 fugae

67 954 171 1040 plena,
203 954 284 1018 adeo
307 962 352 1034 ut,
376 975 451 1017 cum
473 952 594 1017 Caesar
617 955 710 1038 signa
730 953 922 1039 fugientium
944 976 1048 1020 manu

67 1057 242 1143 prenderet
265 1066 297 1120 et
319 1058 494 1122 consistere
522 1056 658 1138 iuberet,
693 1055 746 1120 alii
774 1056 921 1121 admissis
951 1059 1047 1142 equis

67 1161 206 1227 eundem
239 1183 370 1226 cursum
403 1161 624 1245 confugerent,
663 1161 715 1226 alii
749 1182 792 1224 ex
824 1169 913 1226 metu
946 1163 1048 1226 ctiam

66 1268 159 1351 signa
202 1265 410 1347 dimitterent,
455 1286 561 1350 neque
598 1267 769 1350 quisquam
807 1266 935 1328 omnino
971 1287 1047 1330 eon·

66 1371 202 1434 sisteret.

153 1473 202 1537 70.
226 1474 286 1538 His
309 1474 407 1537 tantis
430 1472 522 1537 malis
545 1473 626 1536 haec
641 1471 785 1537 subsidia
800 1470 1046 1557 succurrebant,

66 1599 129 1663 quo
162 1581 268 1642 minus
302 1579 405 1641 omnis
438 1576 601 1641 deleretur
635 1577 808 1659 exercitus,
842 1575 929 1660 quod
951 1577 1047 1641 Pom-

66 1685 156 1767 peius
179 1680 312 1745 insidias
327 1682 453 1762 timens,
477 1679 585 1762 credo,
609 1679 696 1765 quod
711 1679 793 1744 haec
808 1687 938 1765 praeter
953 1700 1048 1765 spem

66 1786 253 1851 acciderant
275 1786 353 1866 eius,
388 1786 443 1868 qui
466 1782 561 1868 paulo
584 1792 659 1847 ante
681 1806 724 1847 ex
747 1785 861 1848 castris
883 1783 1047 1868 fugientes

66 1909 140 1954 suos
178 1895 402 1971 conspexerat,
440 1885 669 1950 munitionibus
706 1887 968 1972 appropinquare
992 1886 1047 1951 ali·

66 1991 222 2077 quamdiu
255 2012 321 2053 non
358 1989 510 2072 audebat,
556 1991 745 2076 equitesque
782 1992 851 2054 eius
887 1992 1047 2076 angustiis

66 2090 188 2180 [portis]
212 2101 310 2178 atque
332 2091 381 2157 his
404 2092 446 2157 ab
470 2091 617 2158 Caesaris
639 2092 792 2158 militibus
815 2095 980 2179 occupatis
1003 2093 1048 2159 ed

45 2196 302 2283 ainsequendum
323 2195 546 2261 tardabantur.
591 2197 643 2262 Ita
665 2220 786 2283 parvae
808 2219 861 2263 res
889 2220 1048 2283 magnum

66 2305 99 2366 in
121 2309 443 2387 utramquepartem
470 2310 670 2365 momentum
698 2300 893 2367 habuerunt.
938 2301 1046 2367 Muni-

66 2409 168 2471 tiones
191 2408 277 2470 enim
294 2428 313 2469 a
328 2407 441 2469 castris
457 2403 500 2469 ad
514 2404 636 2469 flumen
656 2404 834 2490 perductae
849 2406 1048 2491 expugnatis

67 2513 131 2574 iam
154 2512 268 2575 castris
283 2509 417 2594 Pompei
439 2510 604 2594 propriam
626 2508 879 2594 expeditamque
896 2506 1047 2575 Caesaris

65 2616 233 2678 victoriam
261 2612 557 2699 interpellaverunt,
592 2611 708 2676 eadem
734 2634 786 2677 res
814 2611 979 2677 celeritate
1000 2614 1048 2677 in-

66 2719 269 2801 sequentium
291 2716 421 2781 tardata
443 2718 561 2781 nostris
584 2716 720 2781 salutem
743 2716 858 2782 attulit.

152 2820 201 2882 71.
226 2817 363 2883 Duobus
386 2819 435 2883 his
458 2821 553 2882 unius
576 2817 638 2882 diei
669 2818 796 2904 proeliis
819 2818 942 2887 Caesar
963 2819 1048 2887 desi-

66 2921 193 2985 deravit
214 2922 328 2987 milites
351 2939 519 2990 Deccenx
541 2932 574 2988 et
596 2925 721 2988 *notos
743 2926 868 3009 equites
881 2926 1048 2993 Romanos

65 3021 290 3111 [Fleginatem]
328 3029 524 3092 Tuticanum
561 3027 701 3110 Gallum,
739 3030 896 3094 senatoris
931 3028 1047 3117 filium,

65 3128 100 3193 O.
125 3127 329 3212 Flcginatem
352 3130 528 3214 Placentia,
562 3131 603 3196 Α.
624 3133 789 3198 Granium
810 3132 964 3216 Puteolis,
999 3136 1046 3201 M.

65 3233 299 3298 Sacrativirum
315 3234 437 3320 Capua,
461 3235 606 3300 tribunos
629 3235 765 3301 militum
787 3243 820 3300 11
841 3239 1049 3305 centuriones

44 3353 182 3419 exxxlt;
221 3338 279 3402 sed
313 3337 428 3402 horum
463 3341 604 3404 omnium
638 3363 714 3425 pars
747 3362 867 3426 magna
895 3340 1048 3409 infossis

64 3441 360 3528 munitionibusque
383 3452 416 3508 et
437 3443 578 3509 fluminis
610 3447 688 3530 ripis
722 3466 879 3532 oppressa
910 3464 1049 3515 suorum

59 3545 93 3609 in
120 3553 244 3613 terrore
267 3570 307 3613 ac
328 3548 407 3637 fuga
430 3550 499 3612 sine
520 3546 584 3617 ullo
606 3548 740 3617 vulnere
762 3550 899 3637 interiit3
938 3550 1048 3639 signn-

1181 2840 1185 3001 l
