2376 3924
137 219 201 288 235
479 217 592 269 nucu
611 216 785 271 srmcsru

114 412 307 497 specuniam
329 411 513 496 imperaret.
557 411 673 496 Itaque
696 411 746 477 bis
773 411 875 477 milies
896 414 1047 479 sestertio
1070 415 1119 479 his

136 516 299 600 imposito,
334 524 370 579 ut
397 536 455 601 per
482 515 657 579 triennium
684 536 745 579 sex
766 513 975 601 pensionibus
998 516 1118 603 populo

136 618 283 683 Romano
305 618 482 700 solverent,
513 618 600 683 nullo
629 640 742 684 eorum
762 627 935 685 recusante
956 641 998 685 ac
1020 642 1058 685 se
1081 643 1119 685 eo

138 719 189 785 die
218 721 348 786 demum
380 731 473 787 natos
506 721 731 807 praedicantes
758 721 834 787 laeti
862 724 987 808 gratias
1015 734 1119 809 agunt

137 823 278 889 Caesari.

223 928 274 992 91.
297 929 371 992 Rex
386 929 516 992 interim
529 928 623 1011 Iuba,
639 939 677 994 ut
692 951 735 993 ex
749 928 870 1015 proelio
885 928 1026 1015 ingerat,
1051 952 1118 995 una

138 1054 212 1097 cum
244 1033 373 1096 Petreio
413 1031 556 1097 interdiu
593 1033 628 1097 in
667 1031 750 1097 villis
787 1031 943 1098 latitando
980 1032 1119 1099 tandem

115 1137 301 1202 anocturnis
316 1134 483 1200 itineribus
495 1136 647 1201 conlectis
659 1139 692 1200 in
703 1158 841 1222 regnum
853 1137 1003 1222 pervenit
1017 1145 1117 1222 atque

137 1238 180 1303 ad
203 1237 356 1325 oppidum
379 1240 529 1322 Zamam,
558 1239 614 1304 ubi
636 1242 704 1327 ipse
727 1240 938 1323 domicilium,
962 1241 1117 1327 coniuges

136 1342 318 1428 liberosque
351 1342 509 1426 habebat,
543 1366 606 1429 quo
638 1366 680 1408 ex
713 1354 828 1410 cuncto
855 1366 956 1429 regno
986 1366 1117 1411 omnem

136 1448 307 1532 pecuniam
330 1449 577 1533 carissimasque
598 1469 651 1512 res
678 1455 939 1534 comportaverat
960 1447 1116 1535 quodque

115 1552 214 1615 sinito
229 1550 313 1615 bollo
329 1549 480 1636 operibus
495 1552 645 1615 maximis
660 1553 830 1634 munierat,
847 1549 981 1615 accedit.
1007 1551 1117 1633 Quem

136 1664 232 1718 antea
255 1654 407 1740 oppidani
429 1676 559 1719 rumore
582 1664 734 1740 exoptato
757 1654 798 1719 de
810 1654 960 1720 Caesaris
975 1656 1113 1720 victoria

137 1758 247 1823 audito
281 1757 322 1823 ob
355 1758 415 1823 has
445 1780 560 1823 causas
594 1758 711 1845 oppido
741 1757 992 1843 prohibuerunt,
1026 1757 1115 1845 quod

136 1859 219 1924 bello
243 1871 355 1926 contra
383 1862 536 1947 populum
557 1863 741 1927 Romanum
768 1871 916 1948 suscepto
939 1864 973 1926 in
996 1861 1116 1949 oppido

137 1965 257 2027 Zamae
291 1963 385 2049 lignis
419 1968 579 2049 congestis
616 1969 794 2031 maximam
830 1968 864 2030 in
900 1964 1007 2030 medio
1044 1966 1115 2031 foro

135 2090 251 2153 pyram
267 2075 504 2150 consumserat,
527 2076 572 2150 ut,
596 2070 622 2132 si
637 2068 720 2134 forte
735 2068 818 2135 bello
833 2070 918 2135 foret
932 2079 1114 2156 superatus,

136 2172 284 2237 omnibus
306 2171 404 2237 rebus
426 2193 464 2236 eo
487 2173 697 2255 coacervatis,
732 2172 808 2237 dein
836 2172 961 2239 civibus
989 2176 1115 2241 cunctis

134 2277 311 2342 interfectis
350 2276 529 2362 eodemque
568 2277 718 2363 proiectis
750 2278 826 2362 igne
863 2275 1008 2342 subiecto
1044 2286 1115 2343 tum

134 2380 266 2446 demum
295 2403 329 2445 se
358 2383 427 2467 ipse
455 2383 587 2469 insuper
609 2382 807 2447 interficeret
829 2391 928 2467 atque
950 2404 1017 2447 una
1040 2404 1116 2447 cum

135 2484 253 2567 liberis,
289 2483 496 2569 coniugibus,
531 2484 657 2551 civibus
691 2494 873 2571 cunctaque
907 2507 989 2570 gaza
1022 2486 1114 2571 regia

114 2597 344 2653 scremaretnr.
373 2589 550 2674 Postquam
564 2588 648 2653 Iuba
663 2598 739 2653 ante
761 2598 871 2674 portas
894 2588 951 2652 diu
965 2589 1114 2654 multum-

135 2712 198 2776 que
232 2694 335 2777 primo
367 2694 462 2756 minis
490 2715 548 2779 pro
577 2693 712 2778 imperio
741 2693 860 2777 egisset
882 2714 956 2757 cum
978 2693 1114 2759 Zamen-

135 2792 223 2857 sibus
230 2844 238 2876 ,
274 2793 363 2878 dein,
398 2818 472 2860 cum
500 2818 535 2860 se
563 2817 679 2882 parum
705 2795 863 2880 proficere
893 2795 1113 2880 intellexisset,

135 2899 285 2983 precibus
317 2908 455 2982 orasset,
490 2901 536 2964 uti
570 2920 604 2963 se
633 2898 675 2963 ad
703 2920 778 2963 suos
801 2899 878 2965 deos
902 2908 1036 2986 penates
1059 2899 1114 2965 ad-

133 3005 309 3086 mitterent,
332 3000 389 3066 ubi
412 3024 466 3066 eos
490 3011 635 3088 perstare
657 3004 691 3066 in
707 3005 866 3068 sententia
882 3003 1115 3069 animadvertit

134 3129 195 3172 nec
217 3109 311 3172 minis
334 3127 395 3170 nec
417 3105 568 3190 precibus
591 3107 656 3171 suis
679 3109 818 3189 moveri,
853 3129 916 3193 quo
945 3110 1050 3193 magis
1078 3130 1114 3173 se

133 3214 330 3298 reciperent,
353 3211 447 3275 tertio
470 3212 550 3295 petit
572 3209 614 3274 ab
637 3212 699 3293 eis,
722 3220 759 3275 ut
780 3211 841 3275 sibi
864 3213 1016 3295 coniuges
1038 3210 1114 3278 libe·

111 3328 251 3402 trosque
285 3314 475 3397 redderent,
508 3322 545 3377 ut
572 3335 681 3378 secum
709 3336 763 3379 eos
791 3323 980 3401 asportaret.
1024 3314 1114 3379 Post·

135 3441 233 3504 quam
261 3417 322 3483 sibi
350 3417 429 3482 nihil
457 3418 585 3482 omnino
608 3416 786 3502 oppidanos
808 3418 952 3503 responsi
974 3416 1114 3482 reddere

135 3523 376 3606 animadvertit,
410 3520 498 3589 nulla
530 3543 566 3587 re
600 3519 643 3586 ab
671 3520 721 3587 his
750 3523 923 3607 impetrata
945 3518 987 3584 ab
1011 3520 1114 3586 Zama
