2376 3924
152 216 217 281 204
456 216 506 266 Du
523 216 645 267 BELLO
668 215 826 267 <subulco

153 415 249 472 tanto
262 428 361 492 opere
376 404 550 472 licentiam
562 407 860 495 arrogantiamque
875 405 1135 494 reprehendere,

153 509 243 596 quod
264 509 341 597 plus
359 533 401 577 se
423 532 523 596 quam
546 512 782 597 imperatorem
805 510 846 577 de
861 511 1008 576 victoria
1031 520 1135 598 atque

133 615 250 681 «exitu
263 635 375 679 rarum
397 616 523 680 sentire
548 615 800 698 existimarent3
818 601 885 680 'nec
908 615 1019 679 minus
1036 636 1074 680 se
1090 615 1134 682 ab

152 718 259 784 milite
287 717 488 784 modestiam
518 727 551 784 et
573 720 819 785 continentiam
850 740 950 805 quam
971 719 1136 786 virtutem

154 833 256 912 atque
279 822 383 888 animi
406 822 676 907 magnitudinem
700 821 904 889 desiderare.

238 925 289 990 53.
312 924 388 990 Hac
411 924 529 992 habita
551 927 709 991 contione
732 935 765 992 et
788 926 832 993 ad
855 935 1040 993 extremam
1059 949 1133 994 ora-

154 1032 278 1096 tionem
301 1028 509 1094 confirmatis
538 1028 713 1113 militibus,
748 1052 791 1095 ne
814 1029 856 1095 ob
880 1029 968 1096 hano
991 1051 1135 1098 causam

154 1135 265 1199 animo
288 1140 563 1218 permoverentur
577 1155 652 1216 neu,
677 1132 766 1220 quod
782 1134 943 1220 iniquitas
960 1132 1026 1200 loci
1042 1144 1135 1201 attu-

154 1234 261 1320 lisset,
285 1235 321 1302 id
336 1237 457 1302 virtuti
478 1236 626 1303 hostium
641 1236 841 1322 tribuerent,
865 1236 983 1303 eadem
1001 1236 1043 1302 de
1058 1259 1135 1324 pro·

154 1339 299 1406 sectione
320 1342 487 1425 cogitans,
512 1362 598 1428 quae
622 1351 702 1407 ante
727 1350 890 1425 senserat,
914 1339 1067 1426 legiones
1090 1365 1136 1408 ex

134 1443 279 1510 icastris
296 1443 415 1510 eduxit
430 1446 603 1530 aciemque
618 1444 739 1512 idoneo
755 1444 829 1511 loco
844 1446 1032 1511 constituit
1049 1442 1135 1512 (lum

153 1548 416 1632 Vercingetorix
429 1547 658 1632 nihilomagis
672 1549 706 1613 in
719 1570 861 1637 aequum
872 1547 982 1614 locum
995 1548 1137 1616 descen·

155 1650 260 1735 deret,
283 1650 350 1718 levi
372 1652 463 1718 iacto
488 1653 634 1738 equestri
657 1651 784 1738 proelio
808 1662 910 1738 atque
932 1653 1082 1720 secundo
1098 1655 1135 1720 in

133 1765 270 1821 ecastra
294 1756 478 1822 exercitum
501 1755 648 1821 reduxit.
693 1753 779 1820 Cum
800 1755 863 1822 hoo
886 1753 976 1820 idem
997 1768 1136 1843 postero

156 1859 212 1925 die
233 1859 383 1941 fecisset,
413 1860 498 1925 satis
522 1859 567 1925 ad
591 1857 760 1925 Gallicam
790 1858 1051 1926 ostentationem
1074 1863 1137 1928 mi·

155 1961 325 2028 nuendam
345 1961 555 2048 militumque
579 1964 708 2029 animos
731 1960 978 2028 confirmandos
1006 1962 1137 2031 factum

134 2067 355 2132 rexistimans
373 2067 407 2130 in
423 2064 560 2131 Aeduos
576 2068 683 2132 movit
698 2075 824 2132 castra.
847 2065 984 2131 Netum
1000 2067 1138 2153 quidam

156 2171 318 2236 insecutis
334 2169 488 2236 hostibus
504 2171 605 2236 tertio
622 2169 677 2235 die
689 2169 734 2236 ad
745 2170 865 2236 flumen
878 2167 1003 2235 Elaver
1014 2181 1137 2258 pontes

156 2276 264 2342 reficit
288 2297 392 2363 eoque
416 2276 600 2341 exercitum
625 2275 784 2342 traducit.

241 2377 293 2444 54.
317 2379 369 2444 Ibi
386 2401 406 2444 a
422 2378 637 2445 Viridomaro
650 2390 752 2468 atque
762 2379 993 2468 Eporedorige
1005 2378 1137 2446 Aeduis

156 2483 348 2570 appellatus
372 2483 475 2550 discit
489 2505 565 2549 cum
582 2485 672 2549 omni
689 2486 842 2572 equitatu
856 2484 1074 2551 Litaviccum
1090 2483 1138 2551 ad

157 2586 391 2653 sollicitandos
420 2585 557 2655 Aeduos
585 2587 789 2673 profectum3
828 2609 909 2674 opus
939 2609 1014 2654 esse
1043 2589 1136 2675 ipsos

135 2689 359 2757 aantecedere
382 2690 426 2755 ad
443 2689 706 2756 confirmandam
721 2692 905 2759 civitatem.
926 2690 1004 2757 Etsi
1018 2691 1138 2759 multis

157 2796 225 2860 iam
240 2793 341 2860 rebus
356 2793 533 2880 perfidiam
550 2792 743 2860 Aeduorum
758 2804 971 2882 perspectam
985 2794 1137 2862 habebat

157 2907 259 2983 atque
273 2896 393 2964 horum
410 2897 563 2964 discessu
581 2898 791 2965 admaturari
815 2899 1037 2966 defectionem
1052 2900 1137 2967 civi·

156 3002 239 3067 tatis
263 3000 494 3084 existimabat,
530 3011 643 3067 tamen
669 3024 725 3068 eos
749 3002 943 3069 retinendos
965 3024 1033 3069 non
1056 3024 1137 3070 con·

158 3106 279 3188 stituit,
302 3126 344 3169 ne
367 3114 427 3170 aut
449 3104 573 3171 inferre
596 3106 753 3173 iniuriam
775 3106 949 3173 videretur
971 3115 1030 3173 aut
1053 3105 1139 3175 dare

135 3209 288 3274 otimoris
304 3207 452 3296 aliquam
469 3211 704 3296 suspicionem.
716 3210 982 3278 Discedentibus
997 3209 1137 3281 hirbre·

135 3315 247 3379 sviter
262 3334 323 3379 sua
340 3315 374 3378 in
391 3313 528 3380 Aeduos
550 3316 672 3381 merita
695 3318 861 3403 exposuit,
885 3337 969 3404 quos
984 3324 1019 3382 at
1033 3336 1137 3402 quam

157 3417 298 3484 humiles
322 3419 519 3505 accepisset,
542 3419 732 3505 compulsos
756 3422 790 3485 in
814 3419 949 3507 oppida,
972 3418 1135 3487 multatos

159 3523 265 3607 agris,
298 3520 452 3588 omnibus
476 3523 599 3610 ereptis
622 3524 740 3609 copiis,
774 3524 931 3612 imposito
955 3520 1135 3612 stipendio,
