2376 3924
115 227 174 290 108
427 229 477 279 nn
496 230 616 281 sunno
637 228 797 280 osumco

113 418 343 503 navigandum
355 429 455 506 atque
469 418 622 484 omnibus
639 417 738 485 rebus
752 421 937 487 instructas
950 423 1090 490 invenit.

92 522 242 589 allodem
271 523 441 609 equitatus
472 524 576 589 totius
601 521 735 589 Galliae
766 526 924 591 convenit
953 549 1090 592 numero

115 627 242 692 milium
266 636 426 713 quattuor
448 629 682 713 principesque
706 651 748 693 ex
772 627 925 695 omnibus
943 631 1091 696 civitati-

92 732 194 814 tbus3
218 754 261 796 ex
277 730 399 816 quibus
415 753 611 817 perpaucos,
635 752 775 816 quorum
791 733 825 797 in
843 755 879 797 se
894 733 993 798 fidem
1017 756 1090 819 per-

116 843 285 922 spexerat,
298 834 486 920 relinquere
498 838 532 900 iu
546 835 671 918 Gallia,
687 835 834 922 reliquos
848 836 1003 902 obsidum
1016 837 1090 902 loco

115 963 226 1005 secum
251 939 373 1004 ducere
398 938 607 1022 decreverat,
631 939 731 1024 quod,
754 940 922 1025 cumipse
945 939 1092 1024 abesset,

114 1053 239 1110 motum
264 1039 400 1106 Galliae
423 1041 614 1107 verebatur.

200 1145 230 1210 o.
253 1145 338 1210 Erat
354 1167 422 1209 una
445 1167 521 1210 cum
537 1147 659 1212 ceteris
674 1146 864 1212 Dumnorix
877 1148 1026 1232 Aeduus,
1051 1148 1093 1213 de

115 1274 179 1337 quo
196 1259 276 1315 ante
292 1248 335 1315 ab
351 1249 450 1315 nobis
468 1249 673 1315 dictumest.
714 1251 813 1315 Hunc
830 1273 943 1316 secum
967 1250 1092 1317 habere

115 1355 288 1440 inprimis
312 1354 553 1437 constituerat,
584 1352 770 1439 quodcum
801 1354 959 1440 cupidum
982 1378 1093 1420 rerum

115 1481 288 1541 novarum,
312 1456 471 1543 cupidum
494 1458 635 1543 imperii,
663 1459 779 1541 magni
802 1459 917 1541 animi,
948 1479 1093 1543 magnae

95 1567 203 1629 rinter
214 1561 332 1628 Gallos
342 1562 556 1626 auctoritatis
569 1570 786 1645 cognoverat.
809 1562 1006 1628 Accedebat
1017 1563 1093 1648 huc,

117 1668 205 1754 quod
229 1668 262 1730 in
279 1665 423 1732 concilio
439 1664 631 1731 Aeduorum
648 1666 838 1731 Dumnorix
858 1666 1002 1751 dixerat,
1028 1668 1094 1733 sibi

116 1796 136 1836 a
160 1769 308 1836 Caesare
331 1790 473 1853 regnum
504 1770 657 1834 civitatis
682 1769 822 1852 deferri;
853 1771 943 1856 quod
967 1772 1093 1838 dictum

116 1875 226 1940 Aedui
243 1874 395 1957 graviter
411 1871 564 1938 ferebant
580 1895 688 1959 neque
704 1873 886 1939 recusandi
902 1884 962 1940 aut
978 1875 1092 1961 depre-

117 1978 218 2044 candi
234 2000 339 2042 causa
355 1976 487 2061 legatos
507 1976 552 2041 ad
567 1974 747 2042 Caesarem
763 1977 897 2043 mittere
910 1977 1093 2043 audebant.

117 2083 157 2148 Id
187 2083 314 2147 factum
346 2104 388 2146 ex
419 2083 488 2146 suis
511 2079 700 2166 hospitibus
724 2079 852 2146 Caesar
876 2091 1093 2167 cognoverat.

95 2186 179 2252 sllle
197 2184 349 2250 omnibus
373 2185 479 2270 primo
496 2183 652 2270 precibus
668 2194 783 2270 petere
799 2185 984 2269 contendit,
1008 2187 1094 2251 utin

119 2288 1095 2374 Galliarelinqueretur,partim,quodinsuetusnavigandi

117 2418 209 2460 mare
219 2396 360 2475 timeret,
373 2393 507 2477 partim,
520 2393 608 2479 quod
617 2392 838 2476 religionibus
852 2393 1006 2480 impediri
1020 2415 1094 2458 sese

96 2499 256 2564 ediceret.
286 2498 510 2582 Posteaquam
526 2495 562 2560 id
578 2493 749 2560 obstinate
773 2494 838 2560 sibi
860 2497 981 2579 negari
996 2496 1094 2580 vidit,

119 2603 208 2668 omni
218 2624 276 2686 spe
288 2601 494 2687 impetrandi
503 2599 663 2686 adempta
676 2601 846 2685 principes
856 2598 991 2664 Galliae
1005 2600 1094 2665 solli-

118 2709 236 2790 citare,
261 2728 421 2771 sevocare
446 2703 596 2788 singulos
620 2705 814 2790 hortarique
836 2704 958 2790 coepit,
986 2705 1035 2770 uti
1060 2705 1094 2770 in

97 2810 307 2874 scontinenti
337 2818 567 2893 remanerent3
597 2817 688 2874 metu
718 2809 894 2873 territare:
924 2829 991 2872 non
1022 2808 1095 2873 sine

119 2935 223 2979 causa
246 2913 330 2996 fieri,
353 2921 389 2976 ut
414 2909 528 2977 Gallia
553 2913 641 2976 omni
670 2909 851 2977 nobilitate
875 2911 1095 2996 spoliaretur3

120 3017 155 3082 id
179 3038 253 3081 esse
276 3014 454 3081 consilium
477 3014 647 3101 Caesaris,
677 3024 724 3098 ut,
748 3038 831 3103 quos
854 3017 888 3081 in
911 3025 1095 3102 conspectu

121 3120 255 3186 Galliae
278 3119 467 3183 interficere
483 3129 666 3202 vereretur,
689 3119 750 3185 hos
774 3141 887 3184 omnes
911 3120 945 3184 in
960 3119 1095 3185 Britan·

98 3227 211 3290 oniam
228 3222 403 3289 traductos
419 3233 573 3307 necaret3
596 3222 697 3288 fidem
711 3222 848 3309 reliquis
872 3223 1096 3308 interponere,

121 3327 354 3393 iusiurandum
369 3349 517 3412 poscere,
541 3334 588 3411 ut,
612 3326 701 3413 quod
725 3347 799 3392 esse
823 3348 866 3392 ex
881 3347 944 3392 usu
960 3322 1096 3391 Galliae

120 3428 1097 3516 intellexissent,communiconsilioadministrarent.Haec

121 3560 141 3601 a
165 3533 392 3620 compluribus
416 3533 461 3599 ad
484 3531 665 3599 Caesarem
689 3531 940 3598 deferebantur.
