2376 3924
146 230 187 296 52
447 233 497 282 nn
516 233 637 284 annno
660 232 818 286 oanurco

143 422 272 506 bereut,
296 443 360 509 quo
383 446 450 489 non
473 423 571 490 modo
594 446 661 489 non
677 425 808 507 intrari,
833 422 955 493 sedne
978 426 1121 511 perspici

121 526 277 612 squidem
298 538 422 613 posset.
445 528 509 593 His
532 527 634 594 rebus
657 551 733 593 cum
755 531 821 593 iter
843 529 989 611 agminis
1012 531 1120 593 nostri

143 631 371 716 impediretur,
394 653 461 697 non
478 631 699 698 omittendum
722 630 787 697 sibi
810 630 987 697 consilium
1003 630 1120 696 Nervii

143 736 434 801 existimaverunt.

117 870 120 875 >
228 838 277 903 18.
301 835 386 903 Loci
409 847 532 903 natura
549 849 623 904 erat
640 838 735 923 haec,
759 861 855 924 quem
878 838 988 903 locum
1011 841 1119 904 nostri

141 944 264 1007 castris
290 942 495 1026 delegerant.
520 941 624 1008 Collis
641 942 685 1008 ab
710 964 837 1008 summo
853 941 1040 1027 aequaliter
1064 942 1117 1007 de-

141 1044 239 1110 clivis
265 1045 308 1110 ad
330 1044 452 1110 flumen
469 1043 594 1128 Sabim,
623 1044 712 1130 quod
736 1067 837 1131 supra
860 1045 1118 1129 nominavimus,

119 1148 313 1232 avergebat.
336 1148 391 1214 Ab
415 1170 453 1213 eo
474 1149 608 1214 flumine
629 1151 702 1234 pari
727 1148 922 1214 acclivitate
938 1147 1035 1212 collis
1059 1171 1118 1212 na-

141 1252 299 1317 scebatur
314 1251 476 1318 adversus
492 1252 570 1316 huic
587 1262 619 1317 ct
632 1254 834 1335 contrarius,
849 1273 969 1338 passus
982 1253 1118 1316 circiter

141 1356 302 1421 ducentos
320 1357 451 1420 infimus
476 1366 622 1441 apertus,
646 1355 689 1421 ab
713 1357 883 1443 superiore
898 1365 994 1442 parte
1017 1355 1116 1420 silve·

118 1461 231 1544 astris,
254 1469 291 1524 ut
313 1482 380 1524 non
400 1459 502 1525 facile
525 1462 690 1526 introrsus
712 1461 858 1546 perspici
873 1469 997 1545 posset.
1020 1461 1116 1525 Intra

141 1586 198 1628 eas
228 1563 333 1628 silvas
362 1562 477 1628 hostes
502 1565 536 1628 in
561 1563 692 1629 occulto
717 1585 791 1628 sese
814 1563 1052 1649 continebant3
1082 1567 1117 1629 in

139 1675 256 1752 aperto
273 1666 348 1733 loco
366 1667 550 1732 secundum
565 1667 685 1732 flumen
701 1689 831 1753 paucae
845 1668 1008 1734 stationes
1025 1670 1116 1753 equi·

138 1781 209 1836 tum
231 1770 445 1837 videbantur.
472 1771 638 1836 Fluminis
656 1780 729 1836 erat
746 1771 891 1836 altitudo
907 1772 1029 1856 pedum
1052 1773 1116 1836 cir·

138 1875 222 1939 citer
244 1876 355 1939 trium.

225 1977 274 2040 19.
298 1976 426 2044 Caesar
455 1979 607 2063 equitatu
636 1981 820 2065 praemisso
848 1977 1116 2064 subsequebatur

138 2080 290 2147 omnibus
308 2082 432 2166 copiis,
457 2082 515 2146 sed
532 2083 620 2146 ratio
638 2081 784 2168 ordoque
800 2083 945 2165 agminis
962 2082 1062 2147 aliter
1079 2106 1115 2148 se

115 2183 299 2257 shabebat,
324 2207 364 2250 ac
386 2185 515 2269 Belgae
543 2185 588 2250 ad
609 2185 752 2250 Nervios
781 2183 982 2251 detulerant.
1027 2186 1115 2251 Nam

137 2288 225 2374 quod
249 2289 293 2354 ad
316 2289 428 2354 hostes
453 2289 761 2375 appropinquabat,
784 2289 1027 2354 consuetudine
1052 2311 1114 2354 sua

136 2389 265 2457 Caesar
288 2415 349 2458 sex
371 2391 521 2476 legiones
546 2392 724 2478 expeditas
756 2390 922 2475 ducebat3
950 2401 1027 2478 post
1055 2415 1113 2458 eas

113 2497 238 2562 stotius
257 2497 428 2561 exercitus
444 2496 681 2582 impedimenta
698 2495 900 2579 collocarat3
923 2495 1002 2560 iude
1026 2495 1114 2561 duae

134 2599 299 2683 legiones,
331 2622 415 2685 quae
446 2601 598 2685 proxime
627 2603 841 2687 conscriptae
864 2609 976 2683 erant,
1005 2609 1112 2664 totum

135 2723 255 2786 agmen
272 2702 478 2768 claudebant
493 2703 730 2789 praesidioque
742 2702 990 2788 impedimentis
1004 2713 1112 2769 erant.

110 2806 275 2891 rEquites
289 2809 396 2871 nostri
404 2828 478 2871 cum
491 2806 717 2872 funditoribus
727 2807 983 2893 sagittariisque
990 2806 1111 2871 flumen

133 2911 340 2993 transgressi
364 2932 440 2975 cum
463 2910 606 2975 hostium
630 2913 783 2996 equitatu
798 2910 961 2997 proelium
977 2913 1111 2975 commi-

112 3025 258 3080 sserunt.
303 3011 388 3078 Cum
418 3036 454 3078 se
483 3013 533 3078 illi
563 3013 746 3079 identidem
776 3003 810 3078 in
835 3012 939 3079 silves
964 3012 1009 3079 ad
1032 3035 1110 3078 suos

133 3120 322 3203 reciperent
345 3138 385 3181 ao
414 3138 528 3182 rursus
554 3140 596 3181 ex
625 3116 714 3183 silva
737 3119 771 3182 in
794 3125 928 3182 nostros
952 3119 1111 3204 impetum

133 3220 301 3304 facerent,
333 3241 442 3306 neque
475 3223 582 3286 nostri
617 3220 766 3305 longius,
801 3243 900 3307 quam
934 3242 1031 3307 quem
1065 3222 1110 3286 ad

133 3325 232 3389 finem
261 3333 417 3408 porrecta
447 3323 665 3410 loca-aperta
687 3324 919 3411 pertinebant,
948 3322 1110 3390 cedentes

132 3428 263 3514 insequi
279 3426 453 3511 auderent,
474 3427 608 3494 interim
623 3426 773 3513 legiones
789 3449 860 3512 sex,
880 3448 967 3514 quae
981 3428 1111 3515 primae
1145 3432 1151 3449 ¹

131 3539 335 3598 venerunt·¹
491 3550 602 3599 ususo
623 3539 740 3599 castra
761 3532 893 3598 munire
915 3538 1110 3617 coeperunt.
