2376 3924
141 225 182 290 58
423 225 473 275 DE
490 224 612 276 BELLO
632 224 790 275 GALLIOO

141 418 326 483 altissimas
349 418 452 504 ripas,
477 418 590 484 subire
612 417 860 506 iniquissimum
883 416 1009 499 locum3
1033 439 1120 503 quae

140 520 256 587 facilia
280 545 323 586 ex
345 521 553 589 difficillimis
578 523 681 586 animi
703 519 902 605 magnitudo
926 520 1117 604 redegerat.

227 622 279 689 28.
302 625 377 692 Hoc
390 625 518 712 proelio
530 625 621 690 facto
635 635 669 691 et
681 647 784 711 prope
796 625 841 689 ad
853 626 1118 690 internecionem

141 739 243 814 gente
265 752 306 795 ao
328 731 463 795 nomine
478 729 677 795 Nerviorum
698 728 840 793 redacto
863 729 1008 793 maiores
1024 739 1118 811 natu,

142 854 224 919 quos
245 855 312 898 una
330 855 404 898 cum
422 833 536 918 pueris
554 831 818 919 mulieribusque
831 833 865 896 in
887 833 1061 897 aestuaria
1075 855 1115 897 ac

140 935 281 1022 paludes
305 937 476 1001 coniectos
494 935 699 1018 dixeramus,
722 935 786 1000 hac
810 957 924 1021 pugna
948 935 1117 1019 nuntiata,

142 1062 217 1104 cum
239 1038 424 1104 victoribus
447 1030 531 1104 nihil
554 1038 760 1125 impeditum,
783 1040 883 1104 victis
899 1038 984 1103 nibil
1007 1048 1118 1105 tutum

121 1143 1118 1229 ²arbitrarentur,omniurn,quisupererant,consensulega-

142 1257 195 1311 tos
212 1246 256 1311 ad
273 1244 455 1312 Caesarem
470 1248 634 1312 miserunt
654 1268 755 1333 seque
774 1247 805 1310 ei
819 1246 1021 1312 dediderunt
1034 1258 1066 1312 et
1083 1249 1118 1311 in

142 1350 436 1416 commemoranda
452 1352 606 1416 civitatis
621 1350 819 1416 calamitate
832 1373 875 1414 ex
888 1351 1058 1415 sexcentis
1072 1351 1118 1414 ad

142 1463 212 1518 tres
229 1464 412 1536 senatores,
436 1477 480 1519 ex
496 1453 665 1519 hominum
681 1452 817 1518 milibus
830 1471 876 1516 Lx
887 1454 947 1518 vix
963 1453 1008 1519 ad
1024 1456 1119 1540 quin·

120 1566 273 1643 agentes,
297 1559 354 1642 qui
371 1580 463 1623 arma
480 1558 567 1622 ferre
589 1567 737 1642 possent,
763 1578 838 1621 sese
861 1556 1019 1623 redactos
1044 1581 1119 1623 esse

144 1663 312 1727 dixerunt.
347 1661 440 1743 Quos
457 1660 596 1744 ansar,
619 1671 656 1725 ut
680 1663 714 1726 in
733 1663 874 1726 miseros
891 1683 931 1726 ac
948 1660 1118 1746 supplices

141 1790 221 1833 usus
229 1765 462 1831 misericordia
469 1765 651 1847 videretur,
666 1764 925 1848 diligentissime
939 1786 1117 1830 conserva-

141 1872 191 1934 vit
208 1872 343 1956 suisque
357 1870 480 1934 finibus
504 1880 606 1956 atque
629 1868 760 1954 oppidis
782 1870 831 1934 uti
854 1869 964 1952 iussit,
989 1877 1022 1934 et
1045 1869 1119 1934 fini·

142 1976 233 2039 timis
249 1975 439 2060 imperavit,
462 1982 498 2038 ut
523 1972 566 2038 ab
590 1973 715 2037 iniuria
735 1981 767 2037 et
790 1972 955 2037 maleficio
974 1995 1009 2037 se
1026 1993 1119 2038 suos·

144 2100 206 2164 que
230 2075 455 2164 prohiberent.

229 2180 280 2245 29.
303 2179 484 2263 Aduatuci,
503 2178 681 2266 dequibus
700 2202 802 2265 supra
819 2181 1027 2266 scripsimus,
1044 2202 1120 2245 cum

145 2284 297 2351 omnibus
321 2287 426 2371 copiis
444 2284 571 2350 auxilio
587 2283 721 2348 Nerviis
737 2283 902 2365 venirent,
925 2281 988 2347 bac
1005 2303 1119 2368 pugna

122 2392 300 2456 enuntiata
313 2413 356 2455 ex
368 2390 488 2454 itinere
501 2387 634 2453 domum
646 2396 871 2469 reverterunt3
884 2387 1015 2451 cunctis
1029 2388 1119 2473 oppi-

145 2496 196 2560 dis
220 2493 436 2579 castellisque
458 2492 600 2557 desertis
625 2513 686 2556 sua
709 2493 821 2556 omnia
844 2493 879 2556 in
901 2513 1005 2556 unum
1029 2494 1119 2579 oppi-

121 2623 133 2661 a
145 2600 222 2664 dum
233 2599 368 2682 egregie
380 2606 505 2661 natura
517 2597 680 2661 munitum
693 2595 917 2661 contulerunt.
932 2593 1030 2675 Quod
1043 2616 1120 2661 cum

144 2727 187 2767 ex
204 2701 356 2766 omnibus
368 2702 403 2764 in
420 2701 565 2765 circuitu
580 2699 734 2785 partibus
752 2700 936 2765 altissimas
949 2720 1049 2783 rupes
1064 2698 1120 2763 de-

144 2808 316 2891 iectusque
345 2803 499 2886 haberet,
535 2826 602 2868 una
633 2812 795 2888 exparte
824 2802 947 2868 leniter
973 2802 1118 2867 acclivis

143 2909 256 2974 aditus
265 2909 299 2973 in
307 2908 522 2974 latitudinem
534 2928 600 2972 non
609 2906 753 2992 amplius
767 2906 987 2972 ducentorum
997 2904 1120 2992 pedum

143 3012 413 3099 relinquebatur3
437 3033 534 3098 quem
557 3011 667 3076 locum
690 3009 816 3097 duplici
840 3011 1009 3076 altissimo
1025 3031 1118 3074 muro

143 3118 348 3199 munierant3
372 3125 442 3180 tum
459 3116 574 3198 magni
589 3114 748 3200 ponderis
766 3137 851 3180 saxa
867 3123 900 3179 et
915 3122 1119 3199 praeacutas

122 3223 258 3289 strebes
283 3224 317 3286 in
340 3243 432 3286 muro
457 3218 682 3284 collocabant.
706 3221 775 3304 Ipsi
792 3227 890 3285 erant
914 3239 957 3283 ex
973 3215 1119 3282 (limbris

143 3326 371 3410 Teutonisque
386 3324 556 3409 prognati,
580 3323 647 3408 qui,
670 3343 747 3387 curn
763 3324 829 3388 iter
851 3323 885 3385 in
909 3322 1120 3406 provinciam

144 3441 294 3497 nostram
316 3438 419 3516 atque
439 3425 577 3495 Italiam
598 3425 765 3509 facerent,
792 3425 836 3490 iis
859 3423 1120 3509 impedimentis,

144 3555 231 3621 quas
260 3546 328 3601 sect
608 3536 726 3595 Ι’111110
747 3548 816 3595 non
836 3535 1008 3613 poterant,
1030 3528 1120 3593 citra
