2376 3924
357 690 393 756 C.
426 692 539 758 IULlI
575 691 793 758 CAESARIS
860 692 862 696 ’

156 851 258 946 on
312 846 574 945 Basso
629 793 995 949 onssrco

396 1063 536 1117 LIBER
573 1062 763 1120 SEXTUS.

433 1449 724 1505 ARGUMENTUE.

92 1589 132 1657 [A.
152 1589 185 1640 U.
205 1589 234 1639 C.
254 1589 322 1657 lot]
360 1590 489 1639 Maiorem
516 1587 623 1638 Galliae
651 1593 753 1639 motum
781 1595 940 1655 exspectans
967 1591 1069 1643 Caesar

126 1679 218 1742 copias
237 1681 320 1742 auget
338 1693 363 1726 c.
384 1677 406 1729 1.
425 1677 539 1726 Nervios
559 1691 591 1726 ex
610 1676 758 1741 improviso
782 1693 926 1743 aggressus
952 1679 1069 1744 subigit3

127 1762 279 1814 Senonibus
293 1768 374 1828 atque
386 1761 548 1812 Carnutibus
562 1761 666 1812 bellum
680 1761 889 1827 deprecantibus
902 1763 1010 1814 obsides
1021 1765 1069 1813 im-

126 1855 216 1914 perat3
235 1848 376 1914 Menapios
395 1849 468 1913 agris
487 1852 601 1898 vastatis
620 1849 647 1897 in
668 1848 832 1899 deditionem
846 1850 945 1915 accipit
958 1866 980 1899 c.
994 1851 1070 1900 2-6.

128 1937 239 1987 Treveri
258 1951 274 1985 a
292 1935 414 1985 Labieno
434 1934 566 1986 debellati
583 1919 648 1986 sunt
667 1952 689 1986 c.
710 1937 784 1986 7-8.
805 1935 858 1997 Qui
877 1952 939 1986 cum
958 1935 1070 1987 Germa·

127 2038 222 2072 norum
241 2022 351 2072 auxiliis
370 2022 456 2071 adiuti
475 2027 575 2086 essent,
605 2022 707 2073 Caesar
726 2024 823 2072 iterum
841 2023 966 2073 Rhenum
985 2029 1071 2074 trans·

127 2109 248 2175 greditur
267 2126 288 2160 c.
309 2111 333 2159 9.
353 2107 437 2158 Suebi
462 2109 571 2173 penitus
591 2108 626 2159 ad
645 2114 777 2159 extremos
801 2109 869 2160 fines
888 2125 917 2158 se
935 2111 1072 2175 recipiunt

128 2212 150 2248 c.
171 2196 211 2247 10.
242 2195 303 2244 Hac
328 2194 391 2244 data
417 2195 562 2244 occasione
586 2192 727 2244 Gallorum
751 2198 778 2244 et
803 2194 997 2244 Germanorum
1016 2211 1071 2246 mo·

128 2284 202 2333 ribus
222 2281 409 2332 describendis
432 2279 533 2331 Caesar
551 2285 726 2346 utrorumque
746 2266 975 2347 comparationem
994 2282 1071 2332 insti-

128 2370 179 2419 tuit
198 2384 220 2418 c.
241 2368 351 2416 11-24.
378 2365 485 2417 Deinde
504 2366 670 2432 Hercyniam
690 2366 787 2417 silvam
807 2372 834 2417 et
850 2367 977 2430 ferarum,
1002 2384 1073 2434 quae

129 2455 168 2505 ibi
186 2455 359 2520 proveniant,
383 2453 489 2519 aliquot
513 2469 614 2520 genera
638 2454 769 2504 describit
787 2470 809 2504 o.
829 2453 939 2505 26-28.
976 2454 1074 2506 Suebis

128 2542 228 2592 frustra
247 2543 384 2607 temptatis
404 2542 509 2592 cumin
530 2539 649 2591 Galliam
668 2557 805 2607 regressus
825 2546 904 2605 esset,
924 2542 1072 2592 exercitum

128 2630 157 2677 in
175 2629 319 2678 Eburones
338 2627 414 2678 ducit
432 2644 455 2678 o.
475 2627 587 2690 29-33,
609 2642 755 2692 omnesque
769 2626 864 2679 Gallos
882 2627 915 2678 ad
933 2625 996 2676 illos
1009 2627 1073 2678 diri-

128 2715 242 2780 piendos
268 2719 365 2765 evocat
383 2730 406 2764 c.
425 2714 467 2764 ³4.
504 2714 617 2764 Interim
646 2713 791 2780 Sugambri
818 2713 957 2765 Ciceronis
984 2719 1075 2763 castra

130 2802 301 2866 adoriuntur;
320 2802 469 2866 irrumpere
489 2801 579 2852 conati
598 2799 768 2866 repelluntur
787 2800 903 2866 quidem,
924 2804 952 2850 at
969 2804 1074 2864 partem

130 2886 313 2936 Romanorum
337 2885 522 2936 frumentandi
547 2901 630 2936 eausa
654 2901 687 2936 ex
711 2887 807 2936 castris
835 2901 1005 2952 egressorum
1029 2886 1070 2935 in-

130 2972 272 3031 terimunt;
291 2970 389 3021 deinde
409 2970 552 3036 desperata
572 2977 719 3021 castrorum
747 2971 947 3038 expugnatione
966 2970 1075 3023 domum

132 3061 305 3109 revertuntur
323 3073 346 3107 c.
365 3057 476 3108 35-42.
497 3056 598 3107 Caesar
616 3057 774 3107 Eburonum
794 3058 867 3124 agris
878 3056 993 3108 vastatis
1012 3073 1075 3107 con·

131 3145 248 3210 cilioque
274 3147 385 3209 peracto
405 3144 433 3192 in
452 3143 560 3194 Italiam
580 3142 614 3193 ad
634 3147 784 3194 conventus
809 3142 931 3210 agendos
955 3142 1076 3211 proficis·

132 3232 203 3282 citur
220 3247 242 3281 c.
260 3231 303 3293 48,
321 3230 363 3280 44.

202 3386 232 3450 1.
254 3385 371 3452 Multis
395 3384 572 3452 decausis
597 3383 725 3452 Caesar
754 3387 915 3452 maiorem
939 3383 1076 3453 Galliae

98 3501 225 3557 motum
259 3499 460 3578 exspectans
488 3512 548 3576 per
576 3490 726 3555 Marcum
756 3487 918 3571 Silanum,
953 3486 1078 3556 Gaium

589 3800 601 3813 ι
681 3788 715 3814 h
