2376 3924
147 239 211 301 252
448 239 498 287 nn
517 237 639 288 sunno
659 237 818 288 1111111

146 430 251 511 missi,
268 450 354 514 quae
366 438 572 513 gererentur,
588 429 849 513 renuntiassent,
862 426 1025 492 Caninius
1038 428 1125 493 cele·

147 534 230 598 riter
252 553 327 596 oum
350 531 545 598 cohortibus
561 534 703 596 armatis
727 554 770 597 ex
792 532 955 617 proximis
971 530 1124 598 castellis

126 638 182 700 5in
205 636 442 702 frumentarios
460 634 522 701 sub
538 637 648 723 ipsam
664 635 774 701 lucem
790 637 949 722 impetum
965 635 1055 700 fecit.
1078 636 1126 701 Hi

146 742 322 826 repentino
351 739 440 804 malo
469 741 640 825 perterriti
671 739 850 824 diffugiunt
874 737 1003 804 1111111
1027 761 1126 825 prae·

148 842 252 927 111111,
297 865 384 929 quae
406 844 515 908 nostri
537 852 574 907 ut
598 842 767 925 viderunt,
790 844 903 908 acrius
926 851 1047 909 1111111
1070 866 1124 909 ar-

147 957 254 1011 matos
277 945 412 1011 incitati
434 946 601 1010 neminem
625 967 667 1008 ex
691 967 729 1009 eo
752 967 889 1010 numero
913 947 1026 1010 vivum
1048 948 1126 1033 capi

146 1051 331 1136 patiuntur.
355 1049 509 1133 Profugit
531 1048 611 1114 inde
634 1071 709 1114 cum
732 1050 849 1135 paucis
865 1049 1047 1117 Lucterius
1062 1074 1125 1118 nec

147 1177 183 1219 se
206 1154 326 1238 recipit
349 1155 384 1217 in
407 1162 532 1218 castra.

233 1257 284 1323 36.
308 1258 357 1323 Re
379 1257 466 1323 bene
490 1267 589 1341 gesta
613 1255 777 1322 Caninius
802 1279 845 1322 11
867 1257 1014 1342 captivis
1037 1278 1125 1322 com·

145 1363 232 1447 perit
248 1372 379 1447 partem
394 1362 566 1446 copiarum
582 1381 658 1426 cum
672 1360 844 1446 Drappete
861 1382 936 1425 esse
951 1361 986 1424 in
1002 1362 1125 1426 castris

148 1487 168 1529 a
190 1464 327 1531 milibus
350 1486 418 1530 non
441 1464 585 1550 amplius
609 1482 670 1530 xn.
694 1463 771 1546 Qua
786 1487 822 1529 re
839 1487 882 1529 11
897 1463 1125 1551 compluribus

147 1569 297 1652 cognita,
321 1590 395 1634 oum
420 1567 634 1651 intellegeret
658 1568 776 1650 fugato
802 1567 886 1632 duce
909 1566 1016 1632 111111
1041 1563 1125 1653 [per-

146 1665 296 1756 territos]
315 1670 463 1757 reliquos
486 1670 588 1735 facile
605 1672 745 1757 opprimi
760 1692 870 1756 posse,
893 1669 1125 1754 magnaeieli·

147 1775 263 1839 citatis
287 1796 362 1840 esse
385 1773 619 1840 arbitrabatur
648 1775 814 1839 neminem
838 1796 881 1838 11
904 1771 1009 1838 caede
1038 1773 1126 1838 refu·

148 1880 239 1962 gisse
262 1882 297 1943 in
321 1889 447 1961 castra,
470 1878 526 1963 qui
544 1878 585 1942 de
601 1887 743 1963 accepta
759 1876 957 1942 calamitate
971 1878 1126 1942 nuntium

127 1982 313 2069 sDrappeti
341 1982 515 2068 perferret.
562 1981 629 2048 Sed
653 1984 687 2047 in
711 1979 917 2068 experiundo
940 2003 1018 2048 oum
1039 1983 1126 2066 peri·

147 2085 259 2151 culum
273 2085 402 2151 nullum
413 2086 557 2170 videret,
574 2087 760 2172 equitatum
776 2107 907 2152 omnem
922 2085 1126 2150 Germanos·

148 2211 210 2275 que
233 2189 374 2276 pedites,
399 2212 548 2255 summae
563 2189 756 2255 velocitatis
773 2189 934 2272 homines,
951 2187 996 2254 ad
1011 2197 1126 2253 castra

147 2293 293 2359 hostium
305 2294 511 2380 praemittit3
535 2295 607 2380 ipse
623 2291 790 2377 legionem
801 2315 903 2358 unam
916 2293 951 2357 in
963 2293 1054 2358 trina
1071 2313 1125 2356 11·

126 2406 219 2462 astra
233 2396 417 2479 distribuit,
434 2394 576 2461 alteram
590 2418 702 2461 secum
715 2395 910 2482 expeditam
922 2393 1025 2460 ducit.
1041 2392 1127 2459 Cum

147 2502 283 2585 propius
306 2501 421 2568 hostes
438 2503 651 2584 accessisset,
675 2500 719 2567 ab
736 2498 1019 2587 exploratoribus,
1043 2520 1125 2584 quos

146 2605 378 2689 praemiserat,
395 2607 571 2688 cognoscit
583 2614 697 2671 castra
714 2627 837 2687 eorum,
851 2615 888 2670 ut
903 2602 1127 2669 barbarorum

147 2707 216 2771 fere
239 2708 447 2774 consuetudo
472 2718 533 2792 est,
566 2709 697 2775 relictis
720 2708 805 2775 locis
830 2705 1058 2794 superioribus
1082 2704 1127 2771 ad

145 2812 238 2895 ripas
253 2833 327 2876 esse
342 2811 486 2879 fluminis
505 2812 667 2897 demissa3
683 2823 720 2880 at
732 2810 920 2878 Germanos
933 2812 1126 2896 equitesque

146 2914 413 2999 imprudentibus
427 2916 579 2983 omnibus
594 2917 634 2981 de
645 2918 826 3003 improviso
840 2913 1020 2981 advolasse
1031 2934 1126 2999 proe-

124 3015 293 3102 tliumque
308 3018 527 3084 commisisse.
551 3019 626 3101 Qua
639 3043 675 3085 re
687 3022 824 3104 cognita
838 3019 1005 3104 legionem
1017 3038 1126 3082 arma·

146 3129 216 3186 tam
232 3122 498 3207 instructamque
514 3123 665 3189 adducit.
688 3125 742 3190 Ita
758 3131 896 3209 repente
912 3120 1066 3189 omnibus
1083 3142 1127 3185 ex

146 3223 298 3310 partibus
323 3225 420 3308 signo
438 3225 517 3291 dato
534 3227 609 3292 loca
625 3228 799 3314 superiora
815 3228 1004 3312 capiuntur.
1028 3223 1127 3306 Quod

147 3326 205 3393 ubi
222 3327 357 3411 accidit,
374 3325 535 3393 Germani
552 3331 746 3416 equitesque
763 3330 869 3413 signis
886 3328 1030 3413 legionis
1042 3329 1127 3393 visis

127 3431 440 3496 evehementissime
455 3432 675 3517 proeliantur.
698 3432 884 3499 Confestim
896 3430 1050 3497 cohortes
1066 3453 1126 3495 un·

149 3534 248 3620 dique
273 3537 433 3620 impetum
455 3535 585 3602 faciunt
610 3536 831 3623 omnibusque
855 3544 914 3601 aut
937 3533 1127 3600 interfectis
