2376 3924
165 246 228 312 220
455 248 505 298 nu
523 246 644 298 annno
666 247 826 299 olomeo

164 436 254 504 bitus
268 439 494 524 auctoritatis,
505 433 621 524 ‘nihil',
637 440 757 525 inquit,
776 439 826 504 ‘de
843 460 955 505 eorum
969 441 1142 508 sententia

167 541 318 609 dicturus
333 565 415 626 sum,
428 545 485 629 qui
501 544 730 630 turpissimam
744 543 939 608 servitutem
955 543 1140 611 deditionis

163 649 298 712 nomine
321 646 503 733 appellant,
527 669 634 733 neque
658 644 718 711 hos
734 644 907 712 habendos
924 648 1050 713 civium
1065 648 1140 715 loco

142 766 272 838 teneque
294 752 339 819 ad
362 751 540 818 consilium
571 750 781 817 adhibendos
804 771 937 816 consec.
976 749 1060 819 Cum
1088 753 1140 818 his

163 856 243 921 mihi
267 879 321 922 res
344 856 399 940 sit,
423 857 478 942 qui
510 857 717 942 eruptionem
746 854 907 941 probant3
942 877 1083 941 quorum
1106 858 1140 922 in

163 958 305 1024 consilio
320 959 464 1022 omnium
477 968 626 1023 vestrum
638 979 805 1023 consensu
816 959 983 1044 pristinae
991 959 1141 1026 residere

142 1063 303 1128 ⁵virtutis
327 1063 488 1126 memoria
511 1062 656 1127 videtur.
680 1060 794 1127 Animi
817 1069 868 1126 est
892 1063 960 1127 ista
983 1062 1140 1149 mollitia,

165 1188 232 1231 non
255 1167 374 1250 virtus,
397 1166 569 1253 paulisper
592 1168 738 1254 inopiam
761 1167 849 1231 ferre
863 1187 931 1231 non
947 1188 1056 1252 posse.
1073 1166 1140 1249 Qui

166 1270 313 1337 scultro
336 1273 435 1337 morti
459 1271 610 1354 offerant,
633 1270 768 1335 facilius
792 1272 1014 1355 reperiuntur,
1039 1292 1140 1357 quam

142 1377 221 1461 equi
246 1374 395 1441 dolorem
417 1377 586 1461 patienter
601 1376 723 1440 ferant.
747 1373 858 1460 Atque
880 1395 942 1458 ego
958 1372 1047 1439 hanc
1065 1398 1140 1441 sen-

163 1480 305 1545 tentiam
316 1479 494 1567 probarem
508 1480 653 1562 (tantum
669 1479 759 1564 apud
775 1501 827 1543 me
840 1477 990 1562 dignitas
1002 1479 1140 1565 potest),

165 1585 192 1648 si
215 1582 344 1649 nullam
366 1592 602 1670 praeterquam
617 1584 710 1648 vitae
730 1591 868 1648 nostrae
883 1582 1051 1647 iacturam
1066 1583 1140 1649 fieri

144 1685 329 1770 sviderem3
354 1685 414 1751 sed
437 1687 471 1750 in
494 1684 636 1750 consilio
659 1683 825 1769 capiendo
843 1706 973 1749 omnem
989 1683 1140 1751 Galliam

162 1791 393 1877 respiciamus,
417 1810 516 1875 quam
540 1789 584 1853 ad
606 1798 757 1854 nostrum
775 1789 937 1855 auxilium
953 1790 1140 1856 concitavi·

141 1910 245 1961 8mus.
270 1893 360 1974 Quid
382 1892 552 1958 hominum
574 1892 709 1958 milibus
733 1911 830 1957 nxxx
853 1915 918 1959 uno
939 1893 1015 1959 loco
1035 1893 1139 1958 inter·

161 2000 260 2066 fectis
270 1998 465 2083 propinquis
478 1999 805 2083 consanguineisque
816 1999 942 2063 nostris
955 1997 1140 2063 animifore

164 2101 379 2185 existimatis,
404 2102 433 2164 si
456 2122 563 2185 paene
586 2100 621 2164 in
643 2101 726 2185 ipsis
755 2099 980 2166 cadaveribus
1008 2099 1138 2187 proelio

141 2206 337 2272 adecertare
360 2204 546 2288 cogentur?
568 2204 681 2271 Nolite
703 2203 763 2269 hos
787 2215 900 2270 vestro
929 2204 1058 2270 auxilio
1081 2226 1140 2270 ex·

164 2311 319 2399 spoliare,
343 2310 399 2395 qui
423 2317 557 2375 vestrae
582 2308 701 2374 salutis
719 2331 823 2375 causa
839 2329 935 2373 suum
950 2309 1139 2393 periculum

162 2415 396 2500 neglexerunt,
420 2435 481 2479 nec
506 2412 652 2478 stultitia
676 2434 716 2476 ac
741 2413 932 2477 temeritate
946 2420 1063 2479 vestra
1079 2422 1139 2478 aut

164 2520 267 2584 animi
291 2517 526 2584 imbecillitate
549 2538 678 2581 omnem
702 2513 852 2581 Galliam
866 2525 1080 2602 prosternere
1104 2526 1139 2582 et

129 2634 344 2710 roperpetuae
368 2622 522 2687 servituti
541 2620 702 2686 subicere.
719 2618 783 2703 An,
800 2619 888 2706 quod
905 2620 949 2685 ad
967 2620 1055 2686 diem
1070 2641 1140 2685 non

162 2735 336 2810 venerunt,
361 2726 537 2791 decorum
566 2723 632 2789 fide
661 2724 920 2810 constantiaque
949 2722 1140 2789 dubitatis?

163 2829 253 2911 Quid
276 2829 380 2913 ergo?
401 2829 569 2894 Romanos
593 2831 628 2893 in
651 2827 719 2893 illis
742 2827 958 2894 ulterioribus
981 2826 1139 2892 munitio-

129 2962 150 3000 11
162 2932 261 2998 nibus
285 2933 431 2998 animine
454 2953 560 2997 causa
583 2930 709 2996 cotidie
737 2932 888 2997 exerceri
910 2928 1063 3017 putatis?
1101 2929 1140 2996 Si

165 3037 298 3103 illorum
321 3037 449 3101 nuntiis
472 3035 664 3101 confirmari
688 3057 754 3100 non
777 3037 920 3123 potestis
936 3034 1026 3100 omni
1042 3033 1141 3099 aditu

161 3138 433 3228 praesaepto,his
445 3139 578 3204 utimini
590 3137 734 3203 testibus
744 3140 1011 3225 appropinquare
1024 3157 1140 3204 eorum

162 3245 361 3326 adventum3
384 3243 480 3306 cuius
503 3241 553 3306 rei
576 3242 696 3307 timore
715 3243 869 3307 exterriti
887 3241 974 3307 diem
989 3250 1140 3308 noctem·

130 3376 154 3416 n
164 3371 228 3436 que
250 3349 284 3412 in
301 3369 400 3434 opere
414 3353 605 3411 versantur.
629 3343 720 3425 Quid
736 3365 816 3428 ergo
832 3345 897 3409 mci
913 3342 1047 3410 consilii
1064 3346 1141 3411 est?

161 3453 303 3536 Facere,
327 3449 416 3538 quod
437 3450 546 3516 nostri
569 3449 714 3514 maiores
730 3469 942 3534 nequaquam
957 3449 1032 3534 pari
1047 3447 1140 3516 bello

162 3556 371 3624 Cimbrorum
395 3555 647 3642 Teutonumque
669 3553 839 3637 fecerunt3
877 3555 933 3640 qui
956 3555 991 3618 in
1014 3552 1141 3639 oppida
1164 3616 1167 3621 .
