<?xml version="1.0" encoding="UTF-8"?>
<!DOCTYPE html PUBLIC "-//W3C//DTD XHTML 1.0 Transitional//EN"
    "http://www.w3.org/TR/xhtml1/DTD/xhtml1-transitional.dtd">
<html xmlns="http://www.w3.org/1999/xhtml" xml:lang="en" lang="en">
 <head>
  <title>
</title>
<meta http-equiv="Content-Type" content="text/html;charset=utf-8" />
  <meta name='ocr-system' content='tesseract 3.04.00' />
  <meta name='ocr-capabilities' content='ocr_page ocr_carea ocr_par ocr_line ocrx_word'/>
</head>
<body>
  <div class='ocr_page' id='page_1' title='image "./ciuliicaesarisc00hoffgoog/ciuliicaesarisc00hoffgoog_0608.png"; bbox 0 0 2376 3924; ppageno 0'>
   <div class='ocr_carea' id='block_1_1' title="bbox 488 246 1077 321">
    <p class='ocr_par' dir='ltr' id='par_1_1' title="bbox 488 246 1077 321">
     <span class='ocr_line' id='line_1_1' title="bbox 488 246 1077 321; baseline -0.01 -20"><span class='ocrx_word' id='word_1_1' title='bbox 488 251 565 301; x_wconf 76' lang='lat' dir='ltr'>oar.</span> <span class='ocrx_word' id='word_1_2' title='bbox 584 246 695 321; x_wconf 57' lang='lat'>44747.</span> <span class='ocrx_word' id='word_1_3' title='bbox 1014 249 1077 313; x_wconf 78' lang='lat'>203</span> 
     </span>
    </p>
   </div>
   <div class='ocr_carea' id='block_1_2' title="bbox 94 436 1149 3632">
    <p class='ocr_par' dir='ltr' id='par_1_2' title="bbox 100 436 1149 714">
     <span class='ocr_line' id='line_1_2' title="bbox 100 436 1076 525; baseline 0.002 -26"><span class='ocrx_word' id='word_1_4' title='bbox 100 455 143 495; x_wconf 83' lang='lat' dir='ltr'>ex</span> <span class='ocrx_word' id='word_1_5' title='bbox 177 444 272 519; x_wconf 92' lang='lat' dir='ltr'>portu</span> <span class='ocrx_word' id='word_1_6' title='bbox 305 441 533 525; x_wconf 81' lang='lat' dir='ltr'>procedebant.</span> <span class='ocrx_word' id='word_1_7' title='bbox 579 437 753 502; x_wconf 90' lang='lat' dir='ltr'>Instruitur</span> <span class='ocrx_word' id='word_1_8' title='bbox 786 436 947 520; x_wconf 81' lang='lat' dir='ltr'><strong>utrimque</strong></span> <span class='ocrx_word' id='word_1_9' title='bbox 981 439 1076 521; x_wconf 72' lang='lat' dir='ltr'>acieS,</span> 
     </span>
     <span class='ocr_line' id='line_1_3' title="bbox 100 537 1149 632; baseline 0.004 -33"><span class='ocrx_word' id='word_1_10' title='bbox 100 537 212 603; x_wconf 83' lang='lat' dir='ltr'>ordine</span> <span class='ocrx_word' id='word_1_11' title='bbox 235 541 389 629; x_wconf 88' lang='lat' dir='ltr'>disposita</span> <span class='ocrx_word' id='word_1_12' title='bbox 415 548 519 632; x_wconf 84' lang='lat' dir='ltr'>magis</span> <span class='ocrx_word' id='word_1_13' title='bbox 543 543 739 622; x_wconf 80' lang='lat' dir='ltr'>Octaviano,</span> <span class='ocrx_word' id='word_1_14' title='bbox 771 540 913 625; x_wconf 81' lang='lat' dir='ltr'>paratior</span> <span class='ocrx_word' id='word_1_15' title='bbox 942 539 1077 604; x_wconf 91' lang='lat' dir='ltr'>militum</span> <span class='ocrx_word' id='word_1_16' title='bbox 1148 573 1149 576; x_wconf 36' lang='lat'>¹</span> 
     </span>
     <span class='ocr_line' id='line_1_4' title="bbox 100 643 421 714; baseline 0.037 -11"><span class='ocrx_word' id='word_1_17' title='bbox 100 643 213 706; x_wconf 89' lang='lat' dir='ltr'>animis</span> <span class='ocrx_word' id='word_1_18' title='bbox 236 645 421 714; x_wconf 79' lang='lat' dir='ltr'>Vatiniana.</span> 
     </span>
    </p>

    <p class='ocr_par' dir='ltr' id='par_1_3' title="bbox 94 747 1126 3422">
     <span class='ocr_line' id='line_1_5' title="bbox 184 747 1077 837; baseline -0.007 -24"><span class='ocrx_word' id='word_1_19' title='bbox 184 749 235 813; x_wconf 77' lang='lat'>46.</span> <span class='ocrx_word' id='word_1_20' title='bbox 274 751 438 837; x_wconf 79' lang='lat' dir='ltr'>Vatinius,</span> <span class='ocrx_word' id='word_1_21' title='bbox 473 775 547 819; x_wconf 85' lang='lat' dir='ltr'>cum</span> <span class='ocrx_word' id='word_1_22' title='bbox 580 752 723 815; x_wconf 90' lang='lat' dir='ltr'>animum</span> <span class='ocrx_word' id='word_1_23' title='bbox 753 747 940 811; x_wconf 87' lang='lat' dir='ltr'>adverteret</span> <span class='ocrx_word' id='word_1_24' title='bbox 972 766 1077 830; x_wconf 88' lang='lat' dir='ltr'>neque</span> 
     </span>
     <span class='ocr_line' id='line_1_6' title="bbox 100 853 1076 943; baseline -0.002 -29"><span class='ocrx_word' id='word_1_25' title='bbox 100 853 232 917; x_wconf 85' lang='lat' dir='ltr'>navium</span> <span class='ocrx_word' id='word_1_26' title='bbox 255 877 289 918; x_wconf 91' lang='lat' dir='ltr'>se</span> <span class='ocrx_word' id='word_1_27' title='bbox 316 857 538 943; x_wconf 82' lang='lat' dir='ltr'>magnitudine</span> <span class='ocrx_word' id='word_1_28' title='bbox 571 877 676 940; x_wconf 94' lang='lat' dir='ltr'>neque</span> <span class='ocrx_word' id='word_1_29' title='bbox 704 858 838 916; x_wconf 84' lang='lat' dir='ltr'>numer&#39;o</span> <span class='ocrx_word' id='word_1_30' title='bbox 862 872 974 936; x_wconf 89' lang='lat' dir='ltr'>parem</span> <span class='ocrx_word' id='word_1_31' title='bbox 997 871 1076 931; x_wconf 89' lang='lat' dir='ltr'>esse,</span> 
     </span>
     <span class='ocr_line' id='line_1_7' title="bbox 99 952 1076 1025; baseline -0.002 -7"><span class='ocrx_word' id='word_1_32' title='bbox 99 955 250 1021; x_wconf 83' lang='lat' dir='ltr'>fortuitae</span> <span class='ocrx_word' id='word_1_33' title='bbox 280 962 386 1022; x_wconf 80' lang='lat' dir='ltr'>tamea</span> <span class='ocrx_word' id='word_1_34' title='bbox 416 962 612 1025; x_wconf 86' lang='lat' dir='ltr'>dimicationi</span> <span class='ocrx_word' id='word_1_35' title='bbox 642 980 712 1023; x_wconf 93' lang='lat' dir='ltr'>rem</span> <span class='ocrx_word' id='word_1_36' title='bbox 734 957 933 1021; x_wconf 87' lang='lat' dir='ltr'>committere</span> <span class='ocrx_word' id='word_1_37' title='bbox 955 952 1076 1017; x_wconf 90' lang='lat' dir='ltr'>maluit.</span> 
     </span>
     <span class='ocr_line' id='line_1_8' title="bbox 99 1058 1077 1150; baseline -0.003 -28"><span class='ocrx_word' id='word_1_38' title='bbox 99 1061 214 1145; x_wconf 90' lang='lat' dir='ltr'>Itaque</span> <span class='ocrx_word' id='word_1_39' title='bbox 230 1065 351 1148; x_wconf 88' lang='lat' dir='ltr'>primus</span> <span class='ocrx_word' id='word_1_40' title='bbox 367 1087 426 1129; x_wconf 88' lang='lat' dir='ltr'>sua</span> <span class='ocrx_word' id='word_1_41' title='bbox 438 1064 661 1150; x_wconf 83' lang='lat' dir='ltr'>quinqueremi</span> <span class='ocrx_word' id='word_1_42' title='bbox 676 1063 710 1124; x_wconf 92' lang='lat' dir='ltr'>in</span> <span class='ocrx_word' id='word_1_43' title='bbox 726 1058 964 1145; x_wconf 83' lang='lat' dir='ltr'>quadriremem</span> <span class='ocrx_word' id='word_1_44' title='bbox 979 1059 1077 1141; x_wconf 89' lang='lat' dir='ltr'>ipsius</span> 
     </span>
     <span class='ocr_line' id='line_1_9' title="bbox 100 1164 1099 1252; baseline 0 -24"><span class='ocrx_word' id='word_1_45' title='bbox 100 1165 217 1228; x_wconf 88' lang='lat' dir='ltr'>Octavi</span> <span class='ocrx_word' id='word_1_46' title='bbox 233 1168 389 1252; x_wconf 88' lang='lat' dir='ltr'>impetum</span> <span class='ocrx_word' id='word_1_47' title='bbox 404 1169 488 1232; x_wconf 90' lang='lat' dir='ltr'>fecit.</span> <span class='ocrx_word' id='word_1_48' title='bbox 524 1165 698 1230; x_wconf 82' lang='lat' dir='ltr'>Celerrime</span> <span class='ocrx_word' id='word_1_49' title='bbox 714 1164 949 1246; x_wconf 87' lang='lat' dir='ltr'>fortissimeque</span> <span class='ocrx_word' id='word_1_50' title='bbox 965 1171 1099 1228; x_wconf 75' lang='lat' dir='ltr'>contras</span> 
     </span>
     <span class='ocr_line' id='line_1_10' title="bbox 101 1266 1078 1356; baseline 0.003 -27"><span class='ocrx_word' id='word_1_51' title='bbox 101 1266 153 1330; x_wconf 94' lang='lat' dir='ltr'>illo</span> <span class='ocrx_word' id='word_1_52' title='bbox 187 1272 368 1356; x_wconf 83' lang='lat' dir='ltr'>remigante</span> <span class='ocrx_word' id='word_1_53' title='bbox 401 1293 502 1334; x_wconf 83' lang='lat' dir='ltr'>naves</span> <span class='ocrx_word' id='word_1_54' title='bbox 532 1270 689 1333; x_wconf 87' lang='lat' dir='ltr'>adversae</span> <span class='ocrx_word' id='word_1_55' title='bbox 711 1270 823 1331; x_wconf 89' lang='lat' dir='ltr'>rostris</span> <span class='ocrx_word' id='word_1_56' title='bbox 846 1278 1078 1332; x_wconf 90' lang='lat' dir='ltr'>concurrerunt</span> 
     </span>
     <span class='ocr_line' id='line_1_11' title="bbox 99 1371 1076 1457; baseline 0.002 -24"><span class='ocrx_word' id='word_1_57' title='bbox 99 1371 179 1434; x_wconf 89' lang='lat' dir='ltr'>adeo</span> <span class='ocrx_word' id='word_1_58' title='bbox 214 1373 438 1457; x_wconf 89' lang='lat' dir='ltr'>vehementer,</span> <span class='ocrx_word' id='word_1_59' title='bbox 472 1383 509 1438; x_wconf 88' lang='lat' dir='ltr'>ut</span> <span class='ocrx_word' id='word_1_60' title='bbox 541 1375 635 1437; x_wconf 88' lang='lat' dir='ltr'>navis</span> <span class='ocrx_word' id='word_1_61' title='bbox 665 1372 846 1438; x_wconf 87' lang='lat' dir='ltr'>Octaviana</span> <span class='ocrx_word' id='word_1_62' title='bbox 878 1379 982 1434; x_wconf 89' lang='lat' dir='ltr'>rostro</span> <span class='ocrx_word' id='word_1_63' title='bbox 1016 1371 1076 1435; x_wconf 86' lang='lat' dir='ltr'>dis-</span> 
     </span>
     <span class='ocr_line' id='line_1_12' title="bbox 100 1474 1099 1561; baseline 0.004 -25"><span class='ocrx_word' id='word_1_64' title='bbox 100 1496 192 1538; x_wconf 85' lang='lat' dir='ltr'>cusso</span> <span class='ocrx_word' id='word_1_65' title='bbox 226 1475 312 1561; x_wconf 91' lang='lat' dir='ltr'>ligno</span> <span class='ocrx_word' id='word_1_66' title='bbox 346 1480 573 1541; x_wconf 85' lang='lat' dir='ltr'>contineretur.</span> <span class='ocrx_word' id='word_1_67' title='bbox 619 1475 835 1540; x_wconf 82' lang='lat' dir='ltr'>Committitur</span> <span class='ocrx_word' id='word_1_68' title='bbox 864 1476 981 1538; x_wconf 86' lang='lat' dir='ltr'>aeriter</span> <span class='ocrx_word' id='word_1_69' title='bbox 1009 1474 1099 1540; x_wconf 80' lang='lat' dir='ltr'>reli-a</span> 
     </span>
     <span class='ocr_line' id='line_1_13' title="bbox 100 1575 1077 1665; baseline 0.002 -25"><span class='ocrx_word' id='word_1_70' title='bbox 100 1580 170 1662; x_wconf 86' lang='lat' dir='ltr'>quis</span> <span class='ocrx_word' id='word_1_71' title='bbox 203 1579 281 1643; x_wconf 88' lang='lat' dir='ltr'>locis</span> <span class='ocrx_word' id='word_1_72' title='bbox 310 1581 476 1665; x_wconf 91' lang='lat' dir='ltr'>proelium,</span> <span class='ocrx_word' id='word_1_73' title='bbox 512 1583 780 1664; x_wconf 89' lang='lat' dir='ltr'>concurriturque</span> <span class='ocrx_word' id='word_1_74' title='bbox 813 1577 856 1641; x_wconf 92' lang='lat' dir='ltr'>ad</span> <span class='ocrx_word' id='word_1_75' title='bbox 885 1575 984 1641; x_wconf 91' lang='lat' dir='ltr'>duces</span> <span class='ocrx_word' id='word_1_76' title='bbox 1013 1600 1077 1642; x_wconf 90' lang='lat' dir='ltr'>ma·</span> 
     </span>
     <span class='ocr_line' id='line_1_14' title="bbox 98 1681 1077 1770; baseline -0.001 -26"><span class='ocrx_word' id='word_1_77' title='bbox 98 1685 202 1746; x_wconf 86' lang='lat' dir='ltr'>xime:</span> <span class='ocrx_word' id='word_1_78' title='bbox 235 1706 312 1748; x_wconf 91' lang='lat' dir='ltr'>nam</span> <span class='ocrx_word' id='word_1_79' title='bbox 339 1707 412 1749; x_wconf 90' lang='lat' dir='ltr'>cum</span> <span class='ocrx_word' id='word_1_80' title='bbox 435 1706 492 1749; x_wconf 87' lang='lat' dir='ltr'>suo</span> <span class='ocrx_word' id='word_1_81' title='bbox 516 1687 651 1770; x_wconf 89' lang='lat' dir='ltr'>quisque</span> <span class='ocrx_word' id='word_1_82' title='bbox 680 1682 836 1747; x_wconf 86' lang='lat' dir='ltr'>auxilium</span> <span class='ocrx_word' id='word_1_83' title='bbox 863 1681 963 1745; x_wconf 89' lang='lat' dir='ltr'>ferret</span> <span class='ocrx_word' id='word_1_84' title='bbox 970 1730 978 1764; x_wconf 96' lang='lat'>,</span> <span class='ocrx_word' id='word_1_85' title='bbox 1012 1704 1077 1744; x_wconf 92' lang='lat' dir='ltr'>ma-</span> 
     </span>
     <span class='ocr_line' id='line_1_15' title="bbox 98 1784 1078 1873; baseline 0 -23"><span class='ocrx_word' id='word_1_86' title='bbox 98 1809 199 1870; x_wconf 88' lang='lat' dir='ltr'>gnum</span> <span class='ocrx_word' id='word_1_87' title='bbox 228 1791 407 1853; x_wconf 86' lang='lat' dir='ltr'>comminus</span> <span class='ocrx_word' id='word_1_88' title='bbox 435 1790 469 1852; x_wconf 94' lang='lat' dir='ltr'>in</span> <span class='ocrx_word' id='word_1_89' title='bbox 499 1796 637 1873; x_wconf 88' lang='lat' dir='ltr'>angusto</span> <span class='ocrx_word' id='word_1_90' title='bbox 665 1788 748 1850; x_wconf 89' lang='lat' dir='ltr'>mari</span> <span class='ocrx_word' id='word_1_91' title='bbox 777 1784 933 1871; x_wconf 92' lang='lat' dir='ltr'>proelium</span> <span class='ocrx_word' id='word_1_92' title='bbox 955 1784 1078 1850; x_wconf 89' lang='lat' dir='ltr'>factum</span> 
     </span>
     <span class='ocr_line' id='line_1_16' title="bbox 98 1889 1126 1977; baseline 0 -25"><span class='ocrx_word' id='word_1_93' title='bbox 98 1899 154 1953; x_wconf 89' lang='lat' dir='ltr'>est.</span> <span class='ocrx_word' id='word_1_94' title='bbox 211 1891 407 1977; x_wconf 81' lang='lat' dir='ltr'>Quantoque</span> <span class='ocrx_word' id='word_1_95' title='bbox 441 1894 618 1956; x_wconf 91' lang='lat' dir='ltr'>coniunctis</span> <span class='ocrx_word' id='word_1_96' title='bbox 655 1893 759 1976; x_wconf 89' lang='lat' dir='ltr'>magis</span> <span class='ocrx_word' id='word_1_97' title='bbox 795 1889 934 1954; x_wconf 88' lang='lat' dir='ltr'>navibus</span> <span class='ocrx_word' id='word_1_98' title='bbox 971 1889 1126 1953; x_wconf 66' lang='lat' dir='ltr'>confli-s&#39;</span> 
     </span>
     <span class='ocr_line' id='line_1_17' title="bbox 97 1993 1077 2081; baseline 0 -25"><span class='ocrx_word' id='word_1_99' title='bbox 97 1995 195 2077; x_wconf 88' lang='lat' dir='ltr'>gendi</span> <span class='ocrx_word' id='word_1_100' title='bbox 217 2003 359 2081; x_wconf 89' lang='lat' dir='ltr'>potestas</span> <span class='ocrx_word' id='word_1_101' title='bbox 382 1995 532 2079; x_wconf 88' lang='lat' dir='ltr'>dabatur,</span> <span class='ocrx_word' id='word_1_102' title='bbox 556 2004 646 2060; x_wconf 88' lang='lat' dir='ltr'>tanto</span> <span class='ocrx_word' id='word_1_103' title='bbox 670 1996 851 2081; x_wconf 87' lang='lat' dir='ltr'>superiores</span> <span class='ocrx_word' id='word_1_104' title='bbox 873 2002 967 2058; x_wconf 89' lang='lat' dir='ltr'>erant</span> <span class='ocrx_word' id='word_1_105' title='bbox 988 1993 1077 2058; x_wconf 88' lang='lat' dir='ltr'>Vati·</span> 
     </span>
     <span class='ocr_line' id='line_1_18' title="bbox 97 2096 1076 2183; baseline 0.001 -24"><span class='ocrx_word' id='word_1_106' title='bbox 97 2099 199 2180; x_wconf 81' lang='lat' dir='ltr'>niani3</span> <span class='ocrx_word' id='word_1_107' title='bbox 235 2101 290 2183; x_wconf 93' lang='lat' dir='ltr'>qui</span> <span class='ocrx_word' id='word_1_108' title='bbox 323 2098 516 2163; x_wconf 88' lang='lat' dir='ltr'>admiranda</span> <span class='ocrx_word' id='word_1_109' title='bbox 545 2101 664 2164; x_wconf 91' lang='lat' dir='ltr'>virtute</span> <span class='ocrx_word' id='word_1_110' title='bbox 699 2121 742 2162; x_wconf 89' lang='lat' dir='ltr'>ex</span> <span class='ocrx_word' id='word_1_111' title='bbox 774 2100 839 2162; x_wconf 86' lang='lat' dir='ltr'>suis</span> <span class='ocrx_word' id='word_1_112' title='bbox 872 2096 1010 2162; x_wconf 86' lang='lat' dir='ltr'>navibus</span> <span class='ocrx_word' id='word_1_113' title='bbox 1044 2099 1076 2160; x_wconf 91' lang='lat' dir='ltr'>in</span> 
     </span>
     <span class='ocr_line' id='line_1_19' title="bbox 97 2200 1076 2267; baseline 0.001 -4"><span class='ocrx_word' id='word_1_114' title='bbox 97 2200 236 2264; x_wconf 88' lang='lat' dir='ltr'>hostium</span> <span class='ocrx_word' id='word_1_115' title='bbox 263 2224 363 2266; x_wconf 87' lang='lat' dir='ltr'>naves</span> <span class='ocrx_word' id='word_1_116' title='bbox 393 2202 553 2267; x_wconf 88' lang='lat' dir='ltr'>transilire</span> <span class='ocrx_word' id='word_1_117' title='bbox 582 2225 647 2267; x_wconf 93' lang='lat' dir='ltr'>non</span> <span class='ocrx_word' id='word_1_118' title='bbox 670 2201 864 2267; x_wconf 90' lang='lat' dir='ltr'>dubitabant</span> <span class='ocrx_word' id='word_1_119' title='bbox 887 2210 919 2265; x_wconf 92' lang='lat' dir='ltr'>et</span> <span class='ocrx_word' id='word_1_120' title='bbox 948 2201 1076 2265; x_wconf 90' lang='lat' dir='ltr'>dimica-</span> 
     </span>
     <span class='ocr_line' id='line_1_20' title="bbox 96 2302 1076 2391; baseline 0 -24"><span class='ocrx_word' id='word_1_121' title='bbox 96 2306 182 2367; x_wconf 90' lang='lat' dir='ltr'>tione</span> <span class='ocrx_word' id='word_1_122' title='bbox 205 2314 345 2389; x_wconf 85' lang='lat' dir='ltr'>aequata</span> <span class='ocrx_word' id='word_1_123' title='bbox 372 2305 467 2390; x_wconf 89' lang='lat' dir='ltr'>longe</span> <span class='ocrx_word' id='word_1_124' title='bbox 497 2308 678 2391; x_wconf 88' lang='lat' dir='ltr'>superiores</span> <span class='ocrx_word' id='word_1_125' title='bbox 701 2308 821 2369; x_wconf 88' lang='lat' dir='ltr'>virtute</span> <span class='ocrx_word' id='word_1_126' title='bbox 851 2326 920 2368; x_wconf 91' lang='lat' dir='ltr'>rem</span> <span class='ocrx_word' id='word_1_127' title='bbox 942 2302 1076 2367; x_wconf 89' lang='lat' dir='ltr'>feliciter</span> 
     </span>
     <span class='ocr_line' id='line_1_21' title="bbox 97 2405 1098 2493; baseline 0.001 -24"><span class='ocrx_word' id='word_1_128' title='bbox 97 2406 263 2491; x_wconf 89' lang='lat' dir='ltr'>gerebant.</span> <span class='ocrx_word' id='word_1_129' title='bbox 319 2408 522 2493; x_wconf 90' lang='lat' dir='ltr'>Deprimitur</span> <span class='ocrx_word' id='word_1_130' title='bbox 560 2409 661 2492; x_wconf 88' lang='lat' dir='ltr'>ipsius</span> <span class='ocrx_word' id='word_1_131' title='bbox 696 2409 813 2474; x_wconf 89' lang='lat' dir='ltr'>Octavi</span> <span class='ocrx_word' id='word_1_132' title='bbox 852 2405 1098 2490; x_wconf 83' lang='lat' dir='ltr'>quadriremis,⁶</span> 
     </span>
     <span class='ocr_line' id='line_1_22' title="bbox 96 2509 1076 2596; baseline 0.001 -24"><span class='ocrx_word' id='word_1_133' title='bbox 96 2511 215 2574; x_wconf 88' lang='lat' dir='ltr'>multae</span> <span class='ocrx_word' id='word_1_134' title='bbox 250 2519 419 2595; x_wconf 87' lang='lat' dir='ltr'>praeterea</span> <span class='ocrx_word' id='word_1_135' title='bbox 453 2513 624 2596; x_wconf 91' lang='lat' dir='ltr'>capiuntur</span> <span class='ocrx_word' id='word_1_136' title='bbox 658 2518 713 2574; x_wconf 85' lang='lat' dir='ltr'>aut</span> <span class='ocrx_word' id='word_1_137' title='bbox 743 2511 856 2574; x_wconf 88' lang='lat' dir='ltr'>rostris</span> <span class='ocrx_word' id='word_1_138' title='bbox 893 2509 1076 2595; x_wconf 86' lang='lat' dir='ltr'>perforatae</span> 
     </span>
     <span class='ocr_line' id='line_1_23' title="bbox 95 2614 1076 2698; baseline 0 -22"><span class='ocrx_word' id='word_1_139' title='bbox 95 2622 302 2696; x_wconf 78' lang='lat' dir='ltr'>merguntur3</span> <span class='ocrx_word' id='word_1_140' title='bbox 338 2623 597 2698; x_wconf 85' lang='lat' dir='ltr'>propugnatores</span> <span class='ocrx_word' id='word_1_141' title='bbox 622 2614 794 2680; x_wconf 89' lang='lat' dir='ltr'>Octaviani</span> <span class='ocrx_word' id='word_1_142' title='bbox 817 2614 936 2698; x_wconf 88' lang='lat' dir='ltr'>partim</span> <span class='ocrx_word' id='word_1_143' title='bbox 962 2614 996 2676; x_wconf 95' lang='lat' dir='ltr'>in</span> <span class='ocrx_word' id='word_1_144' title='bbox 1022 2635 1076 2677; x_wconf 89' lang='lat' dir='ltr'>na-</span> 
     </span>
     <span class='ocr_line' id='line_1_24' title="bbox 96 2715 1075 2800; baseline -0.001 -20"><span class='ocrx_word' id='word_1_145' title='bbox 96 2717 190 2781; x_wconf 87' lang='lat' dir='ltr'>vibus</span> <span class='ocrx_word' id='word_1_146' title='bbox 224 2715 427 2800; x_wconf 87' lang='lat' dir='ltr'>iugulantur,</span> <span class='ocrx_word' id='word_1_147' title='bbox 471 2717 590 2800; x_wconf 89' lang='lat' dir='ltr'>partim</span> <span class='ocrx_word' id='word_1_148' title='bbox 624 2718 657 2779; x_wconf 93' lang='lat' dir='ltr'>in</span> <span class='ocrx_word' id='word_1_149' title='bbox 689 2737 780 2779; x_wconf 88' lang='lat' dir='ltr'>mare</span> <span class='ocrx_word' id='word_1_150' title='bbox 813 2715 1075 2800; x_wconf 86' lang='lat' dir='ltr'>praecipitantur.</span> 
     </span>
     <span class='ocr_line' id='line_1_25' title="bbox 96 2817 1097 2905; baseline -0.004 -22"><span class='ocrx_word' id='word_1_151' title='bbox 96 2821 169 2905; x_wconf 89' lang='lat' dir='ltr'>Ipse</span> <span class='ocrx_word' id='word_1_152' title='bbox 187 2822 342 2886; x_wconf 90' lang='lat' dir='ltr'>Octavius</span> <span class='ocrx_word' id='word_1_153' title='bbox 358 2842 393 2884; x_wconf 86' lang='lat' dir='ltr'>se</span> <span class='ocrx_word' id='word_1_154' title='bbox 408 2821 441 2883; x_wconf 94' lang='lat' dir='ltr'>in</span> <span class='ocrx_word' id='word_1_155' title='bbox 465 2819 619 2904; x_wconf 87' lang='lat' dir='ltr'>scapham</span> <span class='ocrx_word' id='word_1_156' title='bbox 643 2819 782 2902; x_wconf 90' lang='lat' dir='ltr'>confert;</span> <span class='ocrx_word' id='word_1_157' title='bbox 806 2819 953 2904; x_wconf 91' lang='lat' dir='ltr'>inquam</span> <span class='ocrx_word' id='word_1_158' title='bbox 969 2817 1097 2904; x_wconf 84' lang='lat' dir='ltr'>plurese</span> 
     </span>
     <span class='ocr_line' id='line_1_26' title="bbox 99 2921 1076 3009; baseline -0.001 -22"><span class='ocrx_word' id='word_1_159' title='bbox 99 2946 173 2987; x_wconf 89' lang='lat' dir='ltr'>cum</span> <span class='ocrx_word' id='word_1_160' title='bbox 190 2924 410 3008; x_wconf 82' lang='lat' dir='ltr'>confugerent,</span> <span class='ocrx_word' id='word_1_161' title='bbox 435 2923 590 3007; x_wconf 89' lang='lat' dir='ltr'>depressa</span> <span class='ocrx_word' id='word_1_162' title='bbox 613 2922 734 3009; x_wconf 87' lang='lat' dir='ltr'>scapha</span> <span class='ocrx_word' id='word_1_163' title='bbox 756 2921 945 2986; x_wconf 88' lang='lat' dir='ltr'>vulneratus</span> <span class='ocrx_word' id='word_1_164' title='bbox 967 2932 1076 2987; x_wconf 89' lang='lat' dir='ltr'>tamen</span> 
     </span>
     <span class='ocr_line' id='line_1_27' title="bbox 96 3027 1096 3113; baseline -0.003 -24"><span class='ocrx_word' id='word_1_165' title='bbox 96 3027 231 3092; x_wconf 89' lang='lat' dir='ltr'>adnatat</span> <span class='ocrx_word' id='word_1_166' title='bbox 254 3027 296 3092; x_wconf 89' lang='lat' dir='ltr'>ad</span> <span class='ocrx_word' id='word_1_167' title='bbox 319 3049 413 3091; x_wconf 89' lang='lat' dir='ltr'>suum</span> <span class='ocrx_word' id='word_1_168' title='bbox 436 3048 678 3111; x_wconf 85' lang='lat' dir='ltr'>myoparonem.</span> <span class='ocrx_word' id='word_1_169' title='bbox 723 3027 772 3092; x_wconf 84' lang='lat' dir='ltr'>Eo</span> <span class='ocrx_word' id='word_1_170' title='bbox 801 3034 966 3113; x_wconf 88' lang='lat' dir='ltr'>receptus,</span> <span class='ocrx_word' id='word_1_171' title='bbox 1002 3045 1096 3092; x_wconf 84' lang='lat' dir='ltr'>cumr</span> 
     </span>
     <span class='ocr_line' id='line_1_28' title="bbox 94 3129 1076 3216; baseline 0.001 -22"><span class='ocrx_word' id='word_1_172' title='bbox 94 3131 251 3216; x_wconf 90' lang='lat' dir='ltr'>proelium</span> <span class='ocrx_word' id='word_1_173' title='bbox 272 3153 339 3195; x_wconf 86' lang='lat' dir='ltr'>nox</span> <span class='ocrx_word' id='word_1_174' title='bbox 359 3131 533 3213; x_wconf 88' lang='lat' dir='ltr'>dirimeret,</span> <span class='ocrx_word' id='word_1_175' title='bbox 557 3139 748 3216; x_wconf 88' lang='lat' dir='ltr'>tempestate</span> <span class='ocrx_word' id='word_1_176' title='bbox 769 3153 889 3216; x_wconf 90' lang='lat' dir='ltr'>magna</span> <span class='ocrx_word' id='word_1_177' title='bbox 903 3129 983 3195; x_wconf 82' lang='lat' dir='ltr'>vebs</span> <span class='ocrx_word' id='word_1_178' title='bbox 1006 3152 1076 3215; x_wconf 89' lang='lat' dir='ltr'>pro-</span> 
     </span>
     <span class='ocr_line' id='line_1_29' title="bbox 94 3233 1075 3321; baseline -0.001 -22"><span class='ocrx_word' id='word_1_179' title='bbox 94 3236 185 3321; x_wconf 86' lang='lat' dir='ltr'>fugit.</span> <span class='ocrx_word' id='word_1_180' title='bbox 232 3236 419 3320; x_wconf 84' lang='lat' dir='ltr'>Sequuntur</span> <span class='ocrx_word' id='word_1_181' title='bbox 441 3233 529 3298; x_wconf 89' lang='lat' dir='ltr'>huno</span> <span class='ocrx_word' id='word_1_182' title='bbox 551 3255 629 3298; x_wconf 90' lang='lat' dir='ltr'>suae</span> <span class='ocrx_word' id='word_1_183' title='bbox 652 3256 753 3299; x_wconf 87' lang='lat' dir='ltr'>naves</span> <span class='ocrx_word' id='word_1_184' title='bbox 776 3233 966 3315; x_wconf 91' lang='lat' dir='ltr'>nonnullae,</span> <span class='ocrx_word' id='word_1_185' title='bbox 994 3255 1075 3319; x_wconf 86' lang='lat' dir='ltr'>quas</span> 
     </span>
     <span class='ocr_line' id='line_1_30' title="bbox 96 3336 709 3422; baseline -0.003 -20"><span class='ocrx_word' id='word_1_186' title='bbox 96 3361 189 3403; x_wconf 87' lang='lat' dir='ltr'>casus</span> <span class='ocrx_word' id='word_1_187' title='bbox 213 3338 255 3403; x_wconf 91' lang='lat' dir='ltr'>ab</span> <span class='ocrx_word' id='word_1_188' title='bbox 277 3337 329 3402; x_wconf 92' lang='lat' dir='ltr'>illo</span> <span class='ocrx_word' id='word_1_189' title='bbox 353 3336 495 3422; x_wconf 89' lang='lat' dir='ltr'>periculo</span> <span class='ocrx_word' id='word_1_190' title='bbox 518 3336 709 3401; x_wconf 89' lang='lat' dir='ltr'>vindicarat.</span> 
     </span>
    </p>

    <p class='ocr_par' dir='ltr' id='par_1_4' title="bbox 94 3440 1076 3632">
     <span class='ocr_line' id='line_1_31' title="bbox 178 3440 1076 3526; baseline -0.001 -20"><span class='ocrx_word' id='word_1_191' title='bbox 178 3443 231 3507; x_wconf 79' lang='lat'>47.</span> <span class='ocrx_word' id='word_1_192' title='bbox 263 3440 310 3506; x_wconf 83' lang='lat' dir='ltr'>At</span> <span class='ocrx_word' id='word_1_193' title='bbox 332 3440 483 3505; x_wconf 86' lang='lat' dir='ltr'>Vatinius</span> <span class='ocrx_word' id='word_1_194' title='bbox 504 3461 541 3504; x_wconf 88' lang='lat' dir='ltr'>re</span> <span class='ocrx_word' id='word_1_195' title='bbox 564 3440 648 3505; x_wconf 91' lang='lat' dir='ltr'>bene</span> <span class='ocrx_word' id='word_1_196' title='bbox 670 3448 763 3525; x_wconf 89' lang='lat' dir='ltr'>gesta</span> <span class='ocrx_word' id='word_1_197' title='bbox 785 3441 931 3526; x_wconf 87' lang='lat' dir='ltr'>receptui</span> <span class='ocrx_word' id='word_1_198' title='bbox 960 3441 1076 3505; x_wconf 89' lang='lat' dir='ltr'>cecinit</span> 
     </span>
     <span class='ocr_line' id='line_1_32' title="bbox 94 3543 1075 3632; baseline -0.001 -20"><span class='ocrx_word' id='word_1_199' title='bbox 94 3549 225 3632; x_wconf 86' lang='lat' dir='ltr'>suisque</span> <span class='ocrx_word' id='word_1_200' title='bbox 258 3543 409 3612; x_wconf 87' lang='lat' dir='ltr'>omnibus</span> <span class='ocrx_word' id='word_1_201' title='bbox 449 3543 663 3611; x_wconf 86' lang='lat' dir='ltr'>incolumibus</span> <span class='ocrx_word' id='word_1_202' title='bbox 695 3546 730 3610; x_wconf 89' lang='lat' dir='ltr'>in</span> <span class='ocrx_word' id='word_1_203' title='bbox 763 3566 838 3610; x_wconf 87' lang='lat' dir='ltr'>eum</span> <span class='ocrx_word' id='word_1_204' title='bbox 874 3566 909 3610; x_wconf 89' lang='lat' dir='ltr'>se</span> <span class='ocrx_word' id='word_1_205' title='bbox 946 3553 1075 3631; x_wconf 86' lang='lat' dir='ltr'>portum</span> 
     </span>
    </p>
   </div>
   <div class='ocr_carea' id='block_1_3' title="bbox 0 0 1192 3924">
    <p class='ocr_par' dir='ltr' id='par_1_5' title="bbox 0 0 1192 3924">
     <span class='ocr_line' id='line_1_33' title="bbox 0 0 1192 3924; baseline 0 1"><span class='ocrx_word' id='word_1_206' title='bbox 0 0 1192 3924; x_wconf 95' lang='lat' dir='ltr'> </span> 
     </span>
    </p>
   </div>
  </div>
 </body>
</html>
