2376 3924
409 239 519 288 niens
537 239 559 300 1,
579 237 657 289 our.
675 237 785 289 ae-sr.
1045 235 1087 299 23

107 419 237 495 Tubero
267 430 411 495 obtinere
440 428 590 494 debebat.
636 427 826 508 Caralitani‚
862 425 954 490 simul
982 424 1025 489 ad
1045 446 1109 493 ses

108 533 274 598 Valerium
297 537 379 599 mitti
401 533 582 616 audierunt,
606 533 749 597 nondum
772 533 914 618 profecto
938 553 980 594 ex
995 528 1089 594 Italia

108 659 166 699 sua
190 629 455 721 sponte'Oottam
484 659 526 700 ex
560 636 677 721 oppido
711 637 838 700 eiciunt.
883 633 941 698 Ille
970 641 1089 719 perter-

108 742 197 821 ritus,
221 740 307 824 quod
324 762 451 804 omnem
466 741 666 825 provinciam
682 741 860 804 consentire
875 737 1091 822 intellegebat,

109 868 150 908 ex
180 845 329 911 Sardinia
361 848 395 909 in
427 844 574 908 Africam
608 844 758 929 profugit.
826 841 905 907 Cato
928 845 961 906 in
985 840 1115 908 Siciliae

108 971 209 1013 naves
248 948 360 1033 longas
393 956 521 1012 veteres
554 947 736 1030 reficiebat,
771 970 872 1012 novas
907 944 1092 1012 civitatibus

109 1053 299 1138 imperabat.
338 1053 431 1116 Haec
453 1074 571 1136 magno
594 1052 700 1116 studio
723 1051 851 1136 agebat.
888 1052 927 1115 In
950 1052 1093 1116 Lucanis

110 1157 309 1241 Bruttiisque
333 1179 392 1242 per
413 1156 536 1241 legatos
560 1179 633 1221 suos
657 1159 777 1221 civium
798 1159 1018 1221 Romanorum
1041 1155 1092 1220 de-

110 1262 211 1325 lectus
227 1257 543 1346 habebat7'equitum
558 1260 767 1347 peditumque
784 1269 907 1324 certum
923 1281 1093 1324 numerum

112 1388 130 1427 a
154 1364 339 1428 civitatibus
363 1364 489 1430 Siciliae
512 1363 674 1448 exigebat.
721 1363 848 1446 Quibus
871 1363 968 1427 rebus
991 1379 1116 1448 paeuee

112 1468 261 1552 perfectis
290 1466 434 1532 adventu
456 1466 604 1533 Curionis
633 1469 760 1551 cognito
789 1469 935 1553 queritur
962 1469 994 1531 in
1024 1488 1094 1530 con-

112 1574 197 1634 tione
231 1593 300 1635 seso
333 1573 511 1658 proiectum
544 1594 583 1636 ac
616 1571 780 1658 proditum
808 1594 827 1635 a
851 1569 908 1635 On.
933 1572 1095 1655 Pompeio,

113 1676 168 1758 qui
198 1674 345 1740 omnibus
378 1673 476 1740 rebus
504 1677 761 1761 imparatissimis
789 1697 854 1740 non
877 1675 1097 1739 necessarium

112 1778 230 1844 bellum
254 1781 447 1865 suscepisset
479 1788 511 1844 et
544 1777 586 1843 ab
621 1802 654 1843 se
678 1766 883 1864 'reliquisque
917 1781 949 1842 in
983 1786 1098 1843 senatu

113 1886 328 1969 interrogatus
357 1885 464 1948 omnia
494 1881 555 1947 sibi
578 1905 648 1948 esse
671 1883 713 1947 ad
742 1881 861 1946 bellum
883 1890 960 1969 apta
983 1904 1022 1945 ac
1044 1905 1097 1968 pa-

112 1978 183 2051 rata
217 1987 481 2052 confirmavisset.
527 1987 620 2050 Haec
653 1989 686 2050 in
720 1988 866 2050 contione
896 1994 1027 2070 questus
1056 2007 1098 2048 ex

115 2093 281 2176 provincia
303 2091 395 2175 fugit.

199 2194 250 2259 31.
274 2195 370 2278 Nacti
385 2215 507 2258 vacuas
523 2193 565 2258 ab
581 2195 722 2279 imperiis
738 2193 922 2260 Sardiniam
937 2191 1097 2274 Valerius,

114 2296 212 2362 Curio
224 2296 365 2364 Siciliam
379 2318 452 2362 cum
464 2297 661 2361 exercitibus
680 2320 717 2361 eo
730 2300 932 2383 perveniunt.
956 2295 1119 2378 Tubero,a

12 2412 20 2422 “
116 2424 190 2466 cum
212 2403 245 2466 in
269 2398 416 2464 Africam
438 2402 594 2483 venisset,
624 2402 748 2466 invenit
774 2402 808 2464 in
836 2402 1002 2485 provincia
1025 2421 1099 2463 cum

116 2507 250 2591 imperio
273 2505 400 2570 Attium
421 2505 562 2588 Varum3
587 2506 641 2589 qui
664 2503 707 2568 ad
730 2502 920 2586 Auximum,
943 2511 979 2568 ut
1002 2525 1100 2589 supra

115 2607 418 2690 demonstravimus,
442 2611 567 2673 amissis
580 2607 766 2673 cohortibus
788 2610 935 2695 protinus
958 2628 1000 2670 ex
1022 2606 1101 2691 fuga

115 2715 147 2776 in
160 2711 308 2777 Africam
322 2720 517 2798 pervenerat
538 2721 636 2797 atque
659 2734 731 2776 eam
754 2733 812 2776 sua
835 2720 947 2798 sponte
962 2731 1102 2776 vacuam

107 2824 333 2903 occupaverat
365 2814 557 2900 delectuque
591 2813 700 2880 habito
735 2815 816 2880 duas
851 2815 992 2900 legiones
1029 2814 1101 2878 effe-

116 2928 219 3002 cerat,
248 2919 413 2984 hominum
436 2928 469 2983 et
489 2914 633 2984 locorum
656 2912 832 2984 notitia'et
858 2941 920 2984 usu
942 2920 1009 2984 eius
1032 2940 1102 3004 pro-

115 3025 241 3088 vinciae
269 3033 383 3088 nactus
412 3023 519 3088 aditus
548 3023 590 3087 ad
619 3044 658 3088 ea
680 3023 844 3105 conanda,
873 3022 960 3108 quod
988 3024 1101 3108 paucis

115 3136 190 3191 ante
213 3128 305 3191 annis
328 3149 371 3191 ex
392 3135 546 3214 praetura
574 3148 647 3191 eam
674 3128 874 3213 provinciam
902 3126 1096 3192 obtinuerat.

116 3232 180 3295 Hic
212 3220 396 3295 venientem
430 3231 560 3296 Uticam
594 3229 733 3296 navibus
767 3230 973 3295 Tuberonem
1008 3238 1125 3315 portus

117 3343 215 3420 atque
255 3334 372 3420 oppido
411 3333 561 3421 prohibet
592 3356 698 3420 neque
733 3335 886 3399 affectum
919 3333 1103 3398 valetudine

116 3436 218 3502 lilium
245 3458 408 3525 exponere
436 3440 613 3504 interram
642 3440 779 3525 patitur,
808 3438 865 3502 sed
895 3435 1028 3502 sublatis
1051 3459 1104 3501 an-

117 3536 206 3607 coris
222 3540 383 3607 excedere
405 3562 444 3607 eo
465 3541 535 3607 loco
558 3544 652 3626 cogit.
