<?xml version="1.0" encoding="UTF-8"?>
<!DOCTYPE html PUBLIC "-//W3C//DTD XHTML 1.0 Transitional//EN"
    "http://www.w3.org/TR/xhtml1/DTD/xhtml1-transitional.dtd">
<html xmlns="http://www.w3.org/1999/xhtml" xml:lang="en" lang="en">
 <head>
  <title>
</title>
<meta http-equiv="Content-Type" content="text/html;charset=utf-8" />
  <meta name='ocr-system' content='tesseract 3.04.00' />
  <meta name='ocr-capabilities' content='ocr_page ocr_carea ocr_par ocr_line ocrx_word'/>
</head>
<body>
  <div class='ocr_page' id='page_1' title='image "./ciuliicaesarisc00hoffgoog/ciuliicaesarisc00hoffgoog_0690.png"; bbox 0 0 2376 3924; ppageno 0'>
   <div class='ocr_carea' id='block_1_1' title="bbox 443 250 1040 320">
    <p class='ocr_par' dir='ltr' id='par_1_1' title="bbox 443 250 1040 320">
     <span class='ocr_line' id='line_1_1' title="bbox 443 250 1040 320; baseline 0.002 -18"><span class='ocrx_word' id='word_1_1' title='bbox 443 250 520 302; x_wconf 76' lang='lat' dir='ltr'><strong>cm.</strong></span> <span class='ocrx_word' id='word_1_2' title='bbox 538 252 651 304; x_wconf 85' lang='lat' dir='ltr'><strong>ss-so.</strong></span> <span class='ocrx_word' id='word_1_3' title='bbox 976 252 1040 320; x_wconf 77' lang='lat'><strong>285</strong></span> 
     </span>
    </p>
   </div>
   <div class='ocr_carea' id='block_1_2' title="bbox 53 443 1149 3649">
    <p class='ocr_par' dir='ltr' id='par_1_2' title="bbox 55 443 1149 2068">
     <span class='ocr_line' id='line_1_2' title="bbox 57 443 1041 531; baseline -0.001 -20"><span class='ocrx_word' id='word_1_4' title='bbox 57 466 235 528; x_wconf 66' lang='lat' dir='ltr'><strong>armornm</strong></span> <span class='ocrx_word' id='word_1_5' title='bbox 269 443 406 510; x_wconf 86' lang='lat' dir='ltr'><strong>telorum</strong></span> <span class='ocrx_word' id='word_1_6' title='bbox 433 454 678 530; x_wconf 86' lang='lat' dir='ltr'><strong>ceterarumque</strong></span> <span class='ocrx_word' id='word_1_7' title='bbox 705 466 815 509; x_wconf 86' lang='lat' dir='ltr'><strong>rerum</strong></span> <span class='ocrx_word' id='word_1_8' title='bbox 844 467 918 510; x_wconf 89' lang='lat' dir='ltr'><strong>cum</strong></span> <span class='ocrx_word' id='word_1_9' title='bbox 940 467 1041 531; x_wconf 84' lang='lat' dir='ltr'><strong>parvo</strong></span> 
     </span>
     <span class='ocr_line' id='line_1_3' title="bbox 56 546 1063 636; baseline -0.004 -23"><span class='ocrx_word' id='word_1_10' title='bbox 56 547 217 636; x_wconf 88' lang='lat' dir='ltr'><strong>praesidio</strong></span> <span class='ocrx_word' id='word_1_11' title='bbox 250 546 419 613; x_wconf 79' lang='lat' dir='ltr'><strong>habuerat</strong></span> <span class='ocrx_word' id='word_1_12' title='bbox 470 548 510 612; x_wconf 92' lang='lat' dir='ltr'><strong>Id</strong></span> <span class='ocrx_word' id='word_1_13' title='bbox 543 547 720 613; x_wconf 86' lang='lat' dir='ltr'><strong>adveniens</strong></span> <span class='ocrx_word' id='word_1_14' title='bbox 753 550 890 632; x_wconf 87' lang='lat' dir='ltr'><strong>potitur:</strong></span> <span class='ocrx_word' id='word_1_15' title='bbox 924 548 1063 614; x_wconf 80' lang='lat' dir='ltr'><strong>deindes</strong></span> 
     </span>
     <span class='ocr_line' id='line_1_4' title="bbox 57 652 1041 739; baseline 0 -22"><span class='ocrx_word' id='word_1_16' title='bbox 57 652 275 717; x_wconf 82' lang='lat' dir='ltr'><strong>Adrumetum</strong></span> <span class='ocrx_word' id='word_1_17' title='bbox 297 654 453 739; x_wconf 89' lang='lat' dir='ltr'><strong>pervenit.</strong></span> <span class='ocrx_word' id='word_1_18' title='bbox 489 652 659 734; x_wconf 78' lang='lat' dir='ltr'><strong>Quocum</strong></span> <span class='ocrx_word' id='word_1_19' title='bbox 680 653 747 716; x_wconf 89' lang='lat' dir='ltr'><strong>sine</strong></span> <span class='ocrx_word' id='word_1_20' title='bbox 762 674 854 717; x_wconf 90' lang='lat' dir='ltr'><strong>mora</strong></span> <span class='ocrx_word' id='word_1_21' title='bbox 869 655 1041 736; x_wconf 79' lang='lat' dir='ltr'><strong>introisset,</strong></span> 
     </span>
     <span class='ocr_line' id='line_1_5' title="bbox 58 754 1040 842; baseline 0 -22"><span class='ocrx_word' id='word_1_22' title='bbox 58 758 171 838; x_wconf 88' lang='lat' dir='ltr'><strong>armis,</strong></span> <span class='ocrx_word' id='word_1_23' title='bbox 195 756 358 820; x_wconf 87' lang='lat' dir='ltr'><strong>frumento</strong></span> <span class='ocrx_word' id='word_1_24' title='bbox 380 757 582 842; x_wconf 78' lang='lat' dir='ltr'>pecuniaque</span> <span class='ocrx_word' id='word_1_25' title='bbox 606 754 809 819; x_wconf 87' lang='lat' dir='ltr'><strong>considerata</strong></span> <span class='ocrx_word' id='word_1_26' title='bbox 832 756 872 838; x_wconf 77' lang='lat' dir='ltr'><strong>Q.</strong></span> <span class='ocrx_word' id='word_1_27' title='bbox 896 756 1040 840; x_wconf 83' lang='lat' dir='ltr'><strong>Ligario,</strong></span> 
     </span>
     <span class='ocr_line' id='line_1_6' title="bbox 57 856 1043 943; baseline -0.001 -19"><span class='ocrx_word' id='word_1_28' title='bbox 57 858 93 924; x_wconf 91' lang='lat' dir='ltr'><strong>C.</strong></span> <span class='ocrx_word' id='word_1_29' title='bbox 118 858 268 925; x_wconf 78' lang='lat' dir='ltr'><strong>Considio</strong></span> <span class='ocrx_word' id='word_1_30' title='bbox 296 858 377 942; x_wconf 89' lang='lat' dir='ltr'><strong>filio,</strong></span> <span class='ocrx_word' id='word_1_31' title='bbox 412 860 467 943; x_wconf 89' lang='lat' dir='ltr'><strong>qui</strong></span> <span class='ocrx_word' id='word_1_32' title='bbox 488 868 558 923; x_wconf 90' lang='lat' dir='ltr'><strong>tum</strong></span> <span class='ocrx_word' id='word_1_33' title='bbox 589 856 634 922; x_wconf 92' lang='lat' dir='ltr'><strong>ibi</strong></span> <span class='ocrx_word' id='word_1_34' title='bbox 668 859 811 943; x_wconf 88' lang='lat' dir='ltr'><strong>fuerant,</strong></span> <span class='ocrx_word' id='word_1_35' title='bbox 844 861 947 924; x_wconf 85' lang='lat' dir='ltr'><strong>vitam</strong></span> <span class='ocrx_word' id='word_1_36' title='bbox 969 880 1043 924; x_wconf 90' lang='lat' dir='ltr'><strong>con.</strong></span> 
     </span>
     <span class='ocr_line' id='line_1_7' title="bbox 57 961 1064 1047; baseline -0.003 -19"><span class='ocrx_word' id='word_1_37' title='bbox 57 966 161 1028; x_wconf 87' lang='lat' dir='ltr'><strong>cessit.</strong></span> <span class='ocrx_word' id='word_1_38' title='bbox 206 962 336 1028; x_wconf 82' lang='lat' dir='ltr'><strong>Deinde</strong></span> <span class='ocrx_word' id='word_1_39' title='bbox 363 961 477 1027; x_wconf 90' lang='lat' dir='ltr'><strong>eodem</strong></span> <span class='ocrx_word' id='word_1_40' title='bbox 506 962 558 1027; x_wconf 88' lang='lat' dir='ltr'><strong>die</strong></span> <span class='ocrx_word' id='word_1_41' title='bbox 580 961 761 1027; x_wconf 82' lang='lat' dir='ltr'><strong>Adrumeto</strong></span> <span class='ocrx_word' id='word_1_42' title='bbox 784 984 933 1047; x_wconf 87' lang='lat' dir='ltr'><strong>egressus</strong></span> <span class='ocrx_word' id='word_1_43' title='bbox 954 962 1064 1027; x_wconf 80' lang='lat' dir='ltr'><strong>Livi-⁸</strong></span> 
     </span>
     <span class='ocr_line' id='line_1_8' title="bbox 56 1065 1041 1153; baseline -0.003 -19"><span class='ocrx_word' id='word_1_44' title='bbox 56 1071 129 1134; x_wconf 91' lang='lat' dir='ltr'><strong>neio</strong></span> <span class='ocrx_word' id='word_1_45' title='bbox 151 1067 276 1153; x_wconf 87' lang='lat' dir='ltr'><strong>Regulo</strong></span> <span class='ocrx_word' id='word_1_46' title='bbox 299 1089 373 1132; x_wconf 89' lang='lat' dir='ltr'><strong>cum</strong></span> <span class='ocrx_word' id='word_1_47' title='bbox 394 1066 519 1150; x_wconf 82' lang='lat' dir='ltr'><strong>legione</strong></span> <span class='ocrx_word' id='word_1_48' title='bbox 542 1065 587 1130; x_wconf 92' lang='lat' dir='ltr'><strong>ibi</strong></span> <span class='ocrx_word' id='word_1_49' title='bbox 608 1067 720 1131; x_wconf 87' lang='lat' dir='ltr'><strong>relicto</strong></span> <span class='ocrx_word' id='word_1_50' title='bbox 742 1068 872 1132; x_wconf 82' lang='lat' dir='ltr'><strong>Uticam</strong></span> <span class='ocrx_word' id='word_1_51' title='bbox 899 1069 947 1131; x_wconf 85' lang='lat' dir='ltr'><strong>ire</strong></span> <span class='ocrx_word' id='word_1_52' title='bbox 970 1090 1041 1132; x_wconf 90' lang='lat' dir='ltr'><strong>con-</strong></span> 
     </span>
     <span class='ocr_line' id='line_1_9' title="bbox 57 1169 1042 1237; baseline 0 -1"><span class='ocrx_word' id='word_1_53' title='bbox 57 1171 168 1237; x_wconf 73' lang='lat' dir='ltr'><strong>tendit,</strong></span> <span class='ocrx_word' id='word_1_54' title='bbox 213 1169 273 1236; x_wconf 85' lang='lat' dir='ltr'><strong>Cui</strong></span> <span class='ocrx_word' id='word_1_55' title='bbox 295 1173 330 1235; x_wconf 93' lang='lat' dir='ltr'><strong>in</strong></span> <span class='ocrx_word' id='word_1_56' title='bbox 351 1171 464 1235; x_wconf 87' lang='lat' dir='ltr'><strong>itinere</strong></span> <span class='ocrx_word' id='word_1_57' title='bbox 487 1171 524 1235; x_wconf 86' lang='lat' dir='ltr'><strong>fit</strong></span> <span class='ocrx_word' id='word_1_58' title='bbox 546 1169 660 1235; x_wconf 89' lang='lat' dir='ltr'><strong>obvius</strong></span> <span class='ocrx_word' id='word_1_59' title='bbox 682 1171 721 1235; x_wconf 92' lang='lat' dir='ltr'><strong>L.</strong></span> <span class='ocrx_word' id='word_1_60' title='bbox 739 1169 860 1236; x_wconf 89' lang='lat' dir='ltr'><strong>Caesar</strong></span> <span class='ocrx_word' id='word_1_61' title='bbox 882 1180 915 1236; x_wconf 89' lang='lat' dir='ltr'><strong>et</strong></span> <span class='ocrx_word' id='word_1_62' title='bbox 936 1170 1042 1237; x_wconf 89' lang='lat' dir='ltr'><strong>subito</strong></span> 
     </span>
     <span class='ocr_line' id='line_1_10' title="bbox 57 1274 1041 1362; baseline 0 -22"><span class='ocrx_word' id='word_1_63' title='bbox 57 1298 92 1340; x_wconf 89' lang='lat' dir='ltr'><strong>se</strong></span> <span class='ocrx_word' id='word_1_64' title='bbox 126 1275 168 1340; x_wconf 88' lang='lat' dir='ltr'><strong>ad</strong></span> <span class='ocrx_word' id='word_1_65' title='bbox 201 1298 309 1361; x_wconf 90' lang='lat' dir='ltr'><strong>genua</strong></span> <span class='ocrx_word' id='word_1_66' title='bbox 341 1277 476 1362; x_wconf 84' lang='lat' dir='ltr'><strong>proiecit</strong></span> <span class='ocrx_word' id='word_1_67' title='bbox 504 1277 670 1360; x_wconf 84' lang='lat' dir='ltr'><strong>vitamque</strong></span> <span class='ocrx_word' id='word_1_68' title='bbox 693 1274 754 1339; x_wconf 86' lang='lat' dir='ltr'><strong>sibi</strong></span> <span class='ocrx_word' id='word_1_69' title='bbox 776 1297 882 1361; x_wconf 91' lang='lat' dir='ltr'><strong>neque</strong></span> <span class='ocrx_word' id='word_1_70' title='bbox 905 1276 1041 1362; x_wconf 88' lang='lat' dir='ltr'><strong>amplius</strong></span> 
     </span>
     <span class='ocr_line' id='line_1_11' title="bbox 57 1377 1064 1466; baseline 0.002 -23"><span class='ocrx_word' id='word_1_71' title='bbox 57 1382 230 1464; x_wconf 89' lang='lat' dir='ltr'><strong>quicquam</strong></span> <span class='ocrx_word' id='word_1_72' title='bbox 269 1379 471 1465; x_wconf 87' lang='lat' dir='ltr'><strong>deprecatur.</strong></span> <span class='ocrx_word' id='word_1_73' title='bbox 527 1378 587 1444; x_wconf 88' lang='lat' dir='ltr'><strong>Cui</strong></span> <span class='ocrx_word' id='word_1_74' title='bbox 627 1377 748 1444; x_wconf 88' lang='lat' dir='ltr'><strong>Caesar</strong></span> <span class='ocrx_word' id='word_1_75' title='bbox 784 1380 877 1444; x_wconf 87' lang='lat' dir='ltr'><strong>facile</strong></span> <span class='ocrx_word' id='word_1_76' title='bbox 915 1389 947 1444; x_wconf 90' lang='lat' dir='ltr'><strong>et</strong></span> <span class='ocrx_word' id='word_1_77' title='bbox 982 1392 1064 1466; x_wconf 78' lang='lat' dir='ltr'><strong>pro⁴</strong></span> 
     </span>
     <span class='ocr_line' id='line_1_12' title="bbox 56 1482 1040 1570; baseline 0.001 -22"><span class='ocrx_word' id='word_1_78' title='bbox 56 1493 174 1548; x_wconf 89' lang='lat' dir='ltr'><strong>natura</strong></span> <span class='ocrx_word' id='word_1_79' title='bbox 196 1506 255 1549; x_wconf 90' lang='lat' dir='ltr'><strong>sna</strong></span> <span class='ocrx_word' id='word_1_80' title='bbox 278 1494 310 1549; x_wconf 92' lang='lat' dir='ltr'><strong>et</strong></span> <span class='ocrx_word' id='word_1_81' title='bbox 332 1507 390 1570; x_wconf 86' lang='lat' dir='ltr'><strong>pro</strong></span> <span class='ocrx_word' id='word_1_82' title='bbox 413 1486 557 1549; x_wconf 91' lang='lat' dir='ltr'><strong>instituto</strong></span> <span class='ocrx_word' id='word_1_83' title='bbox 580 1487 747 1567; x_wconf 86' lang='lat' dir='ltr'><strong>concessit,</strong></span> <span class='ocrx_word' id='word_1_84' title='bbox 769 1485 848 1548; x_wconf 91' lang='lat' dir='ltr'><strong>item</strong></span> <span class='ocrx_word' id='word_1_85' title='bbox 870 1482 1040 1568; x_wconf 80' lang='lat' dir='ltr'><strong>Caecinae,</strong></span> 
     </span>
     <span class='ocr_line' id='line_1_13' title="bbox 56 1586 1041 1684; baseline 0.002 -31"><span class='ocrx_word' id='word_1_86' title='bbox 56 1586 212 1672; x_wconf 88' lang='lat' dir='ltr'><strong>†Cetei0,</strong></span> <span class='ocrx_word' id='word_1_87' title='bbox 235 1590 271 1655; x_wconf 92' lang='lat' dir='ltr'><strong>P.</strong></span> <span class='ocrx_word' id='word_1_88' title='bbox 288 1587 396 1672; x_wconf 85' lang='lat' dir='ltr'><strong>Atrio,</strong></span> <span class='ocrx_word' id='word_1_89' title='bbox 419 1589 459 1653; x_wconf 92' lang='lat' dir='ltr'><strong>L.</strong></span> <span class='ocrx_word' id='word_1_90' title='bbox 476 1588 583 1653; x_wconf 90' lang='lat' dir='ltr'><strong>Cellae</strong></span> <span class='ocrx_word' id='word_1_91' title='bbox 605 1590 690 1676; x_wconf 87' lang='lat' dir='ltr'><strong>patri</strong></span> <span class='ocrx_word' id='word_1_92' title='bbox 713 1597 746 1653; x_wconf 90' lang='lat' dir='ltr'><strong>et</strong></span> <span class='ocrx_word' id='word_1_93' title='bbox 766 1589 841 1671; x_wconf 91' lang='lat' dir='ltr'><strong>filio,</strong></span> <span class='ocrx_word' id='word_1_94' title='bbox 864 1590 909 1654; x_wconf 89' lang='lat' dir='ltr'><strong>M.</strong></span> <span class='ocrx_word' id='word_1_95' title='bbox 925 1589 1041 1684; x_wconf 71' lang='lat' dir='ltr'><strong>Eppio‚</strong></span> 
     </span>
     <span class='ocr_line' id='line_1_14' title="bbox 56 1691 1042 1779; baseline 0 -23"><span class='ocrx_word' id='word_1_96' title='bbox 56 1693 101 1756; x_wconf 90' lang='lat' dir='ltr'><strong>M.</strong></span> <span class='ocrx_word' id='word_1_97' title='bbox 125 1691 266 1778; x_wconf 82' lang='lat' dir='ltr'><strong>Aquino,</strong></span> <span class='ocrx_word' id='word_1_98' title='bbox 301 1691 433 1758; x_wconf 92' lang='lat' dir='ltr'><strong>Catonis</strong></span> <span class='ocrx_word' id='word_1_99' title='bbox 466 1692 531 1757; x_wconf 88' lang='lat' dir='ltr'><strong>filio</strong></span> <span class='ocrx_word' id='word_1_100' title='bbox 564 1693 822 1779; x_wconf 86' lang='lat' dir='ltr'><strong>Damasippique</strong></span> <span class='ocrx_word' id='word_1_101' title='bbox 856 1692 965 1759; x_wconf 88' lang='lat' dir='ltr'><strong>liberis</strong></span> <span class='ocrx_word' id='word_1_102' title='bbox 999 1715 1042 1757; x_wconf 91' lang='lat' dir='ltr'><strong>ex</strong></span> 
     </span>
     <span class='ocr_line' id='line_1_15' title="bbox 56 1796 1149 1882; baseline 0.004 -23"><span class='ocrx_word' id='word_1_103' title='bbox 56 1816 116 1860; x_wconf 88' lang='lat' dir='ltr'><strong>sua</strong></span> <span class='ocrx_word' id='word_1_104' title='bbox 137 1796 370 1861; x_wconf 89' lang='lat' dir='ltr'><strong>consuetudine</strong></span> <span class='ocrx_word' id='word_1_105' title='bbox 392 1796 505 1862; x_wconf 89' lang='lat' dir='ltr'><strong>tribuit</strong></span> <span class='ocrx_word' id='word_1_106' title='bbox 527 1798 718 1882; x_wconf 89' lang='lat' dir='ltr'><strong>circiterque</strong></span> <span class='ocrx_word' id='word_1_107' title='bbox 740 1796 914 1862; x_wconf 82' lang='lat' dir='ltr'><strong>luminibus</strong></span> <span class='ocrx_word' id='word_1_108' title='bbox 930 1820 1042 1863; x_wconf 90' lang='lat' dir='ltr'><strong>accen·</strong></span> <span class='ocrx_word' id='word_1_109' title='bbox 1146 1840 1149 1844; x_wconf 91' lang='lat'><em>-</em></span> 
     </span>
     <span class='ocr_line' id='line_1_16' title="bbox 56 1899 1042 1989; baseline 0.002 -26"><span class='ocrx_word' id='word_1_110' title='bbox 56 1901 100 1964; x_wconf 87' lang='lat' dir='ltr'><strong>sis</strong></span> <span class='ocrx_word' id='word_1_111' title='bbox 121 1899 253 1965; x_wconf 83' lang='lat' dir='ltr'><strong>Uticam</strong></span> <span class='ocrx_word' id='word_1_112' title='bbox 275 1902 424 1987; x_wconf 88' lang='lat' dir='ltr'><strong>pervenit</strong></span> <span class='ocrx_word' id='word_1_113' title='bbox 452 1910 551 1987; x_wconf 87' lang='lat' dir='ltr'><strong>atque</strong></span> <span class='ocrx_word' id='word_1_114' title='bbox 578 1910 673 1966; x_wconf 85' lang='lat' dir='ltr'><strong>extra</strong></span> <span class='ocrx_word' id='word_1_115' title='bbox 703 1901 858 1989; x_wconf 90' lang='lat' dir='ltr'><strong>oppidum</strong></span> <span class='ocrx_word' id='word_1_116' title='bbox 886 1924 925 1966; x_wconf 90' lang='lat' dir='ltr'><strong>ea</strong></span> <span class='ocrx_word' id='word_1_117' title='bbox 947 1911 1042 1967; x_wconf 87' lang='lat' dir='ltr'><strong>nocte</strong></span> 
     </span>
     <span class='ocr_line' id='line_1_17' title="bbox 55 2005 181 2068; baseline 0 -2"><span class='ocrx_word' id='word_1_118' title='bbox 55 2005 181 2068; x_wconf 89' lang='lat' dir='ltr'><strong>mansit.</strong></span> 
     </span>
    </p>

    <p class='ocr_par' dir='ltr' id='par_1_3' title="bbox 10 2106 1064 3661">
     <span class='ocr_line' id='line_1_18' title="bbox 146 2106 1042 2195; baseline 0.003 -23"><span class='ocrx_word' id='word_1_119' title='bbox 146 2106 197 2172; x_wconf 89' lang='lat'><strong>90.</strong></span> <span class='ocrx_word' id='word_1_120' title='bbox 219 2107 353 2172; x_wconf 87' lang='lat' dir='ltr'><strong>Postero</strong></span> <span class='ocrx_word' id='word_1_121' title='bbox 376 2107 429 2173; x_wconf 91' lang='lat' dir='ltr'><strong>die</strong></span> <span class='ocrx_word' id='word_1_122' title='bbox 451 2131 547 2173; x_wconf 83' lang='lat' dir='ltr'><strong>mane</strong></span> <span class='ocrx_word' id='word_1_123' title='bbox 568 2111 603 2174; x_wconf 91' lang='lat' dir='ltr'><strong>in</strong></span> <span class='ocrx_word' id='word_1_124' title='bbox 626 2110 780 2195; x_wconf 89' lang='lat' dir='ltr'><strong>oppidum</strong></span> <span class='ocrx_word' id='word_1_125' title='bbox 801 2112 924 2176; x_wconf 88' lang='lat' dir='ltr'><strong>introiit</strong></span> <span class='ocrx_word' id='word_1_126' title='bbox 945 2111 1042 2176; x_wconf 88' lang='lat' dir='ltr'><strong>conti-</strong></span> 
     </span>
     <span class='ocr_line' id='line_1_19' title="bbox 57 2210 1041 2299; baseline 0.002 -23"><span class='ocrx_word' id='word_1_127' title='bbox 57 2232 182 2296; x_wconf 90' lang='lat' dir='ltr'><strong>oneque</strong></span> <span class='ocrx_word' id='word_1_128' title='bbox 198 2210 358 2276; x_wconf 88' lang='lat' dir='ltr'><strong>advocata</strong></span> <span class='ocrx_word' id='word_1_129' title='bbox 372 2212 544 2277; x_wconf 85' lang='lat' dir='ltr'><strong>Uticenses</strong></span> <span class='ocrx_word' id='word_1_130' title='bbox 567 2213 688 2277; x_wconf 88' lang='lat' dir='ltr'><strong>incolas</strong></span> <span class='ocrx_word' id='word_1_131' title='bbox 712 2213 897 2279; x_wconf 85' lang='lat' dir='ltr'><strong>cohortatus</strong></span> <span class='ocrx_word' id='word_1_132' title='bbox 919 2216 1041 2299; x_wconf 85' lang='lat' dir='ltr'><strong>gratias</strong></span> 
     </span>
     <span class='ocr_line' id='line_1_20' title="bbox 56 2315 1063 2401; baseline 0.005 -23"><span class='ocrx_word' id='word_1_133' title='bbox 56 2336 115 2400; x_wconf 87' lang='lat' dir='ltr'><strong>pro</strong></span> <span class='ocrx_word' id='word_1_134' title='bbox 137 2336 249 2379; x_wconf 89' lang='lat' dir='ltr'><strong>eorum</strong></span> <span class='ocrx_word' id='word_1_135' title='bbox 271 2336 350 2399; x_wconf 89' lang='lat' dir='ltr'><strong>erga</strong></span> <span class='ocrx_word' id='word_1_136' title='bbox 365 2337 400 2380; x_wconf 87' lang='lat' dir='ltr'><strong>se</strong></span> <span class='ocrx_word' id='word_1_137' title='bbox 415 2315 521 2380; x_wconf 90' lang='lat' dir='ltr'><strong>studio</strong></span> <span class='ocrx_word' id='word_1_138' title='bbox 542 2318 619 2401; x_wconf 89' lang='lat' dir='ltr'><strong>agit,</strong></span> <span class='ocrx_word' id='word_1_139' title='bbox 643 2319 730 2382; x_wconf 90' lang='lat' dir='ltr'><strong>cives</strong></span> <span class='ocrx_word' id='word_1_140' title='bbox 748 2326 858 2382; x_wconf 90' lang='lat' dir='ltr'><strong>autem</strong></span> <span class='ocrx_word' id='word_1_141' title='bbox 879 2319 1063 2383; x_wconf 71' lang='lat' dir='ltr'><strong>Romanose</strong></span> 
     </span>
     <span class='ocr_line' id='line_1_21' title="bbox 55 2421 1041 2507; baseline 0.001 -23"><span class='ocrx_word' id='word_1_142' title='bbox 55 2421 272 2504; x_wconf 87' lang='lat' dir='ltr'><strong>negotiatores</strong></span> <span class='ocrx_word' id='word_1_143' title='bbox 294 2429 327 2483; x_wconf 90' lang='lat' dir='ltr'><strong>et</strong></span> <span class='ocrx_word' id='word_1_144' title='bbox 349 2442 419 2501; x_wconf 88' lang='lat' dir='ltr'><strong>eos,</strong></span> <span class='ocrx_word' id='word_1_145' title='bbox 450 2422 504 2505; x_wconf 87' lang='lat' dir='ltr'><strong>qui</strong></span> <span class='ocrx_word' id='word_1_146' title='bbox 534 2422 618 2484; x_wconf 90' lang='lat' dir='ltr'><strong>inter</strong></span> <span class='ocrx_word' id='word_1_147' title='bbox 641 2436 704 2485; x_wconf 82' lang='lat' dir='ltr'><strong>ccc</strong></span> <span class='ocrx_word' id='word_1_148' title='bbox 726 2423 880 2507; x_wconf 87' lang='lat' dir='ltr'><strong>pecunias</strong></span> <span class='ocrx_word' id='word_1_149' title='bbox 903 2421 1041 2487; x_wconf 90' lang='lat' dir='ltr'><strong>contule·</strong></span> 
     </span>
     <span class='ocr_line' id='line_1_22' title="bbox 55 2523 1043 2610; baseline 0.004 -23"><span class='ocrx_word' id='word_1_150' title='bbox 55 2532 131 2588; x_wconf 85' lang='lat' dir='ltr'><strong>rant</strong></span> <span class='ocrx_word' id='word_1_151' title='bbox 152 2524 242 2588; x_wconf 90' lang='lat' dir='ltr'><strong>Varo</strong></span> <span class='ocrx_word' id='word_1_152' title='bbox 275 2533 308 2587; x_wconf 92' lang='lat' dir='ltr'><strong>et</strong></span> <span class='ocrx_word' id='word_1_153' title='bbox 335 2523 491 2610; x_wconf 81' lang='lat' dir='ltr'><strong>Scipioni,</strong></span> <span class='ocrx_word' id='word_1_154' title='bbox 524 2523 633 2589; x_wconf 86' lang='lat' dir='ltr'><strong>multis</strong></span> <span class='ocrx_word' id='word_1_155' title='bbox 665 2523 775 2589; x_wconf 86' lang='lat' dir='ltr'><strong>verbis</strong></span> <span class='ocrx_word' id='word_1_156' title='bbox 808 2534 976 2591; x_wconf 88' lang='lat' dir='ltr'><strong>accusatos</strong></span> <span class='ocrx_word' id='word_1_157' title='bbox 1009 2535 1043 2590; x_wconf 90' lang='lat' dir='ltr'><strong>et</strong></span> 
     </span>
     <span class='ocr_line' id='line_1_23' title="bbox 56 2625 1042 2714; baseline 0.004 -23"><span class='ocrx_word' id='word_1_158' title='bbox 56 2625 98 2691; x_wconf 89' lang='lat' dir='ltr'><strong>de</strong></span> <span class='ocrx_word' id='word_1_159' title='bbox 136 2648 249 2692; x_wconf 92' lang='lat' dir='ltr'><strong>eornm</strong></span> <span class='ocrx_word' id='word_1_160' title='bbox 283 2626 458 2692; x_wconf 87' lang='lat' dir='ltr'><strong>sceleribus</strong></span> <span class='ocrx_word' id='word_1_161' title='bbox 494 2626 637 2714; x_wconf 86' lang='lat' dir='ltr'><strong>longiore</strong></span> <span class='ocrx_word' id='word_1_162' title='bbox 674 2627 786 2694; x_wconf 91' lang='lat' dir='ltr'><strong>habita</strong></span> <span class='ocrx_word' id='word_1_163' title='bbox 823 2632 967 2695; x_wconf 87' lang='lat' dir='ltr'><strong>oratione</strong></span> <span class='ocrx_word' id='word_1_164' title='bbox 999 2630 1042 2695; x_wconf 93' lang='lat' dir='ltr'><strong>ad</strong></span> 
     </span>
     <span class='ocr_line' id='line_1_24' title="bbox 58 2731 1064 2818; baseline 0.006 -24"><span class='ocrx_word' id='word_1_165' title='bbox 58 2739 256 2814; x_wconf 85' lang='lat' dir='ltr'><strong>extremum,</strong></span> <span class='ocrx_word' id='word_1_166' title='bbox 290 2738 327 2794; x_wconf 90' lang='lat' dir='ltr'><strong>ut</strong></span> <span class='ocrx_word' id='word_1_167' title='bbox 355 2731 424 2795; x_wconf 91' lang='lat' dir='ltr'><strong>sine</strong></span> <span class='ocrx_word' id='word_1_168' title='bbox 456 2741 546 2796; x_wconf 89' lang='lat' dir='ltr'><strong>metu</strong></span> <span class='ocrx_word' id='word_1_169' title='bbox 579 2731 762 2818; x_wconf 88' lang='lat' dir='ltr'><strong>prodirent,</strong></span> <span class='ocrx_word' id='word_1_170' title='bbox 797 2734 910 2799; x_wconf 90' lang='lat' dir='ltr'><strong>edicit:</strong></span> <span class='ocrx_word' id='word_1_171' title='bbox 938 2756 973 2799; x_wconf 92' lang='lat' dir='ltr'><strong>se</strong></span> <span class='ocrx_word' id='word_1_172' title='bbox 996 2737 1064 2800; x_wconf 80' lang='lat' dir='ltr'><strong>eis³</strong></span> 
     </span>
     <span class='ocr_line' id='line_1_25' title="bbox 56 2834 1043 2924; baseline 0.004 -24"><span class='ocrx_word' id='word_1_173' title='bbox 56 2834 217 2900; x_wconf 89' lang='lat' dir='ltr'><strong>duntaxat</strong></span> <span class='ocrx_word' id='word_1_174' title='bbox 238 2837 339 2900; x_wconf 87' lang='lat' dir='ltr'><strong>vitam</strong></span> <span class='ocrx_word' id='word_1_175' title='bbox 362 2858 603 2919; x_wconf 69' lang='lat' dir='ltr'><strong>concessurum,</strong></span> <span class='ocrx_word' id='word_1_176' title='bbox 627 2836 713 2903; x_wconf 92' lang='lat' dir='ltr'><strong>bona</strong></span> <span class='ocrx_word' id='word_1_177' title='bbox 736 2838 867 2924; x_wconf 91' lang='lat' dir='ltr'><strong>quidem</strong></span> <span class='ocrx_word' id='word_1_178' title='bbox 882 2862 994 2906; x_wconf 87' lang='lat' dir='ltr'><strong>eornm</strong></span> <span class='ocrx_word' id='word_1_179' title='bbox 1008 2863 1043 2905; x_wconf 90' lang='lat' dir='ltr'><strong>se</strong></span> 
     </span>
     <span class='ocr_line' id='line_1_26' title="bbox 55 2936 1043 3028; baseline 0.007 -26"><span class='ocrx_word' id='word_1_180' title='bbox 55 2936 279 3022; x_wconf 89' lang='lat' dir='ltr'><strong>venditurum,</strong></span> <span class='ocrx_word' id='word_1_181' title='bbox 313 2941 359 3005; x_wconf 89' lang='lat' dir='ltr'><strong>ita</strong></span> <span class='ocrx_word' id='word_1_182' title='bbox 385 2949 511 3024; x_wconf 87' lang='lat' dir='ltr'><strong>tamen,</strong></span> <span class='ocrx_word' id='word_1_183' title='bbox 546 2942 601 3027; x_wconf 91' lang='lat' dir='ltr'><strong>qui</strong></span> <span class='ocrx_word' id='word_1_184' title='bbox 635 2964 747 3006; x_wconf 90' lang='lat' dir='ltr'><strong>eorum</strong></span> <span class='ocrx_word' id='word_1_185' title='bbox 775 2945 842 3028; x_wconf 86' lang='lat' dir='ltr'><strong>ipse</strong></span> <span class='ocrx_word' id='word_1_186' title='bbox 871 2965 930 3008; x_wconf 87' lang='lat' dir='ltr'><strong>sua</strong></span> <span class='ocrx_word' id='word_1_187' title='bbox 956 2942 1043 3009; x_wconf 93' lang='lat' dir='ltr'><strong>bona</strong></span> 
     </span>
     <span class='ocr_line' id='line_1_27' title="bbox 54 3041 1043 3125; baseline 0.006 -19"><span class='ocrx_word' id='word_1_188' title='bbox 54 3041 261 3125; x_wconf 87' lang='lat' dir='ltr'><strong>redemisset,</strong></span> <span class='ocrx_word' id='word_1_189' title='bbox 295 3064 329 3106; x_wconf 91' lang='lat' dir='ltr'><strong>se</strong></span> <span class='ocrx_word' id='word_1_190' title='bbox 351 3041 512 3109; x_wconf 90' lang='lat' dir='ltr'><strong>bonorum</strong></span> <span class='ocrx_word' id='word_1_191' title='bbox 532 3044 752 3111; x_wconf 89' lang='lat' dir='ltr'><strong>venditionem</strong></span> <span class='ocrx_word' id='word_1_192' title='bbox 780 3047 988 3113; x_wconf 89' lang='lat' dir='ltr'><strong>inducturum</strong></span> <span class='ocrx_word' id='word_1_193' title='bbox 1011 3057 1043 3112; x_wconf 86' lang='lat' dir='ltr'><strong>ct</strong></span> 
     </span>
     <span class='ocr_line' id='line_1_28' title="bbox 55 3145 1042 3233; baseline 0.005 -24"><span class='ocrx_word' id='word_1_194' title='bbox 55 3147 227 3232; x_wconf 90' lang='lat' dir='ltr'><strong>pecuniam</strong></span> <span class='ocrx_word' id='word_1_195' title='bbox 249 3145 368 3211; x_wconf 87' lang='lat' dir='ltr'><strong>multae</strong></span> <span class='ocrx_word' id='word_1_196' title='bbox 384 3149 513 3212; x_wconf 91' lang='lat' dir='ltr'><strong>nomine</strong></span> <span class='ocrx_word' id='word_1_197' title='bbox 530 3149 718 3233; x_wconf 87' lang='lat' dir='ltr'><strong>relaturum,</strong></span> <span class='ocrx_word' id='word_1_198' title='bbox 740 3159 777 3214; x_wconf 92' lang='lat' dir='ltr'><strong>ut</strong></span> <span class='ocrx_word' id='word_1_199' title='bbox 791 3150 1042 3216; x_wconf 89' lang='lat' dir='ltr'><strong>incolumitatem</strong></span> 
     </span>
     <span class='ocr_line' id='line_1_29' title="bbox 54 3250 1064 3338; baseline 0.005 -25"><span class='ocrx_word' id='word_1_200' title='bbox 54 3251 194 3314; x_wconf 88' lang='lat' dir='ltr'><strong>retinere</strong></span> <span class='ocrx_word' id='word_1_201' title='bbox 216 3259 333 3335; x_wconf 91' lang='lat' dir='ltr'><strong>posset.</strong></span> <span class='ocrx_word' id='word_1_202' title='bbox 358 3250 485 3334; x_wconf 78' lang='lat' dir='ltr'><strong>Quibus</strong></span> <span class='ocrx_word' id='word_1_203' title='bbox 507 3261 596 3316; x_wconf 90' lang='lat' dir='ltr'><strong>metu</strong></span> <span class='ocrx_word' id='word_1_204' title='bbox 618 3252 838 3338; x_wconf 81' lang='lat' dir='ltr'><strong>exsanguibus</strong></span> <span class='ocrx_word' id='word_1_205' title='bbox 853 3253 894 3317; x_wconf 94' lang='lat' dir='ltr'><strong>de</strong></span> <span class='ocrx_word' id='word_1_206' title='bbox 909 3256 1064 3338; x_wconf 82' lang='lat' dir='ltr'><strong>vitaque⁴</strong></span> 
     </span>
     <span class='ocr_line' id='line_1_30' title="bbox 56 3354 1040 3443; baseline 0.004 -26"><span class='ocrx_word' id='word_1_207' title='bbox 56 3375 100 3418; x_wconf 88' lang='lat' dir='ltr'><strong>ex</strong></span> <span class='ocrx_word' id='word_1_208' title='bbox 121 3376 179 3419; x_wconf 89' lang='lat' dir='ltr'><strong>sno</strong></span> <span class='ocrx_word' id='word_1_209' title='bbox 202 3358 377 3440; x_wconf 86' lang='lat' dir='ltr'><strong>promerito</strong></span> <span class='ocrx_word' id='word_1_210' title='bbox 406 3355 655 3443; x_wconf 85' lang='lat' dir='ltr'><strong>desperantibus</strong></span> <span class='ocrx_word' id='word_1_211' title='bbox 678 3355 783 3421; x_wconf 91' lang='lat' dir='ltr'><strong>subito</strong></span> <span class='ocrx_word' id='word_1_212' title='bbox 807 3354 916 3421; x_wconf 90' lang='lat' dir='ltr'><strong>oblata</strong></span> <span class='ocrx_word' id='word_1_213' title='bbox 937 3355 1040 3421; x_wconf 90' lang='lat' dir='ltr'><strong>salute</strong></span> 
     </span>
     <span class='ocr_line' id='line_1_31' title="bbox 54 3456 1040 3547; baseline 0.004 -25"><span class='ocrx_word' id='word_1_214' title='bbox 54 3456 192 3523; x_wconf 85' lang='lat' dir='ltr'><strong>libentes</strong></span> <span class='ocrx_word' id='word_1_215' title='bbox 228 3458 402 3546; x_wconf 85' lang='lat' dir='ltr'><strong>cupidique</strong></span> <span class='ocrx_word' id='word_1_216' title='bbox 440 3461 661 3526; x_wconf 90' lang='lat' dir='ltr'><strong>condicionem</strong></span> <span class='ocrx_word' id='word_1_217' title='bbox 704 3470 901 3547; x_wconf 88' lang='lat' dir='ltr'><strong>acceperunt</strong></span> <span class='ocrx_word' id='word_1_218' title='bbox 943 3463 1040 3547; x_wconf 87' lang='lat' dir='ltr'><strong>petie-</strong></span> 
     </span>
     <span class='ocr_line' id='line_1_32' title="bbox 53 3561 1043 3649; baseline -0.005 -19.208"><span class='ocrx_word' id='word_1_219' title='bbox 53 3571 196 3649; x_wconf 83' lang='lat' dir='ltr'><strong>runtque</strong></span> <span class='ocrx_word' id='word_1_220' title='bbox 229 3586 249 3628; x_wconf 89' lang='lat' dir='ltr'><strong>a</strong></span> <span class='ocrx_word' id='word_1_221' title='bbox 279 3561 435 3647; x_wconf 77' lang='lat' dir='ltr'><strong>Caesare,</strong></span> <span class='ocrx_word' id='word_1_222' title='bbox 468 3573 505 3628; x_wconf 90' lang='lat' dir='ltr'><strong>ut</strong></span> <span class='ocrx_word' id='word_1_223' title='bbox 536 3565 696 3628; x_wconf 88' lang='lat' dir='ltr'><strong>universis</strong></span> <span class='ocrx_word' id='word_1_224' title='bbox 718 3579 782 3628; x_wconf 76' lang='lat' dir='ltr'><strong>ccc</strong></span> <span class='ocrx_word' id='word_1_225' title='bbox 813 3585 879 3628; x_wconf 90' lang='lat' dir='ltr'><strong>uno</strong></span> <span class='ocrx_word' id='word_1_226' title='bbox 911 3565 1043 3628; x_wconf 81' lang='lat' dir='ltr'><strong>nominc</strong></span> 
     </span>
    </p>
   </div>
   <div class='ocr_carea' id='block_1_3' title="bbox 0 0 1192 3924">
    <p class='ocr_par' dir='ltr' id='par_1_4' title="bbox 0 0 1192 3924">
     <span class='ocr_line' id='line_1_33' title="bbox 0 0 1192 3924; baseline 0 1"><span class='ocrx_word' id='word_1_227' title='bbox 0 0 1192 3924; x_wconf 95' lang='lat' dir='ltr'><strong> </strong></span> 
     </span>
    </p>
   </div>
  </div>
 </body>
</html>
