2376 3924
106 220 255 290 sxxvnr
423 217 634 268 anuarino
655 218 800 268 carrica

114 408 195 472 plane
215 424 269 457 non
290 405 433 456 conelliari
456 411 545 471 potest
572 421 687 471 sequens
712 407 881 456 enuntiatum
909 422 957 472 per
979 410 1097 473 particu-

116 497 170 545 lam
188 509 267 545 aam
286 493 450 543 adiunctum.

218 599 283 656 c.8,
304 600 330 645 1:
359 593 557 647 Accedebat
583 593 646 646 bac
669 597 703 646 at
726 592 838 662 lassatas
863 593 963 648 bellam
981 596 1096 651 duceret

115 680 283 752 Pompeiasss
302 681 372 732 hanc
391 681 515 731 codicum
534 683 695 746 scripturam
713 681 810 731 iamin
823 684 962 747 superiore
975 684 1097 735 editione

115 775 210 819 contra
228 767 421 834 Nipperdeium
440 766 563 830 defendi,
591 769 638 832 qni
663 765 809 820 accidebat
826 767 876 820 hac
897 769 995 831 edidit,
1023 770 1097 834 quod

115 856 184 906 nihil
208 864 289 906 antea
312 855 428 905 relatum
453 859 536 916 esset,
567 870 619 919 quo
643 854 711 904 haec
736 856 885 905 accessisse
906 856 961 905 diei
977 861 1097 921 possent.

114 949 142 993 at
160 942 339 992 antecedente
361 941 449 1006 capite
473 942 611 1006 expositae
636 946 698 991 sunt
722 940 830 1005 copiae,
858 956 926 1005 quas
943 943 1097 1008 'Pompeius

113 1029 223 1087 habuit3
254 1029 314 1077 iure
338 1027 421 1091 igitur
444 1025 500 1076 dici
523 1031 643 1092 poterat,
666 1011 733 1078 ¹tetta
757 1027 775 1079 i.
795 1043 817 1076 e.
841 1027 876 1076 ad
899 1042 960 1077 eam
979 1027 1096 1092 quaein

114 1115 201 1180 copiis
221 1115 309 1163 inerat
333 1111 399 1161 belli
423 1111 535 1177 gerendi
557 1111 716 1161 facultatem
740 1109 904 1178 accessisse,
931 1119 962 1162 ut
987 1111 1097 1177 longius

113 1200 217 1251 bellum
232 1199 342 1248 duceret
353 1197 510 1262 Pompeius,
529 1197 602 1262 quod
619 1197 680 1247 loca
699 1201 790 1246 essent
808 1197 883 1246 edita
901 1203 928 1247 et
946 1197 981 1246 ad
996 1201 1096 1247 castro·

114 1303 173 1336 rum
192 1286 356 1335 munitiones
374 1299 428 1332 non
447 1298 542 1347 parum
562 1282 671 1332 idonea.
697 1296 738 1336 ε·
758 1282 809 1331 ib.:
835 1296 903 1334 aaut
925 1280 985 1348 fere
1006 1281 1095 1334 totius

114 1369 259 1424 altomeris
278 1366 440 1434 Hispoaiae
466 1367 542 1436 sepio
567 1372 686 1434 propter
714 1371 808 1420 terroe
835 1365 1040 1433 fecaaditatem
1063 1371 1096 1419 et

113 1472 183 1509 aaa
205 1455 320 1508 otiosas
347 1454 526 1522 copiosam
553 1454 781 1521 aqaatioaem
804 1453 915 1521 iaopem
938 1454 1096 1521 difficilem·

114 1561 165 1612 aaa
191 1543 273 1596 babet
299 1542 564 1611 oppaaaatioaem.]]
594 1543 678 1592 verba
702 1546 729 1594 et
751 1556 810 1594 aaa
833 1540 928 1594 miaas
952 1541 1095 1608 copiosam

114 1630 306 1698 aqaatiaaem,
331 1644 401 1695 quae
419 1630 483 1679 libri
501 1637 562 1694 post
579 1627 818 1697 oppaqaotioaem
838 1627 981 1692 exhibent,
1007 1634 1095 1678 trans-

114 1717 240 1784 ponenda
259 1732 318 1767 esse
338 1717 429 1767 docuit
447 1716 603 1781 Nipperdey
621 1733 647 1781 p.
665 1718 724 1766 231.

217 1847 239 1878 c.
259 1831 282 1889 9,
305 1832 331 1877 1:
361 1827 463 1896 [and]
482 1826 640 1895 Pompeias,
663 1827 737 1895 qaod
755 1826 849 1880 eodem
866 1826 932 1896 iaao
952 1824 1096 1894 tepebatar

98 1914 167 1979 ,loci
185 1918 302 1980 aatara,
321 1917 347 1965 et
365 1917 500 1964 remotam
519 1917 582 1964 erat
600 1913 782 1964 castellum
801 1928 820 1964 a
838 1911 943 1965 castris
954 1908 1095 1975 Cessatis,

114 1999 358 2052 aetimadaertebot
385 1999 439 2052 loci
466 1998 699 2064 difficaltate
726 2004 766 2061 et,
794 1998 863 2066 qaia
881 1998 995 2066 flamiae
1014 1995 1095 2050 Salso
1120 2053 1124 2059 ,

114 2085 364 2152 iatercladebataa,
382 2100 439 2138 aaa
452 2101 510 2139 esse
522 2085 735 2139 caaimissaram
746 2083 903 2152 Gaesarem,
921 2082 998 2136 atim
1011 2086 1096 2135 taatta

113 2172 167 2226 loci
186 2171 359 2237 difficaltate
377 2171 416 2224 ad
434 2171 595 2225 sabsidiam
612 2170 782 2225 mitteadam
800 2185 829 2224 se
847 2166 1046 2240 committeret]
1064 2175 1096 2220 ut

113 2262 140 2309 in
154 2261 243 2325 priore
257 2258 376 2308 editione
396 2257 477 2326 Quod
496 2259 605 2321 seclusi,
624 2256 777 2324 castellam,
797 2257 869 2322 quod
881 2262 945 2306 ante
958 2271 977 2307 a
990 2253 1096 2309 eastris

114 2346 214 2396 excidit
237 2345 361 2410 supplevi
384 2350 411 2394 et
434 2342 669 2408 difficaltate
691 2360 738 2409 pro
764 2341 964 2408 difficultatem
988 2342 1094 2406 scripsi.

114 2433 262 2483 ablativum
282 2448 325 2481 me
344 2436 453 2481 secutus
472 2431 552 2480 etiam
573 2430 686 2480 Diibner
704 2431 803 2496 posuit.
1103 2426 1106 2434 '

216 2561 238 2595 c.
259 2546 298 2606 11,
318 2545 346 2592 2:
374 2541 517 2610 ipotemqae
537 2539 656 2593 maltam
680 2540 819 2593 miserant
844 2539 892 2608 [sc.
911 2554 989 2592 amm
1006 2551 1095 2608 amate

114 2628 229 2680 telorum
249 2628 349 2694 qaibas
367 2627 442 2696 iaais
458 2642 512 2694 per
535 2626 629 2679 iactas
652 2625 753 2679 solitas
773 2630 814 2679 est
832 2623 947 2695 mittafl.
976 2620 1062 2676 verba
1078 2639 1097 2675 a

113 2731 156 2766 rue
175 2715 282 2765 inclusa
300 2715 334 2763 ab
354 2715 501 2779 interprete
520 2713 614 2764 addita
632 2728 707 2773 esse,
726 2718 756 2763 ut
774 2711 936 2778 explicaret,
960 2710 1095 2776 quomodo

113 2799 188 2868 ipais
207 2799 311 2851 missas
330 2802 413 2866 esset,
440 2800 495 2849 iam
514 2800 542 2849 ln
560 2800 650 2864 priore
668 2798 762 2848 monui
779 2797 907 2851 editions.
937 2811 979 2850 se.
998 2796 1096 2863 scripsi

113 2900 162 2950 pro
180 2884 279 2934 tradito
298 2884 339 2937 sic
358 2889 399 2951 at,
418 2891 445 2936 et
463 2883 580 2938 teloraa
598 2884 732 2950 supplevi,
751 2900 812 2934 cum
831 2898 909 2936 amite
926 2897 1014 2952 paras
1032 2881 1094 2950 qai-

112 2970 164 3023 bas
183 2972 228 3019 vix
240 2987 257 3020 a
271 2973 447 3036 grammatico
461 2972 563 3022 dictum
577 2987 727 3022 censerem.
748 2964 826 3021 abest
844 2969 946 3037 quibas
963 2969 997 3020 ab
1016 2967 1096 3034 aba,

114 3057 242 3107 omissum
262 3057 386 3120 fortasse,
404 3063 435 3107 ut
453 3059 493 3108 rei
511 3059 704 3124 grammaticae
724 3057 921 3108 consuleretur.

218 3179 240 3210 c.
267 3164 305 3223 12,
329 3163 358 3210 2:
391 3160 633 3230 [traasfapeaaat]
664 3160 829 3227 Nipperdeio
859 3165 969 3211 auctore
1000 3172 1095 3209 omnes

114 3249 243 3312 deinceps
267 3248 384 3298 editores
410 3247 586 3299 incluserunt.
614 3275 649 3285 -
676 3249 699 3310 ξ.
719 3250 748 3297 6:
775 3246 891 3297 alterum
914 3248 1008 3298 tamea
1032 3258 1094 3294 cum
1149 3300 1151 3304 ,

114 3334 236 3384 Kranero
255 3335 332 3383 uncis
351 3331 525 3385 circumdedi.

217 3453 238 3485 c.
259 3439 300 3499 13,
321 3439 348 3486 1:
378 3434 560 3489 trachiam
579 3435 701 3485 ducere
720 3431 853 3502 coepit]
874 3431 1001 3485 dacore
1021 3396 1094 3482 inse-

113 3523 227 3573 rendum
252 3538 312 3573 esse
335 3523 425 3573 docuit
446 3522 525 3572 Koch
548 3522 618 3571 Mus.
635 3521 687 3572 Bb.
705 3519 811 3581 XVIII,
829 3536 856 3586 p.
874 3520 933 3569 4⁵18.
959 3544 994 3555 -
1021 3518 1045 3580 ξ.
1062 3518 1094 3567 4:
