2376 3924
271 220 320 269 AD
340 218 439 269 CAES.
459 219 564 269 BELL.
583 217 688 269 GALL.
708 219 767 281 VII,
785 219 895 268 45-56.
918 265 921 269 ,
991 219 1078 268 XXIX

96 407 300 472 Dittenberger,
329 407 443 468 Holder,
477 407 668 457 Dob.·Dinter
697 407 827 467 fecerunt,
862 407 1002 472 vulgatam
1034 408 1079 457 de-

93 496 227 545 teriorum
256 494 380 544 codicum
403 493 549 544 lectionem
574 493 619 546 ad
642 493 873 546 munitionem
896 495 1079 556 restituerunt,

95 596 246 646 eorumque
277 580 428 629 sententiae
460 580 518 645 ipse
546 595 653 645 quoque
672 580 736 629 'iam
763 580 878 629 accessi.
918 595 978 628 curn
1009 580 1080 629 enim

96 668 180 717 statui
205 681 317 716 necesse
343 665 378 714 sit
402 666 492 714 locum
517 681 566 730 per
588 664 636 717 uzo
661 666 840 731 designatum,
864 665 899 715 ad
922 680 1001 730 quem
1025 666 1080 714 iam

95 767 191 804 omncs
210 750 308 818 copiae
326 750 529 813 traducuntur,
549 752 621 818 quod
640 751 741 802 Caesar
760 769 820 802 eum
839 768 868 802 se
890 767 1080 817 aggressurum

73 828 75 832 ὗ
97 853 158 889 esse
178 838 334 899 simulabat,
349 852 410 887 eum
422 838 511 902 ipsum
524 853 592 899 esse,
606 838 652 887 cui
664 836 758 887 Gallos
771 836 946 886 vehementer
957 838 1080 886 timuisse

96 932 124 975 et
143 926 181 975 ad
202 941 282 990 quem
309 923 485 974 muniendum
514 939 607 973 omnes
631 939 664 973 ex
692 923 791 988 oppido
819 939 835 972 a
858 924 1080 988 Vercingetorige

96 1015 227 1060 evocatos
251 1025 311 1059 esse
333 1027 356 1059 c.
374 1010 408 1058 44
431 1016 571 1059 narratum
595 1016 643 1069 est,
668 1015 695 1059 et
717 1025 778 1058 cum
802 1010 879 1058 initio
903 1026 925 1058 c.
944 1009 977 1057 48
996 1009 1030 1058 de
1047 1011 1081 1058 iis

97 1101 252 1159 moneatur,
272 1098 318 1161 qui
337 1088 375 1146 ‘ut
399 1095 488 1159 supra’
506 1124 540 1132 -
558 1112 596 1145 sc.
620 1101 712 1145 nostro
736 1096 796 1145 loco
815 1124 848 1132 —
869 1096 1081 1145 demonstratum

98 1183 143 1244 sit,
164 1181 199 1231 ad
216 1183 330 1233 alteram
350 1182 442 1247 oppidi
463 1187 566 1246 partem
589 1180 758 1233 munitionis
782 1197 871 1234 causa
894 1180 1080 1243 cmroerterc'at,

98 1269 183 1318 etiam
195 1274 278 1333 patet,
289 1284 343 1317 non
355 1266 545 1319 orunttiortum
558 1267 654 1333 coptus
669 1268 760 1334 aliquo
774 1284 833 1319 esse
847 1268 985 1331 deductas,
998 1270 1080 1319 immo

97 1367 193 1406 omnes
211 1351 274 1405 illo
294 1352 339 1405 ad
357 1352 585 1405 munitionem
604 1353 701 1419 copias
719 1369 778 1406 esse
797 1353 955 1407 traductum.

206 1457 228 1490 c.
240 1441 282 1502 46,
297 1444 325 1489 1:
345 1437 483 1506 quidquid
500 1438 564 1491 huc
579 1438 717 1491 circuitus
731 1439 770 1491 acl
783 1439 963 1492 arotticrtdum
980 1439 1082 1492 cliuum

99 1523 281 1594 accesserat]
308 1526 337 1574 in
360 1526 450 1590 priore
476 1526 585 1590 quidem
614 1526 733 1575 editione
761 1525 892 1576 librorum
920 1529 1081 1592 scripturam

98 1610 216 1664 huic-
233 1627 270 1661 sc.
288 1616 381 1663 rectae
398 1610 508 1679 reptent
527 1639 559 1648 -
577 1610 706 1661 tuendam
725 1627 906 1676 susceperam,
931 1612 979 1661 sed
996 1612 1082 1662 malui
1124 1671 1127 1678 Ι

98 1700 157 1748 iam
175 1714 209 1748 ex
232 1698 380 1764 Nipperdei
403 1699 559 1748 coniectura
581 1697 644 1750 huc
668 1699 796 1757 scribere,
821 1697 893 1762 quod
917 1699 1080 1749 recentiores

100 1799 210 1850 quoque
229 1785 345 1835 editores
364 1791 526 1850 receperunt
543 1785 663 1850 exceptis
681 1784 812 1850 Frigellio
832 1790 858 1833 et
875 1784 1014 1846 Diibnero,
1034 1786 1081 1849 qui

99 1868 185 1923 huic
203 1871 382 1920 retinuerunt.
1082 1924 1083 1928 Ἰ

207 1973 229 2007 c.
245 1959 329 2020 47,1:
348 1955 549 2025 teutonique
568 1955 697 2021 decimae,
721 1971 841 2022 quacum
859 1960 929 2021 erut,
948 1956 1082 2008 ceretto-

100 2046 225 2095 natum
251 2042 335 2112 siqua
361 2040 534 2111 constituit]
563 2041 764 2110 teutonique
788 2058 848 2093 cum
872 2043 1037 2107 Nipperdeio
1057 2049 1083 2092 et

102 2128 234 2196 Frigellio
254 2145 287 2177 ex
305 2130 414 2194 optimis
433 2129 524 2193 recepi
543 2128 696 2194 codicibus3
720 2128 914 2178 recentioribus
934 2128 1084 2178 editoribus

101 2213 322 2282 teytouisquc
340 2213 452 2280 placuit
470 2241 504 2251 -
522 2211 716 2265 contionatum
729 2215 799 2262 utin
813 2215 950 2278 superiore
964 2211 1082 2263 editione

101 2300 183 2365 posui
194 2315 242 2365 pro
256 2315 288 2349 eo
302 2299 373 2365 qnod
386 2298 463 2349 codd.
476 2298 578 2348 habent
591 2297 787 2365 contionatus5
806 2315 859 2348 non
874 2300 944 2348 enim
958 2301 1084 2350 contione

102 2387 199 2437 habita
211 2386 259 2437 sed
272 2392 417 2452 antequam
431 2387 520 2436 contio
537 2386 691 2449 haberetur,
705 2388 784 2451 signa
797 2392 873 2436 erant
886 2384 1084 2435 constituenda.

101 2472 176 2523 unde
189 2473 362 2538 participium
375 2488 424 2538 pro
437 2474 534 2537 supino
547 2479 657 2523 enatum
671 2473 713 2535 sit,
732 2472 813 2522 facile
834 2474 992 2538 explicatur,
1012 2472 1084 2536 quod

101 2562 250 2626 insequens
268 2559 432 2610 vocabulum
450 2560 485 2609 ab
504 2559 626 2608 litterula
644 2556 845 2621 s(coationatti
863 2557 957 2625 sipon)
977 2559 1080 2623 incipit

102 2645 214 2713 Goeleri
241 2647 424 2696 coniecturam
454 2643 661 2697 contiuuo
695 2644 816 2706 Dlibner,
851 2645 956 2706 Dinter,
990 2644 1084 2693 Kram-

102 2733 298 2798 Dittenberger
324 2737 492 2798 receperunt,
517 2730 565 2780 sed
584 2732 629 2778 vix
653 2730 727 2780 credi
745 2734 834 2795 potest
851 2736 907 2780 tam
924 2731 1018 2779 tritum
1036 2745 1082 2779 vo·

103 2817 234 2869 cabulum
246 2817 419 2867 librariorum
433 2833 522 2867 errore
535 2817 563 2864 in
577 2816 812 2868 contionatus
825 2818 944 2882 perverti
955 2817 1083 2881 potuisse.

104 2904 177 2970 quod
196 2903 292 2954 Heller
316 2904 433 2954 coniecit
450 2901 573 2955 clivom
595 2906 736 2962 licetne,
761 2902 826 2952 licet
849 2903 882 2951 ab
904 2903 1025 2952 Holdero
1044 2919 1085 2952 re-

104 2997 214 3057 ceptum
233 2992 277 3050 sit,
295 3005 383 3055 neque
402 2989 552 3039 litterarum
572 2988 759 3050 similitudine,
779 3004 868 3053 neque
881 3004 963 3038 sensu
976 2994 1084 3038 senteu-

103 3080 214 3142 tiaeque
232 3077 319 3127 forma
339 3076 550 3128 commendatur.

210 3180 233 3213 c.
246 3163 287 3224 bu,
301 3165 331 3212 2:
350 3161 426 3215 Nam
437 3166 475 3214 ut
487 3165 655 3214 commutato
668 3159 786 3212 consilto
798 3159 852 3212 tter
865 3160 897 3211 ia
905 3159 1084 3227 provinciam

104 3252 285 3310 conuerteret,
316 3252 358 3301 at
384 3262 428 3299 rie
454 3251 545 3300 meta
572 3245 709 3314 quidem
735 3245 893 3298 necessario
920 3245 1084 3310 faciendum

104 3332 312 3404 existimabat]
329 3335 359 3384 in
376 3335 420 3384 his
437 3335 529 3384 verbis
547 3349 640 3383 omnes
658 3333 715 3382 fere
733 3333 797 3381 libri
816 3333 1000 3394 consentiunt3
1019 3331 1084 3396 Nip-

104 3423 208 3491 perdey
219 3437 284 3472 vero
303 3420 473 3484 Elberlingio
492 3420 638 3481 obsecutus
654 3433 722 3469 uam
739 3432 779 3468 rte
798 3417 883 3467 edidit
901 3416 1034 3482 simulque
1053 3433 1085 3467 ex

106 3508 247 3560 ciacconii
260 3509 416 3559 coniectura
433 3509 467 3557 ut
483 3520 577 3558 eremo
595 3519 663 3556 nou
682 3508 751 3556 tum
763 3502 873 3570 quidem
887 3504 1002 3568 scripsit.
1022 3518 1081 3553 cnm
