2376 3924
305 247 354 297 AD
374 247 473 298 CAES.
491 249 594 298 BELL.
615 248 683 300 CIV.
701 250 723 312 1,
743 252 826 300 1-6.
1002 251 1055 303 Vll

75 435 197 502 deumne
219 450 326 488 emenso
349 436 445 503 spatia
469 451 587 489 suorum
611 436 768 504 actionum,
796 440 915 504 itemque
933 440 1057 490 Dubneri

75 526 235 574 coniectura
253 522 415 576 duodecimo
434 522 552 589 denique
571 538 675 590 meuse,
699 531 730 575 ut
748 526 853 576 mittam
871 526 969 576 mirum
988 525 1058 582 illud

74 610 183 660 Hellen
206 611 347 660 inventum
371 613 491 675 peraeta
516 608 634 675 denique
657 624 743 662 messe
765 609 946 675 nefariarum
970 610 1058 663 aetio·

74 711 151 762 uum,
170 695 239 745 haec
257 696 310 745 iam
330 711 362 744 eo
382 694 535 760 displicent,
555 696 627 759 quod
645 696 778 760 quomodo
797 702 856 747 orta
874 699 910 747 sit
927 697 1058 747 librorum

73 782 157 832 lectio
186 780 285 846 dispici
311 787 437 846 nequeat.
469 782 562 831 sensui
579 797 645 831 vero
671 782 821 832 consulitur
839 788 867 833 et
885 782 1057 847 corruptelae

75 869 151 933 origo
171 868 298 932 aperitur,
318 883 379 917 cum
398 865 497 919 ultimo
515 866 560 917 hic
578 868 708 932 scriptum
726 869 812 918 fuisse
829 868 953 918 fecimus.
975 868 1057 918 facila

75 955 147 1004 enim
167 958 276 1018 propter
295 952 422 1017 exiguam
440 952 591 1003 litterarum
609 953 621 1006 l
640 957 654 1007 t
670 953 683 1006 i
702 970 734 1003 ex
753 953 877 1005 codicum
894 969 968 1004 more
981 952 1057 1002 diffe-

74 1041 193 1090 rentiam
205 1039 376 1104 perspicitur,
395 1039 529 1103 quomodo
540 1035 636 1094 ¹ultio
655 1040 791 1105 corrumpi
802 1040 921 1104 potuerit
939 1040 967 1088 in
984 1036 1057 1095 ¹uffio

73 1143 119 1193 vel
144 1118 206 1196 ui'n.
236 1141 300 1192 inde
327 1141 427 1191 falsum
453 1137 523 1190 illud
550 1145 610 1193 octo
634 1141 752 1205 indeque
776 1143 858 1191 etiam
882 1155 987 1193 nreuses
1009 1157 1058 1206 pro

73 1242 167 1280 mense
185 1233 295 1278 enatum
315 1233 364 1276 est.
389 1255 421 1264 -
448 1228 470 1288 ς.
489 1227 518 1277 3:
547 1225 711 1278 decurritur
738 1225 777 1277 ud
804 1225 878 1279 illuct
905 1231 1059 1279 extremum

74 1317 158 1380 atque
186 1311 318 1366 ultimum
345 1316 462 1364 senatus
485 1310 657 1372 corisultum,
685 1326 737 1377 quo
761 1311 821 1364 nisi
834 1327 926 1379 paene
945 1312 976 1364 in
995 1312 1058 1380 ipso

73 1399 155 1452 urbis
173 1397 304 1452 incendio
323 1403 406 1464 atque
425 1397 456 1449 in
475 1397 669 1464 desperatione
694 1396 799 1450 salutis
822 1403 923 1450 eontra
938 1398 1058 1465 perni-

74 1485 192 1538 ciosae
211 1483 300 1553 lepis
319 1483 472 1536 latorum
485 1482 639 1535 audaciam
651 1498 805 1548 numquam
817 1488 883 1535 ante
896 1483 1059 1536 descensum

75 1569 136 1641 est]
154 1572 217 1622 falsi
234 1570 303 1620 milri
322 1586 381 1621 esse
399 1570 526 1619 videntur
539 1570 592 1618 viri
611 1569 691 1632 docti,
711 1571 757 1634 qui
776 1569 945 1634 corruptelae
965 1570 1057 1620 sedem

73 1658 103 1706 in
115 1657 201 1707 verbo
220 1655 343 1708 latorum
361 1657 450 1706 inesse
469 1655 530 1716 rati,
550 1654 584 1704 de
604 1653 754 1721 latronum,
774 1653 980 1721 sceleratorum,
998 1669 1058 1706 ma·

75 1742 175 1805 lorum,
190 1757 357 1809 paucorum,
374 1745 501 1808 patrum,
520 1744 692 1806 senatorum,
706 1744 873 1808 topatorum,
886 1741 979 1790 nescio
993 1756 1058 1806 quo·

74 1845 133 1878 rum
162 1827 278 1878 aliorum
304 1828 421 1877 audacia
449 1827 612 1892 cogitarunt.
644 1825 767 1878 latorum
791 1832 864 1876 certe
883 1828 1058 1878 sanissimum

74 1920 124 1979 est,
145 1914 291 1964 dummodo
310 1911 442 1963 sollemne
460 1911 531 1961 illud
549 1911 666 1962 addatur
685 1912 820 1963 obiectum
840 1910 908 1979 lepis
913 1931 923 1979 ‚·
950 1917 1058 1962 etcum

73 2002 244 2051 notissimum
263 2000 299 2049 sit
317 2006 344 2048 et
362 1998 433 2048 infra
451 1999 535 2047 etiam
560 2013 582 2047 c.
602 1997 660 2061 Ἠ
686 1999 788 2063 apertis
806 1998 898 2049 verbis
923 1997 1058 2064 significe-

72 2091 129 2148 tur,
158 2091 215 2135 tum
238 2085 355 2134 maxime
377 2083 413 2134 ad
436 2081 508 2133 illud
532 2090 681 2134 extremum
700 2090 782 2148 atque
800 2083 928 2136 ultimum
947 2090 1059 2135 senatus

73 2172 228 2223 consultum
253 2186 312 2220 esse
338 2170 513 2231 descensum,
541 2185 602 2219 cum
622 2170 811 2234 rogationibus
829 2170 953 2234 inprimis
971 2170 1057 2219 tribu-

72 2258 154 2308 niciis
171 2272 215 2306 res
233 2256 344 2320 publica
362 2255 518 2306 turbaretur
542 2255 576 2320 (c.
596 2256 619 2317 7,
639 2257 668 2304 5:
694 2253 726 2306 iu
746 2253 917 2321 perniciosis
942 2252 1056 2321 lepilruS,

72 2343 105 2395 in
122 2341 152 2395 oi
169 2338 346 2408 tribunicia),
374 2342 420 2390 vix
438 2340 559 2390 dubitari
579 2345 682 2405 potest,
711 2341 776 2405 quin
795 2354 865 2404 quae
883 2345 977 2390 nostro
996 2339 1056 2390 loco

73 2433 298 2479 commemoratur
325 2426 448 2479 latorum
478 2426 617 2487 audacia,
648 2427 681 2476 de
707 2425 940 2493 perniciosae
967 2425 1058 2494 lepis

72 2514 230 2566 latorum
247 2512 380 2566 audaci
386 2527 405 2563 a
422 2512 610 2579 intellegenda
628 2513 671 2562 sit.
699 2511 728 2561 id
746 2511 826 2562 modo
844 2513 872 2561 in
891 2513 996 2563 incerto
1015 2529 1057 2563 re·

71 2599 252 2665 linquendum
271 2606 320 2660 est,
339 2605 429 2649 utrum
448 2596 502 2667 lepr'
520 2598 601 2664 quale
619 2597 700 2648 modo
715 2598 794 2663 posui
807 2599 967 2648 attributum
980 2599 1057 2649 addi·

71 2692 130 2735 tum
143 2685 225 2735 fuerit
243 2699 279 2735 en
297 2686 356 2735 eius
375 2683 514 2737 latoribus
534 2685 566 2751 (e.
580 2700 605 2750 g.
624 2687 725 2736 contra
743 2681 970 2736 turbulentorum
988 2683 1058 2752 lepis

73 2771 197 2823 latorum
215 2770 388 2840 audaciam).

176 2873 199 2907 c.
218 2858 244 2917 6,
263 2857 279 2904 2
298 2873 351 2922 sq.:
372 2855 463 2908 alieno
482 2869 541 2908 esse
559 2854 653 2908 auimo
671 2855 703 2907 in
721 2855 869 2909 Caesarem
887 2855 990 2910 milites
1009 2872 1057 2910 ne·

72 2959 125 3011 que
143 2942 181 2996 iis
196 2957 280 3010 posse
294 2941 476 3010 persuaderi,
499 2941 545 2994 uti
563 2956 624 2994 eum
645 2939 802 3006 deferrdmrt
821 2946 874 2994 aut
892 2948 1056 3010 sequautur.

72 3029 196 3084 statim
215 3029 249 3081 de
267 3028 387 3096 reliquis,
401 3028 484 3082 rebus
503 3027 690 3081 adamatum
713 3027 865 3098 refertum]
895 3031 978 3096 vulgo
1004 3034 1057 3082 aut

72 3121 230 3183 sequmrtur
248 3115 354 3168 saltem.
385 3115 419 3168 de
441 3114 558 3182 reliquis
586 3121 649 3169 cett.
685 3114 785 3168 statim
814 3116 873 3166 cod.
898 3117 909 3170 l
935 3117 1055 3182 praebet,

72 3204 102 3253 iu
120 3202 137 3256 f
154 3205 187 3255 ul
211 3200 309 3254 statim
328 3199 424 3253 saltim
450 3202 579 3266 scriptum
604 3205 654 3251 est.
684 3216 778 3251 vocem
803 3200 903 3254 saltem
927 3217 960 3251 ex
984 3200 1055 3254 male

76 3288 167 3339 soluto
186 3287 347 3354 compendio
365 3293 457 3338 natam
477 3303 551 3350 esse,
580 3286 639 3342 cod.
657 3285 808 3337 Vossianus
827 3287 922 3337 testari
940 3285 1059 3350 videtur,

73 3375 103 3424 in
121 3388 177 3439 quo
194 3377 312 3426 senatus
330 3372 490 3426 consultum
507 3373 616 3438 legitur.
641 3401 674 3413 -
699 3373 722 3434 t.
741 3372 772 3421 b:
793 3370 960 3438 prosumiae
980 3371 1055 3439 [pri

71 3458 160 3531 vam]
189 3459 381 3513 dmermmtur
411 3456 485 3511 duae
514 3457 692 3524 euesulares,
722 3456 848 3523 reliquae
872 3455 1057 3527 praetoriae]

68 3544 197 3619 Μ
213 3551 246 3599 ut
263 3547 385 3613 spurium
404 3546 513 3597 inclusi.
531 3573 567 3584 -
585 3549 608 3610 ξ.
622 3549 638 3597 6
650 3547 706 3595 etl
724 3545 810 3595 rerba
823 3543 909 3612 [quod
927 3542 1055 3611 superio-
