2376 3924
287 221 337 272 AD
356 223 459 275 BELL.
479 223 584 274 ALEX.
605 225 644 274 78.
664 225 695 273 Β.
713 224 793 275 AFR.
812 227 887 276 2-4.
1014 227 1077 277 LXI

98 409 244 460 Caesarem
264 411 345 460 etiam
364 410 469 477 aliquot
487 413 626 463 onerarias
645 428 728 464 naves
747 430 839 464 secum
857 414 993 468 habuisse.
1022 416 1077 468 hae

96 497 152 546 iam
171 494 366 562 significantur,
386 513 445 546 oum
465 497 589 548 codicum
608 499 692 549 verba
709 504 847 550 tenemus:
875 516 993 568 maraque
1012 517 1076 555 ome-

96 580 195 633 rare'ae
218 579 342 646 reliquae
361 585 477 648 praeter
496 598 609 650 paucas
626 610 662 622 -
680 586 777 650 quibus
796 587 868 636 vecti
886 594 949 637 sunt
968 589 1012 638 illi
1031 588 1075 639 CL

97 668 202 733 equites
228 695 265 706 -
291 671 370 720 aerato
401 667 547 736 dispersae
576 674 638 723 cett.
674 687 780 722 meeum
805 673 929 724 fecerunt
954 675 1075 736 Diibner,

97 755 208 818 Dinter3
227 756 333 805 Kraner
351 755 500 808 onerariae
518 757 639 807 seclusit.

200 857 223 891 o.
236 844 260 903 3,
275 842 304 889 1:
322 840 476 908 Postquam
487 841 675 895 Adrumetum
688 843 813 905 accessit,
832 844 881 897 ubi
895 845 1076 911 praesidium

96 930 159 978 erat
178 925 416 994 aduersariorum,
440 927 488 980 eui
502 933 638 995 praeerat
657 928 685 981 U.
701 929 861 992 Causidius,
881 935 907 982 et
925 947 944 982 a
964 930 1076 998 Clupeis

96 1012 249 1065 secuudum
268 1027 347 1065 oram
364 1013 537 1066 maritimam
555 1030 617 1067 oum
642 1015 770 1082 equitata
794 1016 1001 1086 [Adrumetum]
1023 1016 1071 1071 Ga.

96 1098 165 1152 Piso
188 1114 251 1152 eum
267 1099 440 1153 Maurorum
463 1101 576 1153 eiree'ter
602 1100 694 1154 trrous
719 1101 832 1156 milibus
856 1105 1007 1173 apparuit,
1034 1105 1075 1158 ibi

93 1185 243 1253 paulisper
263 1184 368 1238 Caesar·
386 1192 572 1240 commoratus
591 1204 612 1240 e.
631 1203 655 1254 q.
674 1186 714 1258 s]
739 1205 800 1239 oum
819 1196 899 1241 antea
917 1193 1076 1257 vulgaretur

95 1272 255 1340 Adrumete',
273 1275 429 1340 Nipperdey
441 1274 628 1327 Adrumetum
647 1292 680 1325 ex
699 1276 775 1325 codd.
789 1279 918 1337 restituit;
938 1280 985 1330 red
1004 1281 1075 1345 quod

95 1360 245 1409 rectissime
264 1376 293 1410 se
311 1359 412 1411 habers
432 1363 546 1425 censuit,
568 1377 587 1412 a
606 1359 718 1429 Clupeis
738 1363 925 1416 Adrumetum
943 1365 1075 1418 Pisonem

96 1444 281 1511 apparuisse:
307 1445 367 1496 ‘hoo
386 1451 427 1496 est
444 1448 496 1510 ita,
524 1453 555 1496 ut
577 1446 754 1498 Adrumetum
782 1443 906 1514 peteret’,
933 1451 962 1499 id
989 1451 1074 1501 latine

95 1530 199 1581 dietum
225 1548 284 1583 esse
311 1533 366 1583 iam
395 1534 425 1582 in
452 1535 591 1598 superiore
616 1533 734 1583 editione
758 1536 866 1599 negavi.
896 1537 1073 1586 verisimilius

94 1633 155 1668 esse
173 1618 242 1680 dixi,
270 1620 325 1669 nisi
346 1620 576 1684 praepositionem
594 1618 634 1670 aa
653 1626 715 1669 ante
734 1619 921 1672 Adrumetum
940 1624 1073 1673 excidisse

95 1709 241 1767 statueres,
269 1704 362 1770 oppidi
381 1722 480 1756 nomen
499 1722 532 1756 ex
550 1707 674 1771 magistri
697 1707 922 1772 interpretatione
942 1710 971 1758 in
989 1711 1074 1760 verba

93 1792 243 1856 irrepsisse.
272 1793 366 1858 itaque
384 1791 574 1844 Adrumetum
592 1794 670 1843 uncis
695 1793 872 1858 inclusorem,
901 1811 967 1859 quos
993 1798 1074 1846 etiam

94 1892 168 1926 nuno
185 1879 294 1928 retinui.
324 1878 358 1928 ad
376 1894 463 1929 meam
488 1880 649 1928 sententiam
676 1881 792 1930 accessit
815 1881 940 1941 Dtibner3
968 1883 1074 1933 Kraner

92 1964 206 2013 verbum
225 1963 365 2031 apparuit
382 1971 412 2015 ut
431 1967 549 2030 spurium
570 1967 688 2030 notavit3
707 1967 805 2016 Dinter
822 1967 970 2032 Nipperdei
988 1970 1072 2035 serip-

93 2055 183 2099 turam
201 2051 319 2100 retinuit.

197 2153 220 2188 a.
238 2137 263 2200 4,
281 2140 311 2187 3:
337 2152 391 2204 quo
418 2135 587 2204 simulatque
614 2137 743 2205 captiuus
770 2138 854 2207 [eum]
880 2139 1073 2210 pervertisset]

93 2238 179 2291 emat,
205 2224 271 2275 lieet
288 2226 316 2274 in
335 2225 495 2276 melioribus
513 2225 591 2276 libris
610 2230 699 2276 exstet
717 2225 805 2290 (deest
823 2229 852 2276 in
870 2228 978 2293 Petam,
1002 2229 1073 2276 inter

91 2325 187 2372 versus
208 2312 338 2376 seriptum
356 2311 437 2377 inl),
463 2311 578 2371 seeluri;
606 2311 680 2363 valet
698 2315 770 2363 enim
789 2313 892 2364 dehoc
911 2313 971 2362 loeo
988 2314 1072 2373 idem,

92 2396 165 2463 quod
183 2397 213 2445 in
230 2395 324 2446 libello
349 2389 510 2465 ‘Construct
530 2397 555 2446 d.
574 2397 622 2449 lat.
641 2391 849 2464 Zeitpartilreln’
872 2399 881 2426 ²
899 2415 925 2463 p.
939 2401 979 2457 49,
999 2416 1025 2448 n.
1039 2401 1072 2448 67

41 2517 44 2522 -
92 2484 126 2534 de
144 2482 250 2533 duobus
268 2481 330 2533 aliis
349 2482 429 2533 huius
449 2485 634 2533 commentarii
652 2483 720 2533 loeis
740 2500 765 2557 o.¹
775 2485 818 2547 40,
836 2484 860 2533 5.
880 2482 950 2545 50,4
968 2486 1075 2546 monui,

91 2570 140 2619 ubi
166 2567 316 2633 particulae
340 2572 492 2635 postquam
519 2584 581 2618 oum
611 2569 783 2619 coniunctivo
813 2568 1072 2634 plusquamperfeoti

93 2655 255 2706 coniunctae
277 2657 389 2722 insuper
406 2655 505 2706 vocula
527 2671 589 2708 eum
607 2656 700 2706 addita
718 2661 767 2705 est.
798 2655 868 2704 idem
892 2660 964 2705 certe
987 2657 1070 2706 etiam

92 2758 116 2795 o.
134 2743 176 2805 91,
195 2742 212 2790 4
229 2742 387 2804 accidisset,
415 2743 468 2792 nisi
487 2757 603 2807 sequens
622 2741 756 2791 sententia
773 2741 834 2805 ipsa
851 2740 987 2806 particula
1009 2755 1072 2793 eum

93 2833 190 2894 coepta
206 2828 262 2879 tale
281 2829 498 2894 supplementum
515 2829 660 2877 vetuisset:
676 2830 864 2893 postquam
882 2824 1070 2879 Iuba...diu

91 2905 263 2980 multumque
278 2913 372 2982 primo
390 2913 475 2966 ualuis
489 2928 545 2981 pro
564 2913 681 2979 imperio
700 2912 833 2981 episset
851 2926 913 2964 eum
925 2912 1071 2965 Zameasi-

92 3000 152 3068 bus,
177 2999 251 3068 deta,
274 3015 359 3068 oum,
382 3015 412 3053 se
426 3015 533 3067 parum
548 2998 685 3067 proficere
707 2997 947 3052 iutelleaisset
964 3015 986 3052 e.
1005 3015 1028 3065 q.
1048 3014 1071 3051 s.

91 3089 173 3137 etiam
198 3086 392 3137 Ciceronianus
419 3086 507 3151 locos,
534 3087 583 3136 ubi
601 3090 787 3152 posteaquam
811 3101 873 3135 eum
897 3085 1069 3136 coniunctivo

91 3173 244 3239 imperfecti
255 3173 301 3223 vel
316 3173 576 3239 plusquamperfeoti
595 3177 779 3222 constructum
798 3177 847 3235 est,
864 3170 908 3221 vel
926 3169 1071 3220 inserenda
1127 3207 1131 3215 .

91 3259 227 3325 particula
250 3273 325 3324 eum,
352 3258 397 3309 vel
416 3262 604 3324 posteaquam
626 3259 655 3306 in
674 3261 775 3324 postea
793 3271 855 3309 auae
879 3254 1069 3305 commutando

90 3347 202 3396 vitiatos
221 3361 294 3407 esse,
312 3344 416 3395 ibidem
433 3345 514 3395 dooui
532 3361 557 3409 p.
575 3345 609 3394 47
623 3359 681 3410 sqq.
708 3345 800 3408 itaque
824 3340 943 3391 dubitari
969 3340 1071 3404 nequit,

92 3433 158 3497 quin
177 3436 269 3481 nostro
290 3445 397 3496 quoque
415 3429 475 3480 loeo
492 3430 562 3480 illud
585 3444 648 3482 eum
671 3445 688 3480 a
706 3430 835 3494 magistro
857 3433 919 3491 post
941 3423 1072 3478 simulat·

91 3532 142 3584 que
160 3518 292 3567 insertum
311 3517 353 3578 sit,
375 3531 425 3566 nee
437 3515 601 3582 Nipperdeio
620 3514 842 3580 adstipulandum
861 3517 910 3573 est,
930 3513 977 3577 qui
995 3511 1072 3580 (Pro-
