2376 3924
476 251 554 304 cnr.
572 251 682 301 os-ra
1009 250 1072 316 219

96 448 192 512 luisse
208 446 315 510 utilius
331 445 503 528 Pharnaci,
526 446 581 529 qui
597 443 799 529 providisset,
822 464 863 506 na
879 445 1072 525 vinceretur,

96 573 194 636 quam
217 550 292 631 sibi,
324 551 375 614 cui
399 550 442 614 dii
465 548 662 614 immortales
685 549 853 612 victoriam
876 547 1072 612 tribuissent.

95 655 209 739 Itaque
232 675 367 738 magnas
383 662 547 737 etgraves
562 654 694 716 iniurias
710 638 828 715 civium
843 652 1094 734 Romanorumn

96 760 150 841 qui
173 762 205 820 in
229 758 331 820 Ponto
354 759 508 841 negotiati
530 766 652 838 essent,
682 757 834 840 quoniam
857 757 889 818 in
912 757 1073 838 integrum

96 862 264 924 restituere
298 882 362 924 non
397 868 516 944 posset,
555 859 733 923 concedere
767 858 937 923 Pharnaci.
989 859 1096 930 Nema

96 987 200 1049 neque
223 963 398 1028 interfectis
422 964 573 1027 amissam
588 964 689 1025 vitam
711 983 817 1047 neque
841 963 979 1025 exsectis
1001 963 1073 1024 viri-

96 1070 217 1133 litatem
252 1069 421 1131 restituere
455 1087 564 1151 posse3
600 1065 686 1150 quod
720 1064 850 1150 quidem
883 1064 1074 1150 supplicium

94 1175 227 1255 gravius
249 1181 353 1236 morte
383 1173 470 1235 cives
491 1171 628 1235 Romani
653 1168 822 1233 subissent.
869 1169 971 1232 Ponto
994 1190 1094 1240 veros

95 1277 267 1342 decederet
290 1274 457 1339 confestim
479 1273 680 1358 familiasque
703 1272 947 1357 publicanorum
968 1273 1074 1335 remit·

95 1391 178 1444 teret
201 1389 374 1462 ceteraque
396 1379 581 1441 restitueret
595 1378 688 1440 sociis
705 1376 894 1460 civibusque
909 1376 1073 1458 Romanis,

98 1505 181 1566 quae
206 1504 304 1566 penes
328 1503 402 1545 eum
430 1491 546 1545 essent.
592 1482 626 1547 Si
659 1481 803 1562 fecisset,
827 1482 892 1543 iam
914 1488 991 1543 tunc
1014 1478 1095 1550 sibi„

96 1589 237 1649 mitteret
267 1607 402 1648 munera
431 1585 593 1668 acdona,
626 1606 710 1669 qnae
736 1584 819 1648 bene
847 1583 945 1647 rebus
975 1585 1073 1667 gestis

96 1692 305 1774 imperatores
328 1687 371 1752 ab
394 1690 504 1752 amicis
527 1690 674 1774 accipere
698 1696 915 1752 consuessent.
939 1688 1074 1751 Miserat

95 1795 180 1855 enim
214 1792 399 1856 Pharnaces
433 1813 585 1856 coronam
619 1813 761 1855 auream.
818 1791 879 1854 His
911 1794 1073 1877 responsis

96 1896 179 1959 datis
203 1896 325 1981 legatos
347 1898 478 1961 remisit.

181 1999 230 2063 71.
255 1999 301 2064 At
316 2000 501 2065 Pharnaces
517 1998 691 2064 liberaliter
706 2001 813 2063 omnia
828 1998 984 2084 pollicitus
1000 2021 1072 2062 cunr

96 2105 299 2168 festinantem
315 2127 354 2168 ac
369 2111 613 2189 percurrentem
625 2102 799 2168 Caesarem
815 2111 962 2189 speraret
976 2102 1073 2167 liben-

95 2208 158 2269 tius
182 2209 278 2271 etiam
301 2207 501 2271 crediturum
525 2209 590 2270 suis
607 2209 781 2291 promissis,
805 2227 903 2291 quam
918 2228 971 2270 res
986 2216 1072 2291 pate-

95 2318 194 2390 retur,
218 2331 281 2394 quo
298 2308 433 2372 celerius
449 2309 678 2393 honestiusque
701 2309 743 2373 ad
766 2330 817 2372 res
840 2312 943 2393 magis
965 2331 1073 2373 neces·

96 2415 197 2476 sarias
221 2413 481 2497 proficisceretur
504 2410 638 2496 (nemini
654 2415 739 2476 enim
762 2421 831 2475 erat
847 2415 991 2496 ignotum
1006 2412 1072 2498 pln-

95 2518 182 2580 rimis
206 2516 247 2580 de
263 2518 369 2580 causis
385 2515 427 2579 ad
443 2514 559 2579 urbem
571 2514 746 2580 Caesarem
761 2513 933 2600 revocari),
957 2515 1073 2581 lentius

95 2642 202 2704 agero,
225 2619 404 2685 decedendi
420 2619 506 2683 diem
522 2618 684 2704 postulare
699 2619 885 2703 longiorem,
909 2623 1073 2705 pactiones

95 2728 308 2810 interponere,
321 2727 354 2788 in
371 2746 497 2788 summa
509 2724 656 2787 frustrari
670 2725 783 2808 coepit.
807 2720 929 2788 Cacsar
944 2725 1094 2808 cognitae

95 2827 267 2893 calliditate
284 2828 430 2911 hominiS,
447 2827 533 2912 quod
546 2826 616 2891 aliis
626 2826 825 2911 temporibus
839 2836 955 2892 natura
966 2827 1073 2892 facere

95 2941 274 3015 (consuerat,
298 2940 376 2996 tunc
398 2932 589 2995 necessitate
603 2929 680 2994 fecit
695 2929 864 3014 adductus,
888 2938 924 2995 ut
938 2930 1073 2995 celerius

95 3039 236 3100 omnium
259 3037 407 3120 opinione
430 3057 562 3099 manum
576 3043 777 3098 consereret.

183 3141 233 3204 72.
256 3139 347 3232 ¹Zela
370 3149 419 3205 est
441 3138 596 3225 oppidum
617 3140 650 3203 in
674 3139 793 3222 Ponto,
816 3141 923 3224 positu
945 3133 1014 3223 ipso
1036 3147 1072 3202 ut

95 3249 126 3310 in
149 3245 244 3330 plano
267 3244 335 3308 loco
358 3245 436 3308 satis
457 3244 631 3308 munitum:
653 3242 795 3308 tumulus
818 3246 903 3308 enim
918 3241 1072 3308 naturalis

93 3351 193 3415 voluti
209 3349 428 3414 manufactus
444 3346 620 3414 excelsiore
635 3349 779 3434 undique
794 3348 921 3431 fastigio
937 3349 1072 3412 sustinet

94 3476 231 3519 murum.
266 3451 491 3538 Circumpositi
506 3461 581 3518 sunt
601 3452 676 3519 huic
699 3452 815 3538 oppido
838 3453 948 3537 magni
969 3449 1094 3516 multi-r

94 3579 157 3642 que
194 3556 337 3622 intercisi
373 3554 510 3623 vallibus
547 3554 657 3638 colles;
697 3576 833 3640 quornm
878 3554 1071 3619 editissimus
