2376 3924
168 230 230 294 194
475 229 526 278 nn
537 227 658 279 annno
673 226 830 278 omnmo

165 419 335 507 praesidio
364 421 490 506 potitus
513 417 588 485 loeo
614 418 697 484 duas
722 417 769 483 ibi
791 417 942 502 legiones
958 418 1143 485 collocavit

166 525 356 609 fossamque
374 522 540 610 duplicem
558 522 745 588 duodenum
768 521 891 608 pedum
914 544 934 587 a
956 522 1143 588 maioribus

166 629 289 693 castris
313 628 358 694 ad
380 629 511 693 minora
532 626 701 713 perduxit,
724 635 763 692 ut
789 635 862 692 tuto
892 625 935 692 ab
964 628 1142 713 repentino

164 732 312 797 hostium
335 733 472 796 incursu
496 731 598 795 etiam
622 728 747 813 singuli
775 751 962 795 commeare
992 740 1142 817 possent.

268 834 320 900 37.
332 834 423 899 Dum
434 834 517 898 haec
531 832 575 898 ad
593 831 798 917 Gergoviam
812 842 984 916 geruntur,
998 834 1142 901 Convic-

164 939 318 1004 tolitavis
342 936 490 1021 Aeduus,
515 937 569 1002 cui
591 938 829 1021 magistratum
859 936 1093 1004 adiudicatum
1122 962 1142 1004 a

165 1041 313 1108 Caesare
337 1042 652 1124 demonstravimus,
676 1040 879 1106 sollicitatus
909 1040 952 1106 ab
977 1040 1142 1109 Arvernis

164 1146 307 1233 pecunia
323 1168 397 1210 curn
415 1144 616 1230 quibusdam
633 1142 909 1209 adulescentibus
921 1143 1143 1231 colloquitur,

165 1271 303 1335 quorum
328 1259 401 1315 erat
416 1250 572 1335 princeps
585 1247 783 1312 Litaviccus
800 1255 902 1332 atque
918 1248 988 1311 eius
1005 1248 1142 1334 fratres,

143 1353 375 1439 camplissima
387 1351 517 1417 familia
529 1352 603 1416 nati
616 1351 862 1416 adulescentes.
878 1349 1027 1416 (lumbis
1043 1373 1142 1438 prae-

164 1459 266 1523 mium
289 1458 513 1522 communicat
530 1456 761 1540 hortaturque,
777 1465 815 1521 ut
837 1476 874 1520 se
889 1453 1014 1521 liberos
1031 1465 1065 1520 et
1080 1458 1143 1523 im·

143 1585 155 1624 a
165 1563 256 1647 perio
269 1571 368 1627 natos
381 1562 604 1627 meminerint.
620 1560 732 1625 Unam
754 1582 828 1624 esse
845 1557 1038 1624 Aeduorum
1058 1562 1143 1627 civi·

164 1674 279 1749 tatem,
296 1687 382 1752 quae
395 1665 620 1730 certissimam
637 1661 772 1728 Galliae
783 1663 962 1728 victoriam
972 1664 1142 1751 detineat3

164 1770 235 1834 eius
260 1771 464 1835 auctoritate
494 1767 642 1855 reliquas
674 1769 857 1850 contineri3
886 1789 952 1853 qua
979 1768 1142 1836 traducta

141 1873 272 1939 olocum
296 1872 504 1938 consistendi
515 1873 675 1937 Romanis
692 1873 726 1936 in
740 1869 856 1937 Gallia
867 1893 934 1936 non
950 1871 1032 1937 fore.
1053 1872 1142 1938 Esse

162 1976 323 2042 nonnullo
349 1999 384 2041 se
404 1975 562 2042 Caesaris
579 1976 743 2041 beneficio
768 1975 933 2058 affectum,
949 1975 999 2041 sic
1015 1984 1142 2061 tamen,

162 2091 200 2146 ut
223 2081 444 2146 iustissimam
468 2079 560 2165 apud
584 2102 658 2145 eum
681 2102 819 2145 eausam
849 2078 1049 2163 obtinuerit3
1079 2080 1143 2147 sed

141 2182 237 2270 splus
261 2184 428 2249 communi
452 2182 604 2249 libertati
627 2183 787 2249 tribuere.
811 2182 879 2248 Cur
909 2184 998 2248 enim
1025 2185 1141 2268 potins

162 2286 273 2353 Aedui
297 2287 338 2352 de
361 2309 420 2352 suo
439 2288 510 2353 iure
526 2297 561 2353 et
577 2287 619 2352 de
635 2286 767 2371 legibus
790 2287 834 2352 ad
861 2285 1041 2352 Caesarem
1073 2287 1142 2353 dis·

141 2398 378 2477 eceptatorem,
393 2411 493 2475 quam
504 2390 647 2455 Romani
661 2389 706 2454 ad
718 2389 853 2454 Aeduos
863 2389 1029 2455 veniant?
1044 2389 1142 2459 Cele-

162 2491 528 2559 riteradulescentibus
546 2502 579 2557 et
595 2494 748 2558 oratione
759 2493 983 2576 magistratus
997 2504 1030 2560 et
1041 2516 1141 2580 prae·

161 2600 227 2662 mio
242 2597 409 2680 deductis,
427 2619 502 2662 cum
519 2619 554 2662 se
570 2596 624 2661 vel
641 2599 811 2683 principes
831 2600 903 2662 eius
920 2598 1056 2664 consilii
1067 2599 1142 2666 fore

160 2703 407 2787 profiterentur,
438 2702 525 2767 ratio
556 2701 753 2787 perficiendi
782 2701 1019 2787 quaerebatur,
1049 2704 1142 2789 quod

161 2807 336 2872 civitatem
358 2814 484 2871 temere
507 2805 552 2870 ad
581 2806 833 2892 suscipiendum
855 2805 983 2873 bellum
1012 2805 1140 2873 adduci

140 2931 259 2996 rposse
274 2931 341 2974 non
358 2909 584 2976 confidebant.
601 2909 745 2991 Placuit,
758 2921 796 2976 ut
807 2910 1005 2977 Litaviccus
1023 2910 1142 2978 decem

160 3013 228 3078 illis
253 3012 401 3097 milibus,
426 3035 511 3100 quae
534 3013 676 3079 Caesari
699 3013 744 3080 ad
766 3013 892 3080 bellum
914 3015 1139 3102 mitterentur,

160 3118 399 3202 praeficeretur
424 3128 524 3204 atquc
547 3142 588 3184 ea
605 3117 759 3185 ducenda
781 3128 926 3203 curaret,
950 3119 1140 3207 fratresque

161 3221 285 3286 eiusad
298 3220 479 3287 Caesarem
490 3233 758 3309 praecurrerent.
771 3222 914 3310 Reliqua
927 3245 993 3311 qua
1005 3224 1139 3290 ratione

160 3328 218 3410 agi
239 3326 383 3413 placeat,
407 3331 624 3395 constituunt.

246 3430 1138 3520 38.Litaviccusacceptoexercitu,cummiliapassu·

159 3557 214 3599 um
237 3536 375 3600 circiter
397 3553 470 3599 xxx
493 3535 537 3601 ab
562 3533 734 3621 Gergovia
758 3536 904 3623 abesset,
937 3539 1137 3607 convocatis
