2376 3924
125 192 185 257 198
426 190 476 240 Du
495 187 616 239 annno
636 184 794 238 cunmoo

123 380 277 461 militum,
301 380 365 444 iter
388 378 433 443 ad
456 376 622 460 legionem
646 376 828 441 facientem
850 375 917 442 fide
947 377 1029 443 data
1062 401 1115 444 ex·

126 483 247 571 oppido
272 480 449 548 Cabillono
467 480 630 563 educunt,
652 479 743 545 idem
764 478 877 545 facere
893 490 1019 564 cogunt
1037 492 1107 568 eos,

105 590 183 674 oqui
200 586 399 672 negotiandi
415 608 519 651 eausa
536 584 583 649 ibi
599 585 837 649 constiterant.
854 585 925 651 Hos
942 587 1109 653 continuo

127 697 161 758 in
178 692 418 758 itinereadorti
429 689 838 775 omnibusimpedimontis
849 699 993 774 exuunt3
1008 713 1107 776 repu-

128 806 273 882 gnantes
292 794 380 861 diem
395 803 594 879 noctemque
618 791 791 866 obsident3
808 791 923 858 multis
939 795 1110 881 utrimque

130 900 318 966 interfectis
341 899 503 963 maiorem
526 894 776 962 multitudinem
800 904 1004 963 armatorum
1029 919 1110 964 con·

131 1007 250 1071 citant.

217 1106 269 1170 43.
288 1106 429 1171 Interim
445 1106 563 1169 nuntio
580 1104 696 1188 allato,
720 1127 832 1169 omncs
850 1127 963 1171 eorum
982 1104 1110 1172 milites

130 1213 166 1276 in
178 1219 347 1297 potestate
361 1207 519 1274 Caesaris
532 1211 650 1293 teneri,
660 1218 863 1274 concurrunt
876 1209 921 1274 ad
933 1208 1110 1292 Aristium,

109 1313 218 1378 2nihil
241 1312 377 1399 publico
400 1313 529 1378 factum
559 1312 700 1380 consilio
730 1313 981 1396 demonstrant,
1009 1335 1111 1399 quae·

132 1419 278 1483 stionem
302 1418 343 1483 de
365 1418 463 1483 bonis
482 1417 624 1505 direptis
643 1418 839 1500 decernunt,
855 1418 1026 1483 Litavicci
1041 1417 1111 1483 fra·

132 1532 287 1607 trumque
310 1520 400 1586 bona
424 1521 611 1607 publicant,
636 1521 768 1604 legatos
793 1520 839 1586 ad
854 1519 1036 1588 Caesarem
1058 1522 1113 1586 sui

111 1625 301 1712 spargendi
328 1627 442 1709 gratia
465 1626 614 1690 mittunt.
639 1625 734 1689 Haec
758 1624 888 1690 faciunt
910 1647 1128 1717 recuperang

134 1728 250 1795 dorum
276 1751 411 1794 suorum
434 1749 557 1805 eausa3
582 1729 641 1794 sed
664 1730 887 1794 contaminati
904 1729 1054 1796 facinore
1078 1738 1113 1796 et

135 1834 227 1918 capti
251 1833 448 1919 compendio
472 1856 515 1898 ex
532 1832 672 1919 direptis
695 1831 803 1916 bonis,
823 1832 909 1918 quod
935 1856 974 1898 ea
997 1855 1051 1898 ree
1068 1833 1115 1899 ad

138 1936 260 2002 multos
284 1935 485 2021 pertinebat,
509 1937 629 2000 timore
651 1957 780 2021 poenae
797 1936 951 2000 exterriti
969 1934 1115 2002 consilia

140 2039 229 2105 clam
253 2038 404 2105 debello
430 2041 515 2105 inire
538 2041 703 2126 incipiunt
719 2041 942 2125 civitatesque
965 2038 1115 2127 reliquas

113 2161 126 2199 4
141 2143 368 2227 legationibus
383 2143 578 2210 sollicitant.
592 2143 687 2225 Quae
699 2144 835 2210 tametsi
844 2142 970 2209 Caesar
983 2144 1115 2210 intelle-

144 2247 378 2333 gebat,tamen
391 2269 489 2335 quam
500 2247 935 2334 mitissimepotestlcgatos
948 2246 1115 2334 appellate

136 2351 222 2417 nihil
239 2374 275 2416 se
291 2361 429 2438 propter
445 2352 660 2416 inscientiam
676 2350 916 2438 levitatemque
928 2351 1022 2437 vulgi
1038 2373 1115 2437 gra-

138 2458 213 2521 vius
239 2456 280 2520 do
304 2456 445 2521 civitate
471 2455 621 2520 iudicare
644 2477 752 2542 neque
777 2455 817 2520 de
842 2468 903 2520 s'ua
927 2458 960 2521 in
977 2455 1116 2523 Aeduos

116 2559 1117 2644 ⁵benevolentiademinuere.lpsemaioremlialliaemotum

140 2674 354 2752 exspectans
379 2687 421 2730 ne
444 2663 488 2729 ab
505 2663 660 2729 omnibus
671 2664 876 2731 'civitatibus
889 2664 1117 2730 circumsiste-

139 2777 241 2851 retur,
265 2767 408 2832 consilia
425 2766 545 2850 inibat,
569 2766 848 2852 quemadmodum
869 2767 913 2834 ab
943 2766 1117 2851 Gergovia

142 2870 330 2936 discederet
347 2893 387 2935 ao
403 2892 519 2935 rursus
536 2892 667 2935 omnem
685 2872 873 2936 exercitum
889 2871 1119 2955 contraheret,

141 2998 184 3040 ne
196 2974 358 3061 profectio
375 2984 457 3039 nata
475 2973 518 3040 ab
534 2975 654 3040 timore
671 2973 869 3041 defectionis
883 2975 1003 3042 similis
1015 2974 1118 3059 fugae

142 3077 325 3144 videretur.
1078 3081 1083 3090 '

242 3180 402 3246 44.Haec
427 3184 593 3266 cogitanti
619 3184 775 3248 accidere
798 3184 873 3248 visa
896 3194 948 3250 est
971 3181 1119 3249 facultas

143 3286 288 3353 benerei
301 3287 480 3371 gerendae.
498 3287 584 3352 Nam
601 3309 676 3359 cum
689 3288 723 3352 in
738 3288 867 3353 minora
879 3295 995 3353 castra
1009 3288 1119 3372 operis

144 3388 369 3478 perspiciendi
378 3410 483 3456 causa
491 3392 651 3473 venisset,
665 3390 907 3457 animadvertit
921 3390 1051 3474 collem,
1061 3390 1121 3476 qui

146 3495 189 3561 ab
202 3494 356 3560 hostibus
368 3493 558 3579 tenebatur,
566 3495 730 3560 nudatum
742 3493 944 3578 hominibus,
953 3495 1010 3580 qui
1022 3514 1120 3580 supe·
