2376 3924
114 227 116 230 ’
150 250 211 315 163
275 245 464 298 nanneno
485 245 598 297 crvrm
616 245 727 297 meme
745 245 795 308 111,
815 244 893 297 oar.
913 246 973 300 na.

146 436 290 503 habebat
312 437 355 501 ad
369 443 499 522 portum
521 444 553 501 et
575 435 618 501 ad
639 434 764 520 reliqua
786 435 923 500 navalia.
969 436 1043 502 Hae
1067 457 1135 501 mu·

21 587 27 605 t
146 544 283 606 nitiones
305 539 549 626 insequentibus
565 542 657 605 auxit
679 538 803 622 diebus,
827 548 863 605 ut
885 561 943 626 pro
965 561 1063 604 muro
1082 538 1135 605 ob·

125 648 245 710 oieetas
260 644 397 710 haberet
411 643 644 709 neu-dimisere
657 644 777 709 invitus
793 652 972 727 cogeretur.
996 644 1135 710 Interim

146 750 212 813 filia
226 752 331 813 minor
346 748 522 813 Ptolemaei
536 750 622 832 regis
636 769 775 814 vacuam
790 750 1026 834 possessionem
1040 750 1134 833 regni

148 872 281 938 sperans
311 852 354 917 ad
376 850 538 917 Aehillam
569 874 639 916 sese
669 874 713 916 ex
740 854 831 937 regia
852 854 979 918 traiecit
1000 874 1134 939 unaque

113 979 138 1018 ro
147 954 267 1020 bellum
297 956 522 1020 administrare
553 959 666 1042 eoepit.
713 955 778 1023 Sed
807 955 953 1021 celeriter
976 966 1027 1022 est
1049 959 1135 1022 inter

148 1082 201 1124 eos
230 1059 271 1123 de
293 1062 475 1145 principatu
497 1061 716 1125 controversia
738 1069 823 1145 orta3
854 1081 938 1146 quae
967 1082 1020 1125 res
1045 1061 1134 1147 apud

148 1164 263 1227 milites
286 1162 475 1248 largitiones
499 1167 605 1249 auxit;
640 1165 766 1248 magnis
793 1165 879 1228 enim
907 1165 1043 1229 iacturis
1072 1163 1133 1229 sibi

113 1269 284 1353 nquisque
307 1289 418 1332 eorum
441 1269 563 1333 animos
587 1266 787 1333 conciliabat.
825 1267 919 1332 Haeo
940 1266 1020 1332 dum
1044 1268 1134 1354 apud

147 1371 255 1436 hostes
278 1379 444 1456 geruntur,
472 1371 638 1455 Pothinus,
669 1373 826 1437 nutricius
848 1373 939 1457 pueri
962 1379 996 1436 et
1018 1393 1134 1456 procu-

147 1484 237 1540 rator
264 1478 357 1561 regni
391 1471 434 1560 [in
464 1483 556 1559 parte
585 1471 744 1562 Caesaris]
751 1525 760 1558 ‚
795 1497 868 1540 eum
897 1475 940 1540 ad
969 1473 1134 1567 Achillem

148 1582 276 1645 nuntios
299 1581 441 1643 mitteret
464 1578 721 1664 hortareturque,
744 1601 786 1644 ne
808 1583 937 1664 negotio
960 1578 1134 1645 desisteret

147 1707 230 1748 nove
254 1684 359 1746 animo
383 1680 545 1762 deficeret,
568 1680 716 1746 indicetis
739 1682 1013 1769 deprehensisque
1037 1687 1134 1750 inter·

148 1786 267 1849 nuntiis
295 1805 315 1848 a
337 1781 477 1848 Caesare
506 1793 555 1848 est
581 1785 777 1851 interfectus.
822 1787 915 1852 Haeo
942 1788 1035 1853 initia
1058 1787 1133 1854 belli

148 1885 365 1951 Alexandrini
386 1885 525 1951 fuerunt.
