2376 3924
113 232 174 295 146
433 229 483 278 Du
507 228 627 279 sunno
647 227 759 280 crvrm

111 428 144 485 et
167 419 209 484 ad
232 417 449 504 diripiendum
476 417 630 483 militibus
658 420 817 483 concessit
845 420 1021 505 statimque
1048 421 1093 487 ab

112 522 228 609 oppido
252 531 358 587 castra
380 523 481 585 movit
504 531 535 585 et
550 520 755 607 Metropolim
775 524 874 605 venit,
899 525 945 588 sic
959 533 997 589 nt
1012 547 1094 590 nun·

112 630 172 691 tios
195 626 374 711 expugnati
397 623 506 710 oppidi
528 615 713 709 famamque
737 625 952 691 antecederet.

216 728 266 793 81.
291 727 516 814 Metropolitae
554 729 693 813 primum
730 729 845 794 eodem
876 732 926 795 usi
960 731 1096 798 consilio

112 835 214 899 isdem
242 833 379 919 permoti
408 831 591 896 rumoribus
619 841 728 917 portas
757 832 942 898 clauserunt
968 856 1096 900 muros-

113 959 176 1022 que
199 936 332 1000 armatis
355 932 613 1019 compleverunt3
638 934 695 998 sed
718 943 830 1020 postca
853 957 931 1001 casn
952 939 1096 1004 ciuitatis

113 1039 331 1125 Gomphensis
365 1041 493 1123 cognito
527 1061 570 1103 ex
604 1040 750 1124 captivis,
785 1060 865 1123 quos
894 1038 1018 1106 Caesar
1051 1043 1096 1109 ad

114 1165 243 1208 murum
276 1141 501 1229 producendos
536 1151 717 1225 curaverat,
752 1150 861 1228 portas
884 1156 1096 1230 aperuerunt

91 1247 243 1330 2Quibus
281 1247 523 1332 diligentissime
561 1248 759 1310 conservatis
804 1246 919 1312 collata
962 1249 1098 1317 fortuna

114 1351 356 1438 Metropolitum
389 1372 464 1415 cum
497 1371 575 1415 casu
597 1351 852 1435 Gomphensium
884 1351 1098 1419 1111111111-

115 1455 213 1521 saliae
246 1455 307 1520 fnit
340 1455 454 1519 civitas
490 1461 620 1540 praeter
653 1454 835 1537 Larisaeos,
874 1457 929 1542 qui
965 1460 1097 1543 magnis

115 1558 313 1624 exercitibus
335 1559 493 1644 Scipionis
516 1556 721 1641 tenebantur,
745 1561 824 1644 quin
847 1557 979 1625 Caesari
1003 1582 1097 1647 pare-

93 1673 189 1729 ³rent
211 1672 309 1748 atque
337 1664 496 1749 imperata
522 1662 676 1727 facerent.
721 1661 779 1726 1111
807 1662 960 1728 idoneum
988 1663 1098 1730 locum

114 1769 148 1831 in
171 1768 257 1851 agris
280 1775 404 1848 nactus,
439 1768 515 1850 quia
536 1787 637 1851 prope
671 1768 736 1830 iam
769 1775 897 1832 matina
930 1765 1098 1846 fruniento

116 1879 219 1953 erant,
241 1870 287 1935 ibi
301 1870 479 1935 adventum
494 1879 683 1955 exspectare
699 1871 832 1955 Pompei
847 1892 950 1955 eoque
965 1893 1098 1938 omnem

116 1975 191 2040 belli
212 1976 372 2039 rationem
395 1973 541 2037 conferre
565 1975 738 2038 constituit.

221 2077 272 2141 82.
295 2077 468 2161 Pompeius
491 2078 602 2161 paucis
624 2085 696 2162 post
711 2076 825 2142 diebus
844 2078 878 2141 in
892 2077 1099 2146 Thessaliam

117 2183 266 2268 pervenit
302 2182 568 2266 contionatusque
602 2181 690 2267 apud
723 2190 876 2247 cunctum
913 2186 1098 2250 exercitum

118 2288 183 2351 suis
218 2287 285 2370 agit
317 2286 450 2370 gratim,
485 2285 642 2371 Scipionis
678 2285 794 2351 milites
829 2286 1027 2369 cohortatur,
1062 2298 1099 2353 ut

117 2399 212 2478 parta
244 2392 310 2455 iam
337 2391 473 2455 victoria
506 2388 648 2475 praedae
683 2412 722 2454 ac
755 2391 973 2475 praemiorum
994 2390 1099 2457 velint

118 2516 188 2560 esse
217 2495 400 2580 participes,
434 2494 637 2579 receptisque
668 2492 816 2557 omnibus
838 2495 872 2557 in
893 2515 959 2558 una
988 2504 1098 2560 castra

117 2597 297 2683 legionibus
334 2618 428 2661 suum
466 2618 539 2660 cum
577 2597 726 2681 Scipione
763 2596 918 2661 honorem
956 2599 1098 2682 partitur

119 2700 353 2786 classicumque
386 2700 474 2786 apud
507 2722 581 2764 enm
615 2701 687 2765 cani
710 2710 743 2764 ct
765 2698 903 2765 alterum
935 2700 980 2767 illi
1005 2701 1099 2769 iubet

97 2808 317 2891 ²praetorium
339 2805 437 2871 tendi.
482 2805 597 2870 Auctis
620 2807 719 2891 copiis
741 2806 876 2890 Pompei
903 2803 1098 2892 duobusque

120 2911 245 2994 magnis
268 2909 463 2974 exercitibus
491 2911 668 2975 coniunctis
697 2911 832 2995 pristina
860 2910 1003 2973 omnium
1024 2930 1100 2975 con·

119 3012 269 3076 firmatur
298 3014 414 3098 opinio,
444 3022 477 3077 et
499 3035 572 3098 spes
595 3014 750 3077 victoriae
773 3021 921 3097 augetur,
944 3010 1028 3077 adeo
1050 3021 1099 3097 ut,

121 3114 275 3201 quicquid
308 3116 523 3181 intercederet
555 3118 718 3202 temporis,
753 3115 786 3180 id
808 3118 928 3180 morari
955 3115 1101 3183 reditum

98 3221 153 3283 ³in
175 3219 304 3284 Italiam
332 3217 508 3301 videretur,
544 3228 576 3282 et
599 3221 625 3282 si
648 3217 778 3304 quando
813 3217 891 3303 quid
923 3219 1101 3305 Pompeius

120 3323 246 3388 tardius
275 3331 332 3387 aut
354 3322 586 3387 consideratius
615 3322 747 3405 faceret,
781 3324 876 3388 unius
904 3342 1102 3409 11111131-

121 3428 202 3490 tium
225 3427 298 3509 diei,
333 3425 391 3492 sed
413 3426 502 3491 illum
524 3425 678 3492 delectari
700 3429 834 3512 imperio
858 3435 890 3491 11
912 3424 1102 3493 consulares

116 3531 363 3619 praetoriosque
400 3552 568 3597 servorum
604 3531 726 3596 habere
770 3551 904 3595 numero
941 3529 1103 3601 dicerent.
1143 3552 1150 3565 ·
