2376 3924
144 200 208 267 200
443 200 493 249 nn
511 197 632 250 nunno
652 197 810 250 olnnroo

145 389 429 475 gulislegionibus
435 389 656 475 praefecerat,
669 387 749 474 quid
761 388 833 453 fieri
846 386 939 470 velit,
953 388 1124 472 ostendit3

145 495 307 581 imprimis
335 501 458 576 monet,
486 501 523 558 ut
554 492 750 556 contineant
773 489 906 573 milites,
936 513 979 556 ne
1008 490 1123 557 studio

144 597 319 684 pugnandi
343 605 401 662 aut
425 617 484 682 spe
506 594 654 681 praedae
683 594 816 678 longius
840 594 1124 681 progrediantur,

124 702 226 787 equid
244 703 405 788 iniquitas
422 700 488 765 loci
504 698 630 765 habeat
646 698 860 776 incommodi,
872 700 1046 784 proponit,
1058 697 1124 765 hoc

145 827 213 869 una
226 805 402 870 celeritate
414 825 514 890 posse
529 804 670 885 mutari,
683 803 872 868 occasionis
880 823 953 867 esse
962 825 1043 885 rem,
1054 824 1125 868 non

113 908 275 995 roproelii.
293 909 356 973 His
369 907 470 973 rebus
484 907 648 991 expositis
670 908 803 990 signum
818 905 876 971 dat
894 914 927 970 et
941 905 985 971 ab
999 905 1125 973 dextra

145 1022 243 1099 parte
267 1012 335 1077 alio
358 1032 503 1077 ascensu
527 1010 644 1076 eodem
667 1019 816 1096 tempore
846 1009 982 1075 Aeduos
1006 1012 1126 1077 mittit.

248 1114 300 1179 46.
319 1115 444 1202 Oppidi
464 1136 578 1180 murus
592 1113 770 1200 aplanicie
794 1114 1125 1199 atqueinitioascen·

148 1242 203 1284 sus
220 1230 315 1285 recta
331 1221 479 1303 regione,
501 1220 530 1283 si
546 1217 659 1284 nullus
682 1217 866 1283 amfractus
888 1216 1126 1300 intercederet,

126 1337 215 1387 auco
237 1343 357 1408 passus
381 1321 517 1387 aberat:
541 1320 705 1408 quidquid
720 1320 785 1385 huc
801 1321 962 1386 circuitus
983 1320 1027 1386 ad
1042 1319 1127 1386 mol·

147 1424 297 1490 liendum
312 1424 436 1491 clivum
452 1434 656 1508 accesserat,
669 1424 706 1489 id
718 1425 864 1510 spatium
876 1425 1008 1491 itineris
1021 1445 1126 1509 auge·

126 1529 218 1596 ebat.
241 1528 272 1594 A
295 1529 405 1594 medio
422 1528 492 1593 fere
508 1518 594 1593 colle
618 1530 652 1593 in
669 1528 926 1612 longitudinem,
948 1536 985 1593 ut
1000 1537 1127 1595 natura

148 1632 424 1717 montisferebat,
434 1655 477 1697 ex
486 1631 672 1716 grandibus
682 1634 776 1697 saxis
786 1630 1127 1716 sexpedummurum,

150 1741 406 1827 quinostrorum
416 1739 575 1823 impetum
582 1736 746 1819 tardaret,
762 1735 1014 1822 praeduxerant
1032 1733 1128 1803 Galli

149 1852 251 1929 atque
266 1841 425 1907 inferiore
442 1841 530 1905 omni
547 1842 657 1926 spatio
665 1860 773 1906 vacuo
783 1840 901 1905 relicto
919 1841 1128 1926 superiorem

149 1956 280 2034 partem
303 1946 400 2011 collis
424 1967 529 2032 usque
553 1945 599 2010 ad
621 1968 752 2011 murum
776 1944 890 2031 oppidi
914 1944 1128 2011 densissimis

127 2052 274 2117 icastris
297 2050 558 2137 compleverant.
595 2049 721 2115 Milites
746 2050 825 2115 dato
850 2050 947 2134 signo
970 2047 1129 2116 celeriter

150 2154 196 2219 ad
207 2156 426 2220 munitionem
438 2154 639 2240 perveniunt
651 2175 790 2240 eamque
807 2153 1012 2237 transgressi
1026 2154 1128 2218 trinis

129 2260 274 2323 scastris
289 2259 480 2344 potiuntur,
504 2279 544 2322 ae
562 2266 660 2323 tanta
675 2258 739 2323 fuit
755 2260 790 2323 in
807 2259 931 2325 castris
950 2255 1128 2344 capiendis

151 2362 320 2446 celeritas,
332 2371 369 2427 ut
382 2361 612 2446 Teutomatus,
629 2385 690 2427 rex
705 2362 952 2448 Nitiobrogum,
968 2360 1079 2427 subito
1092 2362 1128 2427 in

151 2464 371 2531 tabernaculo
380 2466 1024 2553 oppressus,utmeridieeonquieverat,
1032 2485 1128 2550 supe·

150 2573 239 2635 riore
255 2572 406 2657 corporis
421 2580 519 2657 parte
535 2570 675 2654 nudata,
698 2569 877 2636 vulnerato
901 2592 984 2656 equo
1006 2570 1068 2638 vix
1091 2590 1128 2634 se

153 2697 196 2739 ex
218 2672 375 2739 manibus
398 2675 638 2760 praedantium
660 2673 805 2739 militum
828 2675 984 2760 eriperet.

254 2777 539 2844 tamassanus
568 2777 613 2861 id,
645 2777 735 2863 quod
758 2778 869 2842 animo
896 2783 1128 2864 proposuerat,

153 2880 281 2947 Caesar
292 2884 442 2969 receptui
459 2883 537 2947 cani
550 2882 650 2946 iussit
665 2880 856 2967 legionique
873 2880 1034 2964 decimae,
1047 2901 1128 2966 qua·

130 3006 228 3050 acum
240 2993 323 3067 erat,
343 2987 573 3051 contionatum
593 2986 692 3068 signa
711 2985 897 3050 constituit.
913 2982 964 3049 Ac
983 2981 1128 3070 reliqua·

152 3111 225 3153 rum
240 3088 410 3172 legionum
423 3089 547 3155 milites
561 3111 629 3155 non
642 3088 803 3155 exaudito
817 3109 899 3153 sono
911 3087 1025 3171 tubae,
1039 3086 1130 3173 quod

153 3193 236 3258 satis
260 3213 385 3276 magna
408 3193 517 3259 valles
534 3191 779 3276 intercedebat,
795 3201 909 3259 tamen
927 3191 970 3258 ab
982 3189 1130 3258 tribunis

154 3295 297 3361 militum
321 3295 521 3381 legatisque,
543 3306 580 3361 ut
606 3305 678 3362 erat
701 3319 722 3361 a
738 3295 886 3361 Caesare
900 3303 1130 3382 praeceptum,

132 3398 399 3465 ³retinebantur.
424 3397 492 3464 Sed
515 3399 597 3464 elati
621 3420 680 3486 spe
703 3398 823 3464 celeris
839 3399 1005 3465 victoriae
1021 3406 1055 3465 et
1069 3396 1131 3467 ho·

156 3503 256 3574 stium
268 3501 350 3595 fuga
365 3511 398 3567 et
406 3503 616 3597 superiorum
625 3511 810 3596 temporum
821 3500 978 3573 secundis
990 3500 1131 3594 proeliis
