2376 3924
475 245 550 295 oar.
569 247 679 295 se-sa
717 294 719 299 ,
1004 244 1065 310 251

178 438 229 501 38.
252 438 331 502 Post
345 434 465 501 Caesar
488 435 530 500 ad
552 438 673 520 iugum,
697 436 738 501 de
754 457 817 521 quo
833 436 937 520 docui,
960 459 1068 502 ascen·

94 543 141 607 dit
163 552 259 626 atque
281 543 315 605 in
336 561 599 626 unumquemque
621 540 733 604 collem
749 540 948 620 inspecturus
964 550 1070 607 turres

94 645 288 730 castellaque
303 645 372 709 ,iter
394 644 502 709 facere
532 647 638 731 coepit
667 644 765 730 idque
789 643 871 709 adeo
894 647 1000 710 minus
1023 667 1068 710 se-

93 749 218 814 mihora
245 750 353 814 efficit.
398 750 576 833 Postquam
604 770 669 812 non
696 750 741 812 ita
770 747 864 832 longe
887 746 928 813 ab
957 747 1089 812 ultimo²

94 853 172 918 colle
195 855 341 937 turrique
363 853 432 934 tuit,
457 873 540 936 quae
564 854 713 939 proxima
736 851 796 916 fuit
820 853 934 916 castris
956 851 1069 916 adver-

94 959 261 1038 sariorum,
290 958 412 1040 inqua
441 955 535 1020 docui
563 976 633 1020 esse
661 954 860 1041 praesidium
888 957 1069 1019 stationem-

95 1083 158 1146 que
181 1059 404 1142 Numidarum,
434 1057 555 1123 Caesar
577 1057 740 1143 paulisper
763 1068 978 1123 commoratus
1001 1081 1071 1144 por-

95 1174 271 1250 spectaque
293 1173 411 1228 natura
432 1163 503 1243 loci,
528 1164 673 1245 equitatu
695 1163 728 1225 in
755 1163 892 1226 statione
907 1161 1070 1248 disposito,

94 1266 273 1353 legionibus
307 1288 386 1352 opus
420 1264 567 1329 attribuit
599 1263 833 1349 brachiumque
867 1264 972 1329 medio
996 1267 1091 1350 iugo³

95 1372 136 1436 ab
160 1394 198 1435 eo
221 1372 300 1452 icoc,
334 1368 377 1434 ad
411 1390 508 1453 quem
541 1377 744 1453 pervenerat,
779 1389 882 1452 usque
915 1368 958 1433 ad
987 1391 1070 1451 enm,
1169 1402 1172 1406 .

94 1474 182 1538 unde
216 1492 364 1558 egressus
398 1481 477 1552 erat,
511 1470 601 1535 iubet
624 1471 720 1556 dirigi
742 1494 781 1535 ac
802 1473 928 1536 muniri.
976 1472 1091 1554 Quodn

96 1587 267 1662 postquam
283 1578 389 1662 Scipio
405 1574 636 1660 Labienusque
652 1575 961 1660 animadverterunt,
986 1579 1071 1662 equi·

97 1689 168 1745 tatu
202 1683 288 1744 omni
321 1702 364 1744 ex
398 1682 512 1744 castris
546 1678 662 1744 educto
697 1683 831 1765 acieque
864 1683 1006 1766 equestri
1028 1684 1072 1745 in-

97 1792 219 1848 structa
253 1806 272 1847 a
305 1785 371 1847 suis
407 1782 638 1848 munitionibus
672 1785 799 1848 circiter
837 1807 950 1870 passus
987 1784 1071 1850 mille

97 1887 347 1971 progrediuntur
368 1887 617 1973 pedestremque
641 1889 766 1972 copiam
789 1889 821 1950 in
844 1873 987 1952 secunda
1003 1891 1071 1953 acie

96 1993 201 2056 minus
224 2007 309 2054 occe
331 2012 445 2077 passus
468 1993 674 2056 constituunt.

183 2096 233 2158 39.
258 2094 379 2160 Caesar
412 2097 445 2159 in
479 2117 576 2180 opere
612 2095 728 2161 milites
762 2095 929 2162 adhortari
966 2118 1072 2182 neque

98 2198 359 2262 adversariorum
382 2201 480 2284 copiis
502 2201 635 2264 moveri.
659 2199 730 2263 Iam
753 2220 827 2263 cum
849 2222 914 2265 non
937 2200 1093 2284 ampliusa

98 2323 211 2385 passus
234 2319 284 2364 un
307 2304 390 2366 inter
412 2301 552 2365 hostium
580 2303 682 2365 aciem
711 2322 850 2386 suasque
880 2305 1073 2367 munitiones

98 2428 167 2468 esse
191 2403 474 2469 animadvertisset
496 2404 770 2489 intellexissetque
786 2405 828 2470 ad
851 2407 1073 2491 impediendos

98 2508 213 2572 milites
237 2529 311 2571 suos
333 2517 366 2571 et
388 2507 430 2572 ab
454 2530 550 2594 opere
566 2507 772 2594 depellendos
795 2509 920 2574 hostem
943 2513 1073 2596 propius

99 2612 254 2676 accedero
277 2633 473 2698 necesseque
494 2611 631 2677 haberet
652 2612 795 2698 legiones
810 2637 829 2678 a
844 2613 1074 2679 munitionibus

99 2718 269 2798 deducere,
286 2719 424 2802 imperat
437 2725 564 2780 turmae
579 2717 809 2802 Hispanorum,
833 2716 876 2781 ad
891 2720 1075 2802 proximum

100 2821 212 2886 collem
234 2841 371 2906 propere
394 2827 600 2884 occurrerent
629 2819 891 2906 praesidiumque
924 2820 1000 2886 indo
1022 2821 1074 2886 de-

100 2925 270 2990 turbarent
291 2924 460 3010 locumque
484 2932 647 3009 caperent,
682 2923 861 3008 eodemque
883 2922 974 2989 iubet
995 2925 1075 2990 levis

100 3037 284 3093 armaturae
327 3049 447 3114 paucos
492 3029 644 3111 consequi
688 3026 840 3091 subsidio.
886 3028 951 3110 Qui
988 3031 1096 3094 missit

101 3132 246 3197 celeriter
268 3131 427 3197 Numidas
450 3131 555 3196 adorti
578 3133 696 3216 partim
718 3133 811 3197 vivos
834 3135 974 3217 capiunt,
998 3154 1075 3197 non-

101 3236 203 3301 nullos
225 3237 349 3321 equites
377 3235 536 3320 fugientes
560 3235 874 3300 convulneraverunt
906 3235 1076 3322 locumque

101 3351 175 3405 sunt
197 3343 297 3426 potiti.
313 3341 490 3425 Postquam
512 3339 546 3404 id
560 3340 726 3405 Labienus
749 3340 987 3423 animadvertit,
1012 3357 1096 3426 quos

102 3445 236 3510 celerius
259 3446 297 3509 iis
320 3442 476 3508 auxilium
504 3444 613 3526 ferret,
648 3465 690 3507 ex
713 3445 782 3507 acie
810 3446 967 3509 instructa
990 3446 1076 3528 equi-

103 3558 188 3613 tatus
211 3551 260 3614 sui
282 3569 382 3634 prope
405 3556 508 3613 totum
531 3546 683 3613 dextrum
706 3568 807 3613 cornu
834 3549 952 3611 avertit
979 3555 1077 3631 atque
