2376 3924
442 238 492 288 Du
510 235 630 290 BELLO
650 236 764 288 CIVILI

198 431 227 494 6.
273 429 449 494 Commisso
482 429 601 516 proelio
635 427 888 493 Massiliensibus
920 449 973 492 res
1006 426 1096 492 nulla

113 534 156 597 ad
178 536 331 599 virtutem
364 534 482 617 defuit;
517 534 576 598 sed
608 554 767 597 memores
800 554 912 596 eorum
941 554 1095 618 praecep

113 646 235 720 torum,
271 659 355 722 quae
388 636 483 723 paulo
517 646 591 701 ante
620 636 661 701 ab
692 638 757 700 suis
787 645 998 722 acceperant,
1032 635 1096 701 hoc

114 744 219 804 animo
243 740 464 819 decertabant,
494 750 530 804 ut
558 739 680 804 nullum
711 739 799 804 aliud
828 749 955 825 tempus
978 739 1022 803 ad
1046 738 1116 804 eo?

113 846 257 909 nandum
279 844 421 909 habituri
436 845 634 927 viderentur,
651 853 683 907 et
701 843 817 928 quibus
833 846 992 929 inpugna
1005 844 1096 907 vitae

114 949 292 1034 periculum
322 948 499 1032 accideret,
534 971 598 1012 non
628 950 673 1012 ita
701 947 800 1011 multo
831 969 865 1010 se
895 947 1097 1031 reliquorum

115 1055 233 1116 civium
255 1053 358 1116 fatum
380 1053 572 1117 antecedere
602 1055 834 1133 existimarent,
865 1051 982 1136 quibus
1011 1050 1096 1146 urbe

92 1167 210 1241 scapta
233 1158 348 1221 eadem
370 1168 453 1221 esset
474 1157 549 1221 belli
571 1157 700 1221 fortuna
723 1156 884 1243 patienda.
929 1156 1095 1222 Diductis·

117 1283 179 1343 quc
209 1263 326 1324 nostris
356 1261 511 1346 paulatim
540 1260 677 1325 navibus
707 1270 739 1324 ct
769 1261 903 1324 artificio
933 1259 1095 1345 guberna-

115 1375 222 1428 torum
255 1375 287 1428 et
319 1365 487 1428 mobilitati
520 1366 652 1428 navium
685 1363 772 1428 locus
807 1363 963 1446 dabatur,
1002 1373 1035 1427 et
1068 1367 1095 1428 si

116 1469 245 1552 quaudo
276 1471 376 1532 nostri
403 1468 589 1532 facultatem
618 1471 704 1532 nacti
734 1468 847 1531 ferreis
876 1466 1026 1531 manibus
1050 1470 1094 1532 in·

115 1574 204 1636 iectis
227 1595 345 1636 navem
367 1571 593 1656 religaverant,
616 1571 760 1655 undique
783 1572 848 1634 suis
870 1570 1095 1636 laborantibus

94 1675 357 1744 ssuccurrebant.
409 1676 523 1759 Neque
553 1697 632 1738 vero
666 1676 827 1738 coniuncti
857 1673 981 1738 Albicis
1011 1697 1094 1739 com·

115 1781 220 1842 minus
236 1779 409 1863 pugnando
431 1778 626 1843 deficiebant
647 1800 752 1862 neque
775 1777 911 1842 multum
933 1778 1095 1845 cedebant

115 1885 234 1945 virtute
257 1883 383 1944 nostris.
423 1881 524 1946 Simul
547 1904 590 1945 ex
611 1881 789 1946 minoribus
811 1882 951 1947 navibus
973 1905 1095 1970 magna

115 1988 164 2048 vis
195 1987 318 2048 eminus
346 1987 443 2049 missa
472 1984 609 2050 telorum
638 1985 738 2050 multa
767 1988 884 2050 nostris
907 1986 948 2050 de
977 1988 1095 2074 impro-

116 2092 185 2153 viso
213 2089 470 2174 imprudentibus
501 2098 598 2174 atque
628 2089 789 2174 impeditis
812 2089 948 2154 vulnera
978 2090 1094 2156 infere-

94 2194 204 2262 rbant.
250 2194 526 2282 Conspicataeque
555 2219 656 2262 naves
685 2199 833 2261 triremes
862 2197 945 2262 duae
974 2220 1096 2263 navem

115 2299 158 2362 D.
188 2300 298 2383 Bruti,
337 2322 420 2385 quac
451 2323 494 2364 ex
522 2302 639 2386 insigni
669 2300 762 2365 facile
792 2303 922 2386 agnosci
956 2311 1094 2387 poterat,

116 2402 243 2466 duabus
274 2426 316 2467 ex
338 2403 485 2488 partibus
508 2426 577 2468 sese
607 2406 640 2468 in
663 2427 736 2468 eam
757 2405 981 2469 incitaverant.
1028 2406 1095 2472 sed

43 2536 53 2551 ·
116 2517 242 2570 tantum
257 2531 292 2571 re
316 2510 445 2592 provisa
460 2509 581 2572 Brutus
604 2507 767 2572 celeritate
789 2510 882 2572 navis
904 2510 1012 2573 enisus
1034 2519 1094 2593 est,

94 2621 152 2675 sut
175 2635 275 2696 parvo
299 2621 460 2675 momento
482 2612 698 2676 antecederet.
744 2612 822 2676 lllae
845 2611 926 2676 adeo
948 2614 1095 2697 graviter

117 2717 199 2778 inter
228 2738 262 2778 se
292 2708 445 2780 incitatae
471 2716 701 2799 conflixerunt,
740 2711 777 2781 ut
812 2717 1095 2782 vehementissime

116 2828 254 2902 utraque
285 2843 327 2883 ex
351 2843 508 2884 concursu
538 2820 740 2903 laborarent,
770 2819 872 2885 altera
894 2843 972 2885 vero
1001 2844 1094 2907 prae·

95 2920 218 2984 efracto
241 2932 345 2985 rostro
368 2932 434 2987 tota
458 2923 682 2989 oollabefieret.
714 2926 839 3006 Quare
855 2925 1094 3010 animadversa,

117 3045 200 3108 quae
223 3028 389 3108 proximae
412 3029 441 3089 ei
464 3027 532 3090 loco
555 3051 597 3091 ex
619 3029 712 3091 Bruti
735 3027 836 3092 classe
858 3051 959 3093 naves
988 3038 1094 3113 eraut,

117 3131 149 3191 in
173 3151 228 3190 cas
251 3129 592 3216 impeditasimpetum
608 3131 730 3195 faciunt
745 3131 955 3217 celeriterque
977 3131 1094 3198 ambas

117 3233 309 3316 deprimunt.
611 3296 615 3303 ,
996 3292 999 3297 .

204 3336 232 3401 l.
257 3336 400 3402 Sedecim
417 3338 612 3404 Nasidianae
635 3345 736 3405 nabes
759 3340 845 3404 nullo
867 3343 938 3405 usui
960 3340 1096 3407 fuerunt

118 3440 327 3526 celeriterque
351 3464 460 3528 pugna
490 3455 715 3528 excesserunt;
746 3467 810 3509 non
839 3446 925 3508 enim
953 3443 1013 3509 has
1033 3428 1095 3513 aut

117 3556 305 3631 conspectus
336 3550 459 3634 patriae
489 3557 545 3612 aut
572 3551 825 3635 propinquorum
846 3557 1020 3635 praecepta
1049 3548 1095 3615 ad
