2376 3924
389 224 499 275 LIBER
517 223 581 288 llll,
601 224 678 274 CAP.
697 225 790 275 8-12.
1030 226 1070 291 87

93 416 166 501 gati
177 425 411 500 revertuntur3
424 417 481 501 qui
493 416 528 481 in
540 416 662 481 itinere
674 416 849 500 congressi
856 438 1070 503 magnopere,

94 544 135 586 ne
159 519 294 605 longius
316 519 593 606 progrederetur,
629 519 783 585 orabant.
830 518 912 585 Cum
942 521 977 585 id
1004 543 1095 595 non2

95 628 345 711 impetrassent,
357 622 529 710 petebant,
540 624 590 689 uti
605 624 650 688 ad
664 646 719 688 eos
734 627 873 710 equites,
888 627 1072 710 quiagmen

93 730 368 810 antecessissent,
375 728 606 814 praemitteret
617 749 738 814 eosque
745 750 858 814 pugna
870 728 1074 814 prohiberet,

95 833 228 919 sibique
246 840 283 896 ut
307 839 511 918 potestatem
527 831 654 896 faceret
673 832 707 895 in
724 831 829 896 Ubios
849 831 982 915 legatos
998 833 1073 896 mit-

95 937 206 1009 tendi:
231 958 369 1022 quorum
394 936 422 999 si
444 935 614 1021 principes
638 955 678 999 ac
704 946 842 1000 senatus
867 934 931 1000 sibi
952 936 1096 1010 iurem-3
1178 982 1182 989 -

94 1040 202 1106 rande
225 1039 326 1105 fidem
341 1038 488 1122 fecisset,
506 1061 545 1103 ea
561 1037 771 1120 condicione,
789 1059 909 1123 quaes
927 1037 1074 1103 Caesare

94 1147 255 1227 ferretur,
279 1164 458 1208 sensuros
484 1141 727 1207 ostendebant:
756 1142 801 1206 ad
829 1142 891 1208 bas
919 1167 973 1208 res
996 1165 1074 1207 con-

93 1248 258 1316 ficiendas
290 1246 356 1312 sibi
383 1245 489 1310 tridui
519 1247 664 1331 spatium
690 1245 797 1310 daret.
843 1246 938 1312 Haec
963 1251 1096 1318 omnias

96 1352 224 1417 Caesar
248 1349 365 1415 eodem
390 1348 447 1414 illo
463 1350 634 1435 pertinere
650 1348 894 1430 arbitrabatur,
918 1359 954 1414 ut
971 1351 1074 1414 tridui

94 1478 189 1521 mora
205 1455 406 1541 interposita
423 1456 552 1540 equites
566 1475 689 1536 eorum,
707 1455 763 1539 qui
776 1453 947 1538 abessent,
963 1478 1074 1519 rever-

95 1567 264 1642 terentur;
286 1567 400 1623 tamen
425 1580 499 1622 sese
520 1579 588 1622 non
611 1557 745 1641 longius
761 1557 896 1623 milibus
916 1580 1074 1642 passuum

96 1672 255 1750 quattuor
269 1663 461 1749 aquationis
477 1684 581 1728 causa
597 1684 833 1749 processurum
849 1685 886 1727 eo
901 1663 955 1727 die
969 1662 1071 1749 dixit3

96 1769 160 1833 huc
184 1776 317 1854 postero
343 1766 397 1832 die
420 1789 520 1853 quam
547 1767 811 1854 frequentissimi
841 1770 1097 1848 convenirent,5

96 1883 132 1938 ut
147 1872 188 1937 de
201 1893 314 1937 eorum
326 1870 507 1958 postulatis
520 1881 751 1956 cognosceret.
768 1871 906 1936 Interim
919 1872 962 1936 sd
976 1894 1095 1956 prae-o

96 1977 214 2058 fectus,
238 1976 294 2061 qui
318 1977 498 2040 cumomni
518 1977 670 2062 equitatu
687 1983 951 2057 antecesserant,
968 1978 1073 2040 mittit

98 2080 154 2164 qui
177 2080 385 2162 nuntiarent,
408 2101 451 2143 ne
474 2079 588 2145 hostes
611 2079 737 2165 proelio
754 2078 961 2144 lacesserent
978 2088 1020 2160 et,
1044 2081 1073 2142 si

97 2183 162 2267 ipsi
178 2181 436 2266 lacesserentur,
453 2184 668 2267 sustinerent,
682 2182 792 2268 quoad
808 2184 880 2268 ipse
893 2205 968 2248 cum
981 2206 1076 2247 exer·

98 2287 169 2352 citu
191 2287 328 2372 propius
352 2288 563 2352 accessisset.

187 2389 235 2452 12.
259 2388 304 2455 At
319 2388 444 2473 hostes,
467 2390 525 2455 ubi
540 2392 682 2477 primum
699 2399 833 2456 nostros
851 2392 980 2478 equites
998 2412 1073 2455 con·

100 2502 297 2579 spexerunt,
332 2514 472 2578 quorum
496 2501 569 2558 erat
592 2510 617 2559 V
639 2493 767 2559 milium
790 2517 963 2576 numerus,
1001 2516 1076 2558 cum

99 2597 164 2683 ipsi
176 2619 242 2661 non
259 2594 404 2684 amplius
420 2598 633 2682 octingentos
650 2600 780 2684 equites
797 2598 970 2681 haberent,
988 2599 1076 2685 quod

100 2702 134 2782 ii,
158 2701 215 2786 qui
238 2699 468 2769 frumentandi
483 2723 588 2767 causa
604 2704 715 2768 ierant
731 2711 826 2767 trans
839 2702 979 2785 Mosam,
995 2725 1076 2767 non-

100 2803 177 2869 dum
193 2802 376 2885 redierant,
392 2803 477 2869 nihil
492 2804 690 2870 timentibus
706 2806 843 2888 nostris,
866 2805 955 2890 quod
970 2805 1076 2889 legati

99 2930 214 2974 eorum
236 2906 337 2994 paulo
361 2916 442 2973 ante
463 2906 648 2974 aansare
672 2908 899 2973 discesserant
923 2918 1024 2994 atque
1048 2911 1076 2974 is

100 3011 172 3078 dies
196 3011 338 3076 indutiis
355 3019 429 3076 erat
445 3010 488 3076 ab
504 3011 557 3076 his
572 3013 708 3098 petitus,
732 3014 858 3096 impetu
879 3012 969 3077 facto
991 3012 1076 3077 cele-

98 3116 182 3181 riter
205 3123 338 3181 nostros
362 3115 661 3203 perturbaverunt,
695 3138 810 3181 rursus
837 3115 1097 3181 resistentibusn

99 3218 345 3285 consuetudine
373 3241 435 3285 sua
465 3219 510 3285 ad
538 3213 640 3305 pedes
671 3219 897 3302 desiluerunt,
925 3221 1075 3285 suffossis

101 3324 195 3411 equis
218 3321 509 3410 compluribusque
538 3325 663 3389 nostris
695 3323 836 3389 deiectis
867 3325 1012 3409 reliquos
1042 3326 1075 3388 in

100 3426 216 3510 fugam
237 3427 454 3493 coniecerunt
468 3435 570 3513 atque
586 3429 636 3492 ita
651 3429 847 3514 perterritos
865 3434 1015 3510 egerunt,
1039 3436 1076 3491 ut

102 3550 169 3593 non
195 3530 288 3615 prius
316 3529 398 3615 fuga
427 3529 639 3613 desisterent,
664 3551 764 3615 quam
791 3532 826 3594 in
857 3541 1071 3615 conspectum
