2376 3924
161 218 202 282 35
472 217 521 266 nn
540 217 659 268 sacco
680 217 837 268 csnmco

140 410 241 495 oquin
264 409 299 473 in
321 416 454 473 nostros
484 406 552 473 tela
580 409 784 474 conicerent.
828 408 998 493 Legatum
1025 435 1044 476 e
1067 414 1139 476 suis

161 535 236 579 sese
269 533 391 597 magno
419 534 496 579 cum
522 511 671 599 periculo
705 512 752 577 ad
784 534 858 579 cum
891 515 1070 580 missurum
1104 524 1140 580 et

140 616 349 683 thominibus
372 616 452 681 feris
476 613 686 681 obiecturum
715 616 944 682 existimabat.
982 614 1138 683 Commo·

162 720 335 785 dissimum
368 721 477 786 visum
510 727 561 784 est
592 716 714 783 Gaium
742 718 916 785 Valerium
944 720 1139 805 Procillum,

160 823 197 889 O.
214 823 330 889 Valeri
347 820 472 888 Caburi
494 821 609 905 filium,
633 845 762 888 summa
784 824 911 888 virtute
933 834 965 888 et
986 825 1139 890 humaui·

160 937 232 993 tate
247 925 510 1008 adulescentem,
522 927 617 990 cuius
631 935 729 1010 pater
741 924 1138 996 aGai0ValerioFlaceo

160 1031 300 1096 civitate
324 1029 468 1095 donatus
493 1039 577 1113 erat,
608 1039 640 1095 et
663 1040 801 1116 propter
822 1030 922 1096 fidem
945 1042 978 1096 et
1000 1043 1140 1118 propter

160 1134 297 1217 linguae
321 1131 477 1199 Gallicae
500 1134 694 1217 scientiam,
731 1157 797 1220 qua
820 1133 926 1200 multa
950 1136 1017 1200 iam
1039 1136 1138 1202 Ario·

160 1239 269 1303 vietus
284 1236 469 1322 longinqua
493 1237 712 1302 cosuetudine
734 1237 904 1317 utebatur,
933 1247 966 1302 et
989 1238 1078 1324 quod
1102 1241 1137 1305 iu

161 1362 198 1405 co
227 1339 393 1426 peccandi
422 1338 601 1406 Germanis
629 1363 734 1407 causa
764 1363 830 1406 non
855 1350 960 1422 esset,
993 1341 1138 1408 adeum

161 1445 292 1510 mittere
316 1453 349 1509 et
372 1444 524 1510 Marcum
545 1444 696 1529 Metium,
728 1447 783 1531 qui
807 1444 953 1530 hospitio
970 1444 1138 1514 Ariovisti

137 1547 330 1614 tutabatur.
353 1548 417 1614 His
432 1548 618 1633 mandavit,
634 1558 682 1632 ut,
698 1570 784 1634 quae
798 1549 926 1614 diceret
934 1549 1139 1636 Ariovistus,

138 1661 405 1735 ocognoscerent
429 1662 461 1716 et
485 1651 531 1717 ad
554 1675 590 1717 se
612 1653 785 1718 referrent.
832 1653 924 1734 Quos
952 1675 1026 1718 cum
1045 1656 1139 1742 apud

161 1779 196 1820 se
220 1757 255 1819 in
278 1756 401 1821 castris
417 1755 609 1821 Ariovistus
633 1758 875 1843 conspexisset,
900 1758 1052 1824 exercitu
1076 1781 1138 1825 suo

159 1870 339 1947 praesente
367 1860 608 1925 conclamavit:
645 1859 726 1946 quid
755 1859 800 1926 ad
823 1883 858 1926 se
881 1862 1057 1926 venirent?
1092 1884 1137 1928 an

161 1963 357 2050 speculandi
381 1963 511 2030 causa?
533 1962 703 2030 Conantes
728 1963 839 2030 dicere
861 1964 1030 2050 prohibuit
1051 1975 1085 2031 et
1101 1968 1139 2033 in

160 2078 299 2133 catenas
323 2069 475 2132 coniecit.

263 2171 314 2236 48.
331 2171 458 2237 Eodem
475 2171 529 2236 die
545 2179 660 2237 castra
675 2174 842 2257 promovit
858 2179 889 2236 et
906 2172 1042 2238 milibus
1058 2195 1138 2259 pas·

162 2299 257 2342 suum
280 2299 342 2342 sex
364 2298 385 2340 a
408 2273 566 2341 Caesaris
595 2277 719 2340 castris
750 2273 948 2342 submonte
971 2277 1138 2344 consedit.

141 2380 329 2447 ²Postridie
353 2381 423 2444 eius
448 2378 516 2445 diei
531 2388 665 2465 praeter
680 2389 795 2444 castra
811 2378 969 2445 Caesaris
986 2402 1064 2446 suas
1080 2402 1138 2447 co·

160 2487 234 2571 pias
251 2484 405 2551 traduxit
421 2494 454 2551 et
468 2484 605 2550 milibus
620 2507 780 2571 passuum
797 2484 926 2550 duobus
949 2484 1038 2550 ultra
1061 2509 1139 2553 eum

161 2598 276 2653 castra
291 2589 382 2672 fecit,
399 2610 437 2654 eo
454 2588 606 2671 consilio,
625 2590 674 2652 uti
690 2589 856 2653 frumento
870 2598 1136 2674 commeatuque,

161 2694 216 2777 qui
240 2717 282 2757 ex
299 2691 463 2778 Sequanis
481 2701 514 2757 et
531 2690 660 2758 Aeduis
677 2690 942 2778 subportaretur,
954 2690 1139 2760 Caesarem

139 2795 411 2861 ³intercluderet.
455 2796 510 2861 Ex
538 2818 575 2861 eo
607 2794 661 2860 die
691 2795 762 2861 dies
790 2797 966 2861 continuos
990 2797 1139 2883 quinque

161 2898 287 2965 Caesar
314 2921 373 2985 pro
397 2901 519 2965 castris
544 2923 622 2966 suas
647 2901 762 2985 copias
788 2899 949 2986 produxit
973 2909 1005 2965 et
1029 2901 1139 2968 aciem

160 3005 360 3069 instructam
383 3003 511 3085 habuit,
541 3013 588 3088 ut,
620 3005 649 3068 si
671 3001 774 3069 vellet
791 3001 985 3068 Ariovistus
1008 3003 1138 3088 proelio

141 3107 377 3190 tcontendere,
401 3107 431 3171 ei
453 3116 606 3193 potestas
622 3129 689 3172 non
707 3106 848 3173 deesset.
872 3105 1065 3173 Ariovistus
1083 3107 1139 3176 his

162 3210 314 3275 omnibus
332 3208 449 3275 diebus
467 3213 651 3276 exercitum
662 3213 784 3277 castris
797 3212 973 3291 continuit,
990 3215 1140 3297 equestri

161 3312 287 3398 proelio
311 3311 435 3378 cotidie
458 3314 641 3380 contendit.
672 3312 785 3380 Genus
809 3315 871 3380 hoc
896 3324 969 3381 erat
992 3336 1141 3402 pugnae,

143 3433 226 3503 tquo
251 3438 286 3481 se
304 3414 465 3483 Germani
488 3427 720 3483 exercuerant.
743 3419 903 3504 Equitum
923 3417 1017 3484 milia
1040 3431 1142 3489 erant

161 3543 232 3597 sex,
246 3519 387 3588 totidem
399 3542 535 3588 numero
544 3519 676 3612 pedites
683 3520 887 3589 velocissimi
896 3545 936 3592 ac
948 3521 1141 3614 fortissimi,
