2376 3924
361 235 473 286 smus
490 235 511 298 1,
531 235 608 289 cnr.
627 237 738 286 rs-st.
999 236 1040 300 21

60 424 160 491 rebus
177 424 293 490 domos
311 446 388 489 suas
405 423 555 490 Helvetii
577 425 805 512 reliquissent,
828 435 865 492 ut
881 428 945 492 toti
962 425 1042 492 Gal·

59 528 127 594 liae
133 527 258 595 bellum
274 526 436 593 inferrent
448 528 653 615 imperioque
664 531 854 615 potirentur
865 530 1043 617 locumque

61 631 229 698 domicilio
253 654 298 696 ex
312 653 437 715 magna
449 633 547 719 copia
564 632 763 718 deligerent,
782 657 879 722 quem
897 657 939 700 ex
953 634 1041 700 omni

60 736 176 802 Gallia
206 737 522 822 opportunissimum
551 759 592 803 ac
621 739 927 806 fructuosissimum
955 739 1040 805 iudi-

59 849 207 922 cassent,
219 839 433 926 reliquasque
439 841 598 907 civitates
608 842 851 927 stipendiarias
866 841 1040 908 haberent.

58 946 245 1027 Petierunt,
268 952 305 1008 ut
330 942 394 1009 sibi
418 943 600 1010 concilium
622 946 727 1012 totius
746 942 882 1010 Galliae
900 947 934 1010 in
951 945 1064 1011 diemr

59 1059 187 1115 certam
211 1047 361 1114 indicere
384 1047 485 1134 idque
500 1047 657 1115 Caesaris
674 1050 850 1118 voluntate
873 1049 986 1115 facere
1002 1049 1041 1115 li-

58 1161 167 1219 ceret:
192 1175 266 1218 sese
280 1151 406 1218 habere
422 1152 587 1238 quasdam
610 1175 674 1237 res,
697 1177 781 1242 quas
806 1177 849 1219 ex
872 1155 1041 1220 communi

58 1278 227 1322 consensu
243 1255 287 1321 ab
304 1278 342 1322 eo
358 1265 474 1342 petere
489 1255 626 1322 vellent.
651 1257 703 1323 Ea
719 1281 755 1324 re
771 1258 934 1343 permissa
952 1256 1063 1324 diems

57 1360 203 1426 concilio
220 1361 468 1426 constituerunt
485 1369 517 1424 et
533 1360 763 1445 iureiurando,
786 1383 828 1426 ne
845 1363 920 1446 quis
938 1383 1040 1426 enun-

57 1466 172 1549 tiaret,
184 1465 251 1530 nisi
259 1462 380 1551 quibus
393 1465 559 1530 communi
572 1463 715 1530 consilio
728 1464 926 1531 mandatum
939 1474 1039 1548 esset,

59 1571 149 1634 inter
171 1591 207 1633 se
231 1576 427 1633 sanxerunt.

144 1670 196 1736 31.
230 1671 280 1736 Eo
303 1670 449 1737 concilio
473 1671 612 1739 dimisso
636 1671 738 1738 iidem
759 1673 930 1758 principes
954 1672 1036 1737 civi-

57 1785 177 1860 tatum,
202 1776 257 1862 qui
281 1784 361 1840 ante
383 1775 527 1858 fuerant,
551 1774 597 1840 ad
619 1774 800 1842 Caesarem
822 1783 1034 1842 reverterunt

56 1881 302 1968 petieruntque,
335 1887 372 1945 ut
407 1877 471 1944 sibi
504 1887 634 1945 secreto
666 1878 882 1964 [inocculto]
908 1879 1034 1945 desua

57 1985 270 2068 omniumque
294 1981 404 2048 salute
427 2004 504 2048 cum
528 2004 565 2048 eo
590 2004 692 2067 agere
707 1982 836 2050 liceret.
859 1983 912 2049 Eo
928 2006 964 2048 re
980 1985 1064 2049 imo

56 2095 193 2174 petrato
217 2108 291 2151 sese
315 2108 428 2152 omnes
444 2086 562 2151 flentes
580 2083 722 2152 Caesari
745 2086 791 2152 ad
812 2086 916 2172 pedes
932 2087 1040 2173 proie-

56 2201 193 2257 cerunt:
227 2211 294 2255 non
322 2192 432 2257 minus
461 2212 497 2254 se
525 2189 561 2255 id
589 2189 794 2256 contendere
818 2199 851 2254 et
873 2188 1040 2272 laborare,

56 2319 100 2361 ne
124 2317 174 2378 ea,
197 2317 284 2383 quae
300 2294 479 2378 dixissent,
503 2296 769 2373 enuntiarentur,
794 2315 893 2379 quam
916 2296 965 2358 uti
989 2316 1041 2376 ea,

57 2421 145 2485 qnae
161 2397 298 2481 vellent,
315 2399 547 2485 impetrarent,
570 2407 750 2485 propterea
766 2397 866 2485 quod,
890 2399 919 2462 si
936 2420 1038 2463 enun-

57 2505 179 2568 tiatum
208 2511 315 2584 esset,
351 2524 513 2568 summum
543 2503 578 2566 in
607 2501 796 2568 cruciatum
820 2523 856 2566 se
879 2511 1039 2567 venturos

57 2605 222 2672 viderent.
262 2605 414 2671 Locutus
439 2614 490 2670 est
512 2627 573 2690 pro
597 2603 649 2670 his
665 2604 860 2670 Divitiacus
883 2602 1061 2670 Aeduus:s

57 2709 193 2776 Galliae
217 2710 320 2775 totius
343 2709 509 2775 factiones
532 2731 608 2775 esse
631 2707 733 2786 duas;
755 2708 874 2774 harum
898 2707 1038 2773 alterius

54 2814 283 2901 principatum
305 2821 420 2879 tenere
444 2812 591 2896 Aeduos,
615 2810 754 2877 alterius
778 2810 960 2877 Arvernos.
993 2811 1061 2876 Hir

55 2939 132 2982 cum
156 2924 332 3003 tantopere
348 2916 390 2982 de
412 2925 591 3002 potentatu
613 2917 702 2981 inter
725 2937 761 2981 se
783 2915 907 2982 multos
931 2938 1038 2982 annos

55 3019 310 3102 contenderent,
332 3020 461 3086 factum
484 3041 568 3101 esse,
591 3020 642 3086 uti
665 3017 708 3084 ab
725 3016 890 3085 Arvernis
913 3018 1038 3104 Sequa·

56 3126 176 3211 nisque
211 3123 372 3190 Germani
406 3123 562 3190 mercede
596 3133 857 3190 arcesserentur.
909 3123 1060 3189 Horums

55 3229 163 3315 primo
186 3229 325 3293 circiter
347 3227 441 3293 milia
457 3245 505 3292 xv
521 3227 674 3293 Rhenum
698 3227 881 3309 transisse3
904 3235 1037 3311 postea·

56 3353 157 3418 quam
180 3351 283 3415 agros
307 3341 341 3398 et
363 3330 489 3398 cultum
510 3338 543 3396 et
559 3331 675 3417 copias
694 3328 869 3395 Gallorum
886 3330 1037 3395 homines

55 3436 117 3501 feri
135 3456 176 3499 ac
192 3433 331 3502 barbari
354 3435 582 3518 adamassent,
606 3433 787 3501 traductos
798 3433 925 3520 plures,
947 3455 1037 3499 nunc

54 3561 130 3606 esse
146 3539 181 3603 in
194 3535 310 3604 Gallia
326 3537 372 3605 ad
387 3547 523 3605 centum
535 3547 569 3604 et
581 3538 705 3622 viginti
716 3536 844 3603 milium
857 3559 1040 3604 numerum.
