2376 3924
387 256 437 306 AD
455 257 559 307 BELL.
579 257 684 307 ALEX.
703 258 813 308 33-46.
946 272 948 278 ·
1040 259 1089 310 LV

211 461 233 494 c.
252 444 294 508 40,
313 445 343 493 2:
372 448 402 495 at
420 443 540 496 Pontica
560 459 594 497 en
612 444 704 496 alteru
720 449 806 511 parte
824 444 907 513 teuto,
934 461 997 498 cum
1013 461 1088 512 pau-

104 530 161 584 tnm
173 544 274 583 auerso
286 528 413 582 hostibus
426 529 562 597 cessisset,
575 529 684 595 fossam
697 535 790 582 autem
808 533 961 582 transire
981 539 1014 583 et
1032 533 1087 585 cir-

105 615 211 670 cumire
228 614 338 668 aciem
356 614 547 668 secundom
565 620 668 669 conata
682 615 769 686 esset]
789 618 852 667 libri
865 618 967 667 habent
980 618 1088 683 fossam

106 706 200 756 autem
218 699 368 753 circumire
391 699 465 753 acies
490 701 611 754 sectando
636 707 739 754 corruta
763 707 841 755 esset.
878 703 1088 770 Oudendorpius

105 787 245 853 Scaligero
265 792 375 836 auctore
399 785 472 838 acies
497 786 649 852 deleverat3
677 790 838 854 Nipperdey
862 805 977 854 eumque
1001 792 1088 840 secuti

104 876 218 937 Kransr,
235 873 357 936 Diibner,
375 872 472 922 Dinter
489 871 639 924 circum-ire
658 889 696 926 ae
715 873 906 926 transcend
912 889 966 926 ere
985 880 1088 927 conata

106 964 178 1013 esset
203 959 378 1024 scripserunt.
407 958 465 1023 ipse
485 959 551 1008 olim
569 975 617 1024 pro
638 959 712 1012 acies
731 960 853 1012 seminato
875 977 1017 1026 posueram
1041 977 1088 1014 ac·

105 1060 187 1100 ceroto
204 1042 334 1098 secundo,
365 1059 434 1109 quae
457 1045 511 1094 iam
531 1045 605 1095 edidi
623 1046 707 1096 verba
726 1063 786 1096 cum
806 1062 835 1096 re
854 1047 915 1112 ipsa
934 1054 1005 1097 certe
1025 1065 1088 1098 con-

106 1133 227 1182 veniunt
257 1147 319 1181 nam
332 1130 447 1180 Pontica
465 1130 546 1196 legio,
567 1148 626 1180 cum
647 1135 762 1182 transire
780 1133 880 1182 fossam
900 1139 927 1183 et
945 1136 1088 1184 circumire

108 1220 195 1268 aciem
223 1216 370 1266 secundam
398 1223 497 1266 conata
525 1224 610 1280 esset,
638 1224 668 1268 ut
694 1218 800 1269 hostem
824 1225 917 1284 aperto
942 1220 1026 1270 latere
1051 1237 1087 1270 sc.

106 1303 200 1354 dextro
218 1304 277 1353 eius
297 1318 381 1352 cornu
400 1302 601 1368 aggrederetur,
620 1305 727 1369 inipso
746 1307 862 1355 transitu
881 1306 969 1356 fossae
984 1306 1089 1356 confixa

106 1396 134 1440 et
156 1404 286 1455 oppressa
308 1394 356 1440 est.
387 1405 441 1438 non
465 1391 624 1455 negaverim
648 1395 741 1440 tamen
762 1407 810 1456 pro
834 1391 983 1444 circumire
1002 1391 1088 1445 aciem

107 1473 272 1540 secundom,
297 1490 359 1524 cum
377 1474 442 1525 libri
460 1475 580 1526 habeant
599 1475 673 1528 acies
692 1476 828 1544 secundo,
853 1479 936 1528 scribi
955 1494 1033 1543 posse
1053 1477 1087 1529 ab

106 1560 167 1613 acic
185 1559 317 1613 secunda.

211 1663 232 1700 c.
252 1647 295 1709 to,
315 1649 343 1696 1:
373 1646 462 1699 atnctn
487 1662 616 1714 ausuque
639 1648 709 1718 sual]
737 1651 776 1700 sic
795 1656 825 1700 ut
844 1656 925 1700 antea
943 1665 1005 1699 cum
1023 1650 1088 1714 Nip-

106 1733 216 1798 perdeio
243 1734 391 1808 secundum
420 1733 497 1783 codd.
525 1733 674 1785 deteriores
703 1736 816 1800 scripsi3
845 1735 993 1786 Vielhaber
1021 1736 1050 1802 (l.
1070 1736 1087 1788 l.

106 1835 131 1884 p.
158 1820 218 1884 566)
248 1820 335 1886 Lipsii
365 1820 548 1870 coniecturam
581 1820 669 1873 ductu
700 1821 882 1887 auspicioque
910 1836 976 1889 sue,
1007 1839 1088 1889 quam

106 1907 219 1956 Diibner
236 1908 358 1967 retinuit,
378 1909 432 1957 iam
452 1923 483 1956 eo
503 1907 687 1957 commendari
706 1909 822 1972 scripsit,
842 1907 914 1974 quod
933 1909 1009 1960 codd.
1024 1908 1092 1963 abi

106 1991 242 2058 ausioque
268 1992 396 2044 habeant.
426 1999 454 2043 at
480 2000 539 2043 tum
565 1993 645 2043 modo
670 1993 800 2060 aiospieio
825 2001 898 2046 recte
920 2012 949 2045 se
967 1995 1088 2058 haberet,

107 2093 168 2128 cum
186 2077 316 2145 auspicio
335 2078 426 2145 eius,
446 2079 571 2129 Caesaris
591 2079 704 2140 scilicet,
724 2081 896 2130 scriberetur.

209 2180 232 2215 c.
244 2163 287 2227 45,
299 2167 329 2214 2:
349 2179 411 2216 cum
421 2163 545 2231 propius
560 2163 713 2216 Tauridem
732 2165 894 2217 accessisset
913 2164 1088 2218 distentis

30 2297 33 2301 .
106 2247 168 2300 suis
191 2247 324 2316 rioribus,
352 2249 427 2316 parad
450 2253 476 2301 et
500 2254 648 2316 tempestas
677 2254 740 2301 erut
767 2250 930 2303 turbulenta
955 2256 981 2303 et
1007 2250 1089 2303 nulla

106 2333 232 2400 suspicio
258 2333 365 2404 hostis]
394 2335 570 2387 distentis
597 2341 627 2386 ut
654 2341 735 2386 antea
761 2338 857 2402 scripsi
881 2354 929 2402 pro
957 2337 1088 2387 librorum

107 2419 253 2487 disier8i8;
279 2437 384 2471 mecum
404 2422 471 2472 fecit
488 2421 610 2471 Diibner.
640 2421 757 2483 Kraner,
776 2422 874 2473 Dintor
896 2439 956 2472 cum
975 2424 1088 2488 Nipper-

107 2505 168 2555 deio
197 2505 336 2573 dispersis
364 2508 514 2557 ediderunt.
546 2514 574 2557 at
593 2506 797 2575 disperyurttur
819 2524 903 2558 naves
921 2513 1088 2575 tempestate,

107 2592 183 2642 ducis
202 2593 279 2643 iussu
297 2591 480 2645 distineretur.
499 2622 532 2630 —
552 2597 576 2657 §-
595 2595 624 2643 3:
649 2597 675 2644 et
693 2592 793 2646 uexillo
812 2593 932 2661 sublato,
953 2594 1017 2662 [quo
1032 2610 1088 2662 pra-

105 2677 216 2746 pnandi
240 2678 328 2731 dabat
350 2677 473 2747 sianum]
502 2694 574 2745 oriae
597 2679 709 2746 primae
735 2694 821 2732 rraaes
849 2680 1089 2747 subsequebantur

105 2764 179 2817 idem
196 2769 230 2817 ut
248 2764 389 2830 facerent,
417 2764 623 2835 sianificubutdl
653 2768 738 2816 verba
762 2781 814 2833 arro
831 2766 983 2836 pupnandi
1002 2765 1090 2820 dabat

106 2851 219 2920 sianum
247 2853 325 2902 uncis
353 2854 461 2915 notavi,
490 2852 572 2917 plane
600 2853 727 2902 similiter
751 2855 822 2902 enim
848 2860 1004 2919 comparata
1027 2859 1090 2903 sunt

106 2942 188 3002 atque
213 2953 259 3001 ea,
287 2952 356 3002 quae
378 2939 507 3004 magister
532 2938 567 2988 ad
585 2939 675 2988 locum
695 2938 720 2988 b.
740 2938 773 2989 G.
792 2940 876 3003 2,.20,
896 2941 909 2988 1
930 2939 1088 3004 adscripsit:

108 3021 226 3075 Caesari
244 3022 339 3074 omnio
357 3038 414 3075 uno
433 3028 554 3089 tempore
578 3028 660 3076 erant
681 3024 806 3092 aperada:
832 3024 963 3077 uexillum
982 3038 1089 3092 propo·

105 3107 229 3160 siendum
249 3106 334 3177 [quod
353 3112 415 3160 eret
434 3107 546 3176 insipere
564 3124 627 3162 cum
646 3108 685 3162 aot
698 3125 779 3162 arma
792 3110 925 3164 concurri
938 3109 1087 3178 oporteret]

107 3197 168 3246 cett.
199 3196 332 3259 auspicari
350 3194 425 3257 licet,
447 3197 476 3245 in
494 3195 586 3261 glossa
605 3202 697 3246 nostro
716 3197 776 3248 loco
795 3197 934 3262 adscripta
952 3199 1089 3262 passivam

106 3279 221 3330 formam
240 3278 366 3332 dabatur·
385 3277 514 3349 (dabat)
532 3283 647 3346 positam
666 3281 759 3333 fuisse.

210 3382 234 3415 c.
252 3366 294 3425 46,
314 3366 342 3414 1:
365 3364 508 3433 Vatinius,
533 3381 595 3419 cum
613 3365 740 3420 arrianum
758 3367 916 3421 adverteret
933 3381 1020 3432 neque
1036 3380 1089 3418 no-

107 3451 183 3504 aium
205 3466 234 3504 se
256 3449 455 3519 naapnitudine
480 3467 567 3518 neque
593 3467 709 3505 numero
729 3469 830 3520 parem
852 3467 923 3514 esse,
950 3450 1091 3517 fortuitae

107 3542 198 3588 tamen
217 3536 452 3590 dimicationi
469 3553 527 3591 rem
545 3538 714 3592 committere
733 3536 888 3607 maluit]
906 3539 1006 3590 retinui
1018 3538 1090 3589 hanc
