2376 3924
407 215 518 265 nuens
530 215 604 280 v111,
624 213 700 265 cnr.
714 215 823 266 1o-m14.
1038 213 1101 279 239

127 407 347 474 excusatione
375 407 410 471 in
439 404 654 490 suscipienda
683 406 895 490 praefectura
923 429 1003 470 usus
1028 415 1101 471 erat

126 534 235 598 neque
259 509 414 575 dimicari
443 508 516 574 sine
545 531 581 573 se
609 508 773 574 voluerat.
808 509 973 575 Inflantur
1001 519 1123 595 atqueo

127 616 314 679 incitantur
335 612 481 677 hostium
505 613 607 676 animi
628 611 775 676 secundo
791 612 928 698 proelio,
952 615 1102 699 principe

128 727 161 783 et
184 717 353 804 praefecto
376 716 554 781 Remorum
578 715 773 799 interfecto,
803 719 976 803 nostrique
1001 717 1123 782 detris

126 831 239 887 mento
263 821 488 886 admonentur
512 819 708 904 diligentius
731 821 916 908 exploratis
933 823 1017 887 locis
1035 830 1102 887 sta·

127 928 236 990 tiones
261 924 440 1011 disponere
464 945 505 989 ac
528 922 737 989 moderatius
767 924 942 990 cedentem
971 926 1102 1012 insequi

126 1029 267 1094 hostem.

216 1131 264 1197 13.
294 1133 369 1197 Non
399 1133 579 1197 intermitti
609 1134 743 1198 interim
772 1133 945 1198 cotidiana
972 1132 1102 1218 proelia

126 1238 162 1300 in
186 1244 369 1321 conspectu
384 1244 599 1321 utrorumque
614 1244 813 1317 castrorum,
838 1257 924 1322 quae
947 1236 992 1301 ad
1013 1236 1102 1301 vada

126 1340 360 1425 transitusque
375 1337 503 1404 fiebant
517 1338 663 1425 paludis.
694 1338 770 1421 Qua
786 1342 1002 1406 contentione
1020 1338 1124 1406 Ger-s

127 1444 227 1526 mani,
244 1464 327 1529 quos
343 1450 522 1528 propterea
537 1440 666 1508 Caesar
681 1443 925 1509 transduxerat
939 1444 1102 1528 Rhenum,

126 1556 163 1612 ut
187 1545 355 1633 equitibus
372 1547 562 1632 interpositi
576 1547 831 1632 proeliarentur,
855 1570 930 1612 oum
946 1557 1103 1614 constan·

127 1651 735 1738 tiusuniversipaludemtransissent
747 1654 932 1737 paucisque
944 1654 1103 1718 resisten-

126 1753 218 1819 tibus
235 1755 421 1821 interfectis
437 1756 644 1841 pertinacius
668 1754 831 1841 reliquam
853 1755 1104 1822 multitudinem

128 1866 240 1923 essent
257 1861 411 1943 insecuti,
427 1860 599 1945 perterriti
614 1881 681 1925 non
698 1858 805 1924 solum
821 1861 855 1943 ii,
872 1861 928 1945 qui
944 1868 1003 1925 aut
1015 1883 1102 1926 com-

126 1963 235 2027 minus
253 1962 526 2049 opprimebantur
537 1971 598 2028 aut
610 1964 738 2028 eminus
750 1963 1026 2047 vulnerabantur,
1044 1965 1103 2030 sed

128 2067 241 2150 etiam,
257 2069 314 2153 qui
329 2068 464 2152 longius
482 2066 665 2132 subsidiari
682 2078 939 2152 consueverant,
961 2070 1104 2154 turpiter

127 2170 333 2254 refugerunt,
362 2191 424 2235 neo
453 2171 546 2256 prius
574 2169 673 2236 finem
703 2170 803 2254 fugae
825 2170 978 2236 fecerunt
1003 2193 1124 2256 saepes

127 2274 261 2338 amissis
291 2271 521 2358 superioribus
549 2272 646 2356 locis,
676 2294 752 2339 cum
784 2296 819 2339 se
848 2276 964 2339 autin
988 2283 1102 2341 cestra

128 2400 260 2444 suorum
284 2377 483 2463 reciperent,
506 2385 565 2442 aut
589 2375 742 2441 nonnulli
757 2376 886 2463 pudore
904 2379 1014 2444 coacti
1031 2377 1102 2443 lon·

127 2483 204 2567 gius
216 2480 442 2568 profugerent.
459 2479 607 2562 Quorum
624 2481 771 2567 periculo
790 2483 839 2546 sio
858 2504 971 2547 omnes
985 2484 1124 2568 copiaes

129 2594 207 2651 sunt
233 2583 464 2670 perturbatae,
486 2593 522 2650 ut
538 2585 599 2650 vix
615 2584 760 2649 iudicari
775 2594 901 2671 posset,
920 2595 1032 2651 utrum
1053 2609 1102 2652 se-

126 2687 246 2754 cundis
270 2689 481 2775 minimisque
504 2688 604 2755 rebus
628 2687 874 2772 insolentiores,
898 2713 941 2756 an
958 2689 1102 2755 adverso

127 2790 287 2858 mediocri
311 2814 392 2857 casu
415 2792 602 2858 timidiores
627 2803 750 2858 essent.

215 2894 264 2961 14.
288 2893 523 2982 Compluribus
548 2895 666 2962 diebus
690 2896 811 2962 iisdem
834 2898 1008 2962 incastris
1025 2919 1102 2963 con·

127 2999 280 3085 sumptis,
304 3022 380 3065 cum
395 3001 531 3086 propius
554 3002 741 3065 accessisse
760 3000 910 3084 legiones
929 3010 962 3066 et
980 2999 1102 3068 Gaium

126 3100 332 3168 Trebonium
342 3103 494 3187 legatum
506 3113 720 3188 cognossent,
735 3104 835 3170 duces
845 3104 1102 3171 Bellovacorum

127 3207 227 3271 veriti
244 3205 387 3272 similem
410 3206 639 3272 obsessionem
654 3207 792 3274 Alesiae
807 3217 911 3274 noctu
929 3209 1102 3276 dimittunt

127 3331 195 3394 eos,
218 3332 301 3396 quos
318 3319 377 3375 aut
394 3317 508 3375 aetate
531 3321 590 3376 aut
606 3310 735 3376 viribus
752 3311 928 3377 inferiores
945 3321 1003 3377 aut
1015 3313 1101 3379 iner-

126 3435 196 3479 mes
218 3412 403 3497 habebant,
427 3435 560 3501 unaque
582 3415 712 3502 reliqua
736 3416 985 3502 impedimenta.
1014 3416 1123 3499 Quo-r

125 3538 200 3582 rum
214 3515 448 3602 perturbatum
460 3526 494 3583 et
506 3518 682 3585 confusum
699 3519 776 3586 dum
793 3519 964 3606 explicant
980 3541 1102 3604 agmen
1148 3559 1153 3565 -
