<?xml version="1.0" encoding="UTF-8"?>
<!DOCTYPE html PUBLIC "-//W3C//DTD XHTML 1.0 Transitional//EN"
    "http://www.w3.org/TR/xhtml1/DTD/xhtml1-transitional.dtd">
<html xmlns="http://www.w3.org/1999/xhtml" xml:lang="en" lang="en">
 <head>
  <title>
</title>
<meta http-equiv="Content-Type" content="text/html;charset=utf-8" />
  <meta name='ocr-system' content='tesseract 3.04.00' />
  <meta name='ocr-capabilities' content='ocr_page ocr_carea ocr_par ocr_line ocrx_word'/>
</head>
<body>
  <div class='ocr_page' id='page_1' title='image "./ciuliicaesarisc00hoffgoog/ciuliicaesarisc00hoffgoog_0035.png"; bbox 0 0 2376 3924; ppageno 0'>
   <div class='ocr_carea' id='block_1_1' title="bbox 94 230 772 283">
    <p class='ocr_par' dir='ltr' id='par_1_1' title="bbox 94 230 772 283">
     <span class='ocr_line' id='line_1_1' title="bbox 94 230 772 283; baseline 0.001 -3"><span class='ocrx_word' id='word_1_1' title='bbox 94 231 182 281; x_wconf 87' lang='lat' dir='ltr'>XXIV</span> <span class='ocrx_word' id='word_1_2' title='bbox 395 230 608 283; x_wconf 77' lang='lat' dir='ltr'>ADNO&#39;I&#39;ATIO</span> <span class='ocrx_word' id='word_1_3' title='bbox 627 231 772 283; x_wconf 64' lang='lat' dir='ltr'>01³1ch</span> 
     </span>
    </p>
   </div>
   <div class='ocr_carea' id='block_1_2' title="bbox 94 419 1074 747">
    <p class='ocr_par' dir='ltr' id='par_1_2' title="bbox 94 419 1074 747">
     <span class='ocr_line' id='line_1_2' title="bbox 96 419 1073 488; baseline 0.004 -19"><span class='ocrx_word' id='word_1_4' title='bbox 96 419 185 470; x_wconf 91' lang='lat' dir='ltr'>simile</span> <span class='ocrx_word' id='word_1_5' title='bbox 212 420 327 483; x_wconf 79' lang='lat' dir='ltr'>videtur,</span> <span class='ocrx_word' id='word_1_6' title='bbox 351 437 412 471; x_wconf 90' lang='lat' dir='ltr'>eum</span> <span class='ocrx_word' id='word_1_7' title='bbox 436 437 489 471; x_wconf 91' lang='lat' dir='ltr'>non</span> <span class='ocrx_word' id='word_1_8' title='bbox 514 422 567 471; x_wconf 91' lang='lat' dir='ltr'>nisi</span> <span class='ocrx_word' id='word_1_9' title='bbox 591 427 631 473; x_wconf 90' lang='lat' dir='ltr'>tot</span> <span class='ocrx_word' id='word_1_10' title='bbox 654 422 737 487; x_wconf 88' lang='lat' dir='ltr'>pedes</span> <span class='ocrx_word' id='word_1_11' title='bbox 761 421 872 488; x_wconf 84' lang='lat' dir='ltr'>longum</span> <span class='ocrx_word' id='word_1_12' title='bbox 895 422 987 485; x_wconf 88' lang='lat' dir='ltr'>fuisse,</span> <span class='ocrx_word' id='word_1_13' title='bbox 1012 439 1073 473; x_wconf 87' lang='lat' dir='ltr'>cum</span> 
     </span>
     <span class='ocr_line' id='line_1_3' title="bbox 95 503 1073 572; baseline 0.006 -18"><span class='ocrx_word' id='word_1_14' title='bbox 95 512 188 555; x_wconf 90' lang='lat' dir='ltr'>contra</span> <span class='ocrx_word' id='word_1_15' title='bbox 208 521 267 556; x_wconf 87' lang='lat' dir='ltr'>eam</span> <span class='ocrx_word' id='word_1_16' title='bbox 286 503 365 555; x_wconf 91' lang='lat' dir='ltr'>modo</span> <span class='ocrx_word' id='word_1_17' title='bbox 384 505 477 571; x_wconf 84' lang='lat' dir='ltr'><strong>oppidi</strong></span> <span class='ocrx_word' id='word_1_18' title='bbox 494 512 598 571; x_wconf 87' lang='lat' dir='ltr'>partem</span> <span class='ocrx_word' id='word_1_19' title='bbox 622 512 773 557; x_wconf 84' lang='lat' dir='ltr'>exstructus</span> <span class='ocrx_word' id='word_1_20' title='bbox 796 514 876 568; x_wconf 86' lang='lat' dir='ltr'>esset,</span> <span class='ocrx_word' id='word_1_21' title='bbox 896 523 966 572; x_wconf 88' lang='lat' dir='ltr'>quae</span> <span class='ocrx_word' id='word_1_22' title='bbox 984 523 1073 560; x_wconf 76' lang='lat' dir='ltr'>onom</span> 
     </span>
     <span class='ocr_line' id='line_1_4' title="bbox 94 590 1074 660; baseline 0.001 -16"><span class='ocrx_word' id='word_1_23' title='bbox 94 596 120 644; x_wconf 88' lang='lat' dir='ltr'>et</span> <span class='ocrx_word' id='word_1_24' title='bbox 140 595 346 660; x_wconf 77' lang='lat' dir='ltr'>peraapostum</span> <span class='ocrx_word' id='word_1_25' title='bbox 370 590 482 644; x_wconf 79' lang='lat' dir='ltr'>editam</span> <span class='ocrx_word' id='word_1_26' title='bbox 508 594 658 658; x_wconf 79' lang='lat' dir='ltr'><strong>praebebat</strong></span> <span class='ocrx_word' id='word_1_27' title='bbox 681 594 716 658; x_wconf 85' lang='lat' dir='ltr'>(c.</span> <span class='ocrx_word' id='word_1_28' title='bbox 739 593 778 654; x_wconf 79' lang='lat'>15,</span> <span class='ocrx_word' id='word_1_29' title='bbox 801 595 837 656; x_wconf 80' lang='lat'>5).</span> <span class='ocrx_word' id='word_1_30' title='bbox 868 594 959 659; x_wconf 88' lang='lat' dir='ltr'>itaque</span> <span class='ocrx_word' id='word_1_31' title='bbox 983 591 1074 646; x_wconf 79' lang='lat' dir='ltr'>latam</span> 
     </span>
     <span class='ocr_line' id='line_1_5' title="bbox 94 677 1073 747; baseline 0 -19"><span class='ocrx_word' id='word_1_32' title='bbox 94 678 194 728; x_wconf 80' lang='lat' dir='ltr'>inclusi</span> <span class='ocrx_word' id='word_1_33' title='bbox 207 685 234 727; x_wconf 89' lang='lat' dir='ltr'>et</span> <span class='ocrx_word' id='word_1_34' title='bbox 246 677 385 747; x_wconf 74' lang='lat' dir='ltr'>loitpom</span> <span class='ocrx_word' id='word_1_35' title='bbox 401 685 462 744; x_wconf 87' lang='lat' dir='ltr'>post</span> <span class='ocrx_word' id='word_1_36' title='bbox 481 681 584 728; x_wconf 90' lang='lat' dir='ltr'>numeri</span> <span class='ocrx_word' id='word_1_37' title='bbox 603 681 710 745; x_wconf 81' lang='lat' dir='ltr'>signum</span> <span class='ocrx_word' id='word_1_38' title='bbox 723 680 841 742; x_wconf 83' lang='lat' dir='ltr'>inserui3</span> <span class='ocrx_word' id='word_1_39' title='bbox 859 679 903 728; x_wconf 89' lang='lat' dir='ltr'>bic</span> <span class='ocrx_word' id='word_1_40' title='bbox 917 681 999 743; x_wconf 88' lang='lat' dir='ltr'>enim,</span> <span class='ocrx_word' id='word_1_41' title='bbox 1012 696 1073 729; x_wconf 89' lang='lat' dir='ltr'>eum</span> 
     </span>
    </p>
   </div>
   <div class='ocr_carea' id='block_1_3' title="bbox 92 763 1120 3588">
    <p class='ocr_par' dir='ltr' id='par_1_3' title="bbox 92 763 1086 1435">
     <span class='ocr_line' id='line_1_6' title="bbox 94 763 1086 833; baseline 0.001 -19"><span class='ocrx_word' id='word_1_42' title='bbox 94 766 185 815; x_wconf 89' lang='lat' dir='ltr'>statim</span> <span class='ocrx_word' id='word_1_43' title='bbox 204 773 332 830; x_wconf 82' lang='lat' dir='ltr'>sequatur</span> <span class='ocrx_word' id='word_1_44' title='bbox 351 764 448 829; x_wconf 81' lang='lat' dir='ltr'>altam,</span> <span class='ocrx_word' id='word_1_45' title='bbox 473 767 519 815; x_wconf 84' lang='lat' dir='ltr'>vix</span> <span class='ocrx_word' id='word_1_46' title='bbox 537 767 651 827; x_wconf 89' lang='lat' dir='ltr'>mireris,</span> <span class='ocrx_word' id='word_1_47' title='bbox 679 781 726 814; x_wconf 90' lang='lat' dir='ltr'>cur</span> <span class='ocrx_word' id='word_1_48' title='bbox 744 763 881 833; x_wconf 69' lang='lat' dir='ltr'>lotapatae</span> <span class='ocrx_word' id='word_1_49' title='bbox 899 765 1030 816; x_wconf 83' lang='lat' dir='ltr'>exciderit</span> <span class='ocrx_word' id='word_1_50' title='bbox 1048 772 1086 815; x_wconf 65' lang='lat' dir='ltr'>etr</span> 
     </span>
     <span class='ocr_line' id='line_1_7' title="bbox 93 850 1073 917; baseline 0.002 -16"><span class='ocrx_word' id='word_1_51' title='bbox 93 868 154 913; x_wconf 86' lang='lat' dir='ltr'>cur,</span> <span class='ocrx_word' id='word_1_52' title='bbox 186 868 245 901; x_wconf 91' lang='lat' dir='ltr'>cum</span> <span class='ocrx_word' id='word_1_53' title='bbox 273 853 327 901; x_wconf 84' lang='lat' dir='ltr'>iam</span> <span class='ocrx_word' id='word_1_54' title='bbox 355 853 520 902; x_wconf 88' lang='lat' dir='ltr'>adiectivum</span> <span class='ocrx_word' id='word_1_55' title='bbox 551 866 706 900; x_wconf 88' lang='lat' dir='ltr'>mensuram</span> <span class='ocrx_word' id='word_1_56' title='bbox 738 851 863 900; x_wconf 83' lang='lat' dir='ltr'>indicans</span> <span class='ocrx_word' id='word_1_57' title='bbox 895 856 959 900; x_wconf 84' lang='lat' dir='ltr'>ante</span> <span class='ocrx_word' id='word_1_58' title='bbox 986 850 1073 917; x_wconf 77' lang='lat' dir='ltr'>pedes</span> 
     </span>
     <span class='ocr_line' id='line_1_8' title="bbox 97 936 1074 1000; baseline -0.005 -9"><span class='ocrx_word' id='word_1_59' title='bbox 97 936 256 991; x_wconf 81' lang='lat' dir='ltr'>CCCXXX</span> <span class='ocrx_word' id='word_1_60' title='bbox 269 939 362 988; x_wconf 81' lang='lat' dir='ltr'>deesse</span> <span class='ocrx_word' id='word_1_61' title='bbox 374 938 520 1000; x_wconf 88' lang='lat' dir='ltr'>videretur,</span> <span class='ocrx_word' id='word_1_62' title='bbox 533 936 565 988; x_wconf 82' lang='lat' dir='ltr'>la</span> <span class='ocrx_word' id='word_1_63' title='bbox 574 941 644 988; x_wconf 77' lang='lat' dir='ltr'>item</span> <span class='ocrx_word' id='word_1_64' title='bbox 655 936 725 986; x_wconf 90' lang='lat' dir='ltr'>illud</span> <span class='ocrx_word' id='word_1_65' title='bbox 737 938 773 987; x_wconf 90' lang='lat' dir='ltr'>sit</span> <span class='ocrx_word' id='word_1_66' title='bbox 784 936 913 987; x_wconf 86' lang='lat' dir='ltr'>additum.</span> <span class='ocrx_word' id='word_1_67' title='bbox 927 937 999 1000; x_wconf 90' lang='lat' dir='ltr'>quod</span> <span class='ocrx_word' id='word_1_68' title='bbox 1008 952 1074 987; x_wconf 83' lang='lat' dir='ltr'>vero</span> 
     </span>
     <span class='ocr_line' id='line_1_9' title="bbox 94 1022 1072 1089; baseline 0.001 -16"><span class='ocrx_word' id='word_1_69' title='bbox 94 1039 177 1089; x_wconf 81' lang='lat' dir='ltr'>agger</span> <span class='ocrx_word' id='word_1_70' title='bbox 202 1025 301 1072; x_wconf 87' lang='lat' dir='ltr'>LXXX</span> <span class='ocrx_word' id='word_1_71' title='bbox 323 1024 406 1088; x_wconf 89' lang='lat' dir='ltr'>pedes</span> <span class='ocrx_word' id='word_1_72' title='bbox 431 1023 502 1074; x_wconf 85' lang='lat' dir='ltr'>altus</span> <span class='ocrx_word' id='word_1_73' title='bbox 527 1024 610 1073; x_wconf 79' lang='lat' dir='ltr'>luisse</span> <span class='ocrx_word' id='word_1_74' title='bbox 635 1022 742 1088; x_wconf 87' lang='lat' dir='ltr'>dicitur,</span> <span class='ocrx_word' id='word_1_75' title='bbox 768 1029 873 1074; x_wconf 87' lang='lat' dir='ltr'>tantam</span> <span class='ocrx_word' id='word_1_76' title='bbox 901 1023 1072 1074; x_wconf 82' lang='lat' dir='ltr'>altitudinem</span> 
     </span>
     <span class='ocr_line' id='line_1_10' title="bbox 93 1110 1075 1175; baseline 0.001 -16"><span class='ocrx_word' id='word_1_77' title='bbox 93 1111 274 1160; x_wconf 86' lang='lat' dir='ltr'>necessariam</span> <span class='ocrx_word' id='word_1_78' title='bbox 298 1111 390 1172; x_wconf 87' lang='lat' dir='ltr'>fuisse,</span> <span class='ocrx_word' id='word_1_79' title='bbox 414 1117 444 1160; x_wconf 92' lang='lat' dir='ltr'>ut</span> <span class='ocrx_word' id='word_1_80' title='bbox 468 1126 529 1160; x_wconf 92' lang='lat' dir='ltr'>cum</span> <span class='ocrx_word' id='word_1_81' title='bbox 554 1110 646 1175; x_wconf 86' lang='lat' dir='ltr'>oppidi</span> <span class='ocrx_word' id='word_1_82' title='bbox 670 1125 747 1159; x_wconf 91' lang='lat' dir='ltr'>muro</span> <span class='ocrx_word' id='word_1_83' title='bbox 772 1116 977 1175; x_wconf 82' lang='lat' dir='ltr'>exaequaretur,</span> <span class='ocrx_word' id='word_1_84' title='bbox 1001 1117 1075 1160; x_wconf 86' lang='lat' dir='ltr'>reete</span> 
     </span>
     <span class='ocr_line' id='line_1_11' title="bbox 93 1194 1075 1261; baseline 0 -15"><span class='ocrx_word' id='word_1_85' title='bbox 93 1199 190 1246; x_wconf 89' lang='lat' dir='ltr'>contra</span> <span class='ocrx_word' id='word_1_86' title='bbox 209 1197 354 1247; x_wconf 86' lang='lat' dir='ltr'>Goelerum</span> <span class='ocrx_word' id='word_1_87' title='bbox 372 1197 477 1246; x_wconf 90' lang='lat' dir='ltr'>monuit</span> <span class='ocrx_word' id='word_1_88' title='bbox 494 1196 624 1261; x_wconf 87' lang='lat' dir='ltr'>Napoleo,</span> <span class='ocrx_word' id='word_1_89' title='bbox 642 1196 713 1245; x_wconf 90' lang='lat' dir='ltr'>Hist.</span> <span class='ocrx_word' id='word_1_90' title='bbox 727 1195 760 1246; x_wconf 92' lang='lat' dir='ltr'>de</span> <span class='ocrx_word' id='word_1_91' title='bbox 774 1194 858 1246; x_wconf 70' lang='lat' dir='ltr'>Cisar</span> <span class='ocrx_word' id='word_1_92' title='bbox 876 1196 913 1258; x_wconf 86' lang='lat'>11,</span> <span class='ocrx_word' id='word_1_93' title='bbox 932 1212 958 1260; x_wconf 89' lang='lat' dir='ltr'>p.</span> <span class='ocrx_word' id='word_1_94' title='bbox 976 1197 1037 1257; x_wconf 75' lang='lat'>256,</span> <span class='ocrx_word' id='word_1_95' title='bbox 1052 1197 1075 1246; x_wconf 90' lang='lat' dir='ltr'>l.</span> 
     </span>
     <span class='ocr_line' id='line_1_12' title="bbox 92 1281 1074 1345; baseline 0.001 -14"><span class='ocrx_word' id='word_1_96' title='bbox 92 1282 125 1333; x_wconf 85' lang='lat' dir='ltr'>cf.</span> <span class='ocrx_word' id='word_1_97' title='bbox 145 1283 172 1332; x_wconf 93' lang='lat' dir='ltr'>b.</span> <span class='ocrx_word' id='word_1_98' title='bbox 191 1299 213 1332; x_wconf 73' lang='lat' dir='ltr'>c,</span> <span class='ocrx_word' id='word_1_99' title='bbox 232 1283 268 1345; x_wconf 87' lang='grc' dir='ltr'>ΙΙ,</span> <span class='ocrx_word' id='word_1_100' title='bbox 287 1284 311 1345; x_wconf 90' lang='lat'>1,</span> <span class='ocrx_word' id='word_1_101' title='bbox 330 1285 347 1332; x_wconf 81' lang='lat'>4</span> <span class='ocrx_word' id='word_1_102' title='bbox 371 1283 419 1332; x_wconf 87' lang='lat' dir='ltr'>ubi</span> <span class='ocrx_word' id='word_1_103' title='bbox 442 1288 569 1332; x_wconf 89' lang='lat' dir='ltr'>narratur</span> <span class='ocrx_word' id='word_1_104' title='bbox 584 1281 613 1332; x_wconf 81' lang='lat' dir='ltr'>C.</span> <span class='ocrx_word' id='word_1_105' title='bbox 634 1282 807 1344; x_wconf 77' lang='lat' dir='ltr'>Trebonium,</span> <span class='ocrx_word' id='word_1_106' title='bbox 834 1298 895 1331; x_wconf 88' lang='lat' dir='ltr'>curn</span> <span class='ocrx_word' id='word_1_107' title='bbox 919 1282 1074 1332; x_wconf 79' lang='lat' dir='ltr'>Massiliam</span> 
     </span>
     <span class='ocr_line' id='line_1_13' title="bbox 93 1367 1073 1435; baseline 0.001 -18"><span class='ocrx_word' id='word_1_108' title='bbox 93 1375 271 1433; x_wconf 83' lang='lat' dir='ltr'>oppugnaret,</span> <span class='ocrx_word' id='word_1_109' title='bbox 290 1383 418 1435; x_wconf 81' lang='lat' dir='ltr'>aggerem</span> <span class='ocrx_word' id='word_1_110' title='bbox 436 1369 464 1416; x_wconf 92' lang='lat' dir='ltr'>in</span> <span class='ocrx_word' id='word_1_111' title='bbox 484 1367 656 1418; x_wconf 87' lang='lat' dir='ltr'>altitudinem</span> <span class='ocrx_word' id='word_1_112' title='bbox 669 1367 768 1433; x_wconf 88' lang='lat' dir='ltr'>pedum</span> <span class='ocrx_word' id='word_1_113' title='bbox 781 1368 880 1417; x_wconf 90' lang='lat' dir='ltr'>LXXX</span> <span class='ocrx_word' id='word_1_114' title='bbox 899 1371 1073 1420; x_wconf 78' lang='lat' dir='ltr'>exstruxisse.</span> 
     </span>
    </p>

    <p class='ocr_par' dir='ltr' id='par_1_4' title="bbox 92 1452 1120 2896">
     <span class='ocr_line' id='line_1_14' title="bbox 197 1452 1075 1522; baseline 0.002 -18"><span class='ocrx_word' id='word_1_115' title='bbox 197 1471 220 1504; x_wconf 89' lang='lat' dir='ltr'>c.</span> <span class='ocrx_word' id='word_1_116' title='bbox 239 1455 281 1515; x_wconf 77' lang='lat'>27,</span> <span class='ocrx_word' id='word_1_117' title='bbox 300 1457 330 1503; x_wconf 81' lang='lat'>2:</span> <span class='ocrx_word' id='word_1_118' title='bbox 355 1452 562 1521; x_wconf 76' lang='lat' dir='ltr'>leqimtibasqoe</span> <span class='ocrx_word' id='word_1_119' title='bbox 581 1453 683 1505; x_wconf 76' lang='lat' dir='ltr'>istro</span> <span class='ocrx_word' id='word_1_120' title='bbox 703 1453 800 1506; x_wconf 78' lang='lat' dir='ltr'>cineas</span> <span class='ocrx_word' id='word_1_121' title='bbox 818 1453 850 1506; x_wconf 81' lang='lat' dir='ltr'>ia</span> <span class='ocrx_word' id='word_1_122' title='bbox 868 1454 975 1506; x_wconf 80' lang='lat' dir='ltr'>occulto</span> <span class='ocrx_word' id='word_1_123' title='bbox 995 1470 1075 1522; x_wconf 78' lang='lat' dir='ltr'>espe-</span> 
     </span>
     <span class='ocr_line' id='line_1_15' title="bbox 94 1538 1075 1608; baseline -0.002 -16"><span class='ocrx_word' id='word_1_124' title='bbox 94 1538 187 1608; x_wconf 72' lang='lat' dir='ltr'>ditisll</span> <span class='ocrx_word' id='word_1_125' title='bbox 214 1540 292 1590; x_wconf 89' lang='lat' dir='ltr'>codd.</span> <span class='ocrx_word' id='word_1_126' title='bbox 319 1540 445 1590; x_wconf 92' lang='lat' dir='ltr'>meliores</span> <span class='ocrx_word' id='word_1_127' title='bbox 472 1543 576 1591; x_wconf 75' lang='lat' dir='ltr'>extra</span> <span class='ocrx_word' id='word_1_128' title='bbox 599 1539 696 1591; x_wconf 78' lang='lat' dir='ltr'>visens</span> <span class='ocrx_word' id='word_1_129' title='bbox 724 1540 834 1601; x_wconf 85' lang='lat' dir='ltr'>habent,</span> <span class='ocrx_word' id='word_1_130' title='bbox 859 1556 891 1590; x_wconf 84' lang='lat' dir='ltr'>ex</span> <span class='ocrx_word' id='word_1_131' title='bbox 919 1547 1075 1591; x_wconf 88' lang='lat' dir='ltr'>correctura</span> 
     </span>
     <span class='ocr_line' id='line_1_16' title="bbox 93 1624 1075 1692; baseline 0 -15"><span class='ocrx_word' id='word_1_132' title='bbox 93 1629 188 1692; x_wconf 90' lang='lat' dir='ltr'>opinor</span> <span class='ocrx_word' id='word_1_133' title='bbox 206 1626 320 1688; x_wconf 89' lang='lat' dir='ltr'>librarii,</span> <span class='ocrx_word' id='word_1_134' title='bbox 340 1626 387 1691; x_wconf 90' lang='lat' dir='ltr'>qui</span> <span class='ocrx_word' id='word_1_135' title='bbox 405 1624 545 1692; x_wconf 82' lang='lat' dir='ltr'>expeditis</span> <span class='ocrx_word' id='word_1_136' title='bbox 564 1642 612 1691; x_wconf 86' lang='lat' dir='ltr'>per</span> <span class='ocrx_word' id='word_1_137' title='bbox 630 1624 739 1678; x_wconf 75' lang='lat' dir='ltr'>emissis</span> <span class='ocrx_word' id='word_1_138' title='bbox 757 1627 872 1676; x_wconf 86' lang='lat' dir='ltr'>fortasse</span> <span class='ocrx_word' id='word_1_139' title='bbox 890 1627 1075 1692; x_wconf 87' lang='lat' dir='ltr'>interpretans</span> 
     </span>
     <span class='ocr_line' id='line_1_17' title="bbox 92 1712 1074 1781; baseline -0.003 -16"><span class='ocrx_word' id='word_1_140' title='bbox 92 1716 215 1781; x_wconf 86' lang='lat' dir='ltr'>legiones</span> <span class='ocrx_word' id='word_1_141' title='bbox 235 1730 341 1763; x_wconf 91' lang='lat' dir='ltr'>murum</span> <span class='ocrx_word' id='word_1_142' title='bbox 359 1729 535 1779; x_wconf 78' lang='lat' dir='ltr'>aggressurae</span> <span class='ocrx_word' id='word_1_143' title='bbox 554 1729 608 1762; x_wconf 88' lang='lat' dir='ltr'>non</span> <span class='ocrx_word' id='word_1_144' title='bbox 627 1712 707 1766; x_wconf 74' lang='lat' dir='ltr'>intro</span> <span class='ocrx_word' id='word_1_145' title='bbox 733 1714 781 1764; x_wconf 87' lang='lat' dir='ltr'>sed</span> <span class='ocrx_word' id='word_1_146' title='bbox 804 1717 888 1766; x_wconf 78' lang='lat' dir='ltr'>extra</span> <span class='ocrx_word' id='word_1_147' title='bbox 911 1712 1009 1765; x_wconf 75' lang='lat' dir='ltr'>vineas</span> <span class='ocrx_word' id='word_1_148' title='bbox 1030 1729 1074 1764; x_wconf 85' lang='lat' dir='ltr'>ex-</span> 
     </span>
     <span class='ocr_line' id='line_1_18' title="bbox 92 1799 1076 1865; baseline 0.001 -16"><span class='ocrx_word' id='word_1_149' title='bbox 92 1800 198 1865; x_wconf 88' lang='lat' dir='ltr'>peditas</span> <span class='ocrx_word' id='word_1_150' title='bbox 211 1815 271 1850; x_wconf 89' lang='lat' dir='ltr'>esse</span> <span class='ocrx_word' id='word_1_151' title='bbox 284 1805 415 1849; x_wconf 87' lang='lat' dir='ltr'>censeret.</span> <span class='ocrx_word' id='word_1_152' title='bbox 433 1799 520 1849; x_wconf 90' lang='lat' dir='ltr'>altera</span> <span class='ocrx_word' id='word_1_153' title='bbox 532 1799 629 1849; x_wconf 91' lang='lat' dir='ltr'>deinde</span> <span class='ocrx_word' id='word_1_154' title='bbox 644 1801 760 1850; x_wconf 88' lang='lat' dir='ltr'>accessit</span> <span class='ocrx_word' id='word_1_155' title='bbox 773 1807 927 1850; x_wconf 84' lang='lat' dir='ltr'>correctura</span> <span class='ocrx_word' id='word_1_156' title='bbox 938 1799 1076 1850; x_wconf 83' lang='lat' dir='ltr'>vocabulo</span> 
     </span>
     <span class='ocr_line' id='line_1_19' title="bbox 93 1884 1120 1951; baseline -0.002 -14"><span class='ocrx_word' id='word_1_157' title='bbox 93 1889 215 1938; x_wconf 77' lang='lat' dir='ltr'>costra</span> <span class='ocrx_word' id='word_1_158' title='bbox 242 1901 323 1951; x_wconf 90' lang='lat' dir='ltr'>super</span> <span class='ocrx_word' id='word_1_159' title='bbox 350 1884 472 1937; x_wconf 78' lang='lat' dir='ltr'>vineas</span> <span class='ocrx_word' id='word_1_160' title='bbox 501 1887 609 1950; x_wconf 89' lang='lat' dir='ltr'>scripto,</span> <span class='ocrx_word' id='word_1_161' title='bbox 637 1886 709 1935; x_wconf 91' lang='lat' dir='ltr'>unde</span> <span class='ocrx_word' id='word_1_162' title='bbox 738 1892 845 1936; x_wconf 85' lang='lat' dir='ltr'>enatum</span> <span class='ocrx_word' id='word_1_163' title='bbox 875 1894 923 1946; x_wconf 88' lang='lat' dir='ltr'>est,</span> <span class='ocrx_word' id='word_1_164' title='bbox 951 1885 1023 1950; x_wconf 90' lang='lat' dir='ltr'>quod</span> <span class='ocrx_word' id='word_1_165' title='bbox 1045 1887 1076 1935; x_wconf 90' lang='lat' dir='ltr'>in</span> <span class='ocrx_word' id='word_1_166' title='bbox 1116 1946 1120 1951; x_wconf 18' lang='lat'><strong>⁴</strong></span> 
     </span>
     <span class='ocr_line' id='line_1_20' title="bbox 93 1969 1074 2037; baseline 0 -16"><span class='ocrx_word' id='word_1_167' title='bbox 93 1972 171 2021; x_wconf 89' lang='lat' dir='ltr'>codd.</span> <span class='ocrx_word' id='word_1_168' title='bbox 190 1971 370 2020; x_wconf 88' lang='lat' dir='ltr'>deterioribus</span> <span class='ocrx_word' id='word_1_169' title='bbox 392 1970 492 2037; x_wconf 86' lang='lat' dir='ltr'>legitur</span> <span class='ocrx_word' id='word_1_170' title='bbox 515 1974 598 2022; x_wconf 81' lang='lat' dir='ltr'>extro</span> <span class='ocrx_word' id='word_1_171' title='bbox 621 1975 720 2022; x_wconf 81' lang='lat' dir='ltr'>eastra</span> <span class='ocrx_word' id='word_1_172' title='bbox 744 1969 848 2023; x_wconf 73' lang='lat' dir='ltr'>eiciens.</span> <span class='ocrx_word' id='word_1_173' title='bbox 881 1970 987 2021; x_wconf 88' lang='lat' dir='ltr'>Helleri</span> <span class='ocrx_word' id='word_1_174' title='bbox 1012 1986 1074 2021; x_wconf 89' lang='lat' dir='ltr'>eon·</span> 
     </span>
     <span class='ocr_line' id='line_1_21' title="bbox 93 2056 1076 2123; baseline 0.001 -17"><span class='ocrx_word' id='word_1_175' title='bbox 93 2060 206 2121; x_wconf 82' lang='lat' dir='ltr'>iectura,</span> <span class='ocrx_word' id='word_1_176' title='bbox 225 2072 306 2122; x_wconf 86' lang='lat' dir='ltr'>quarn</span> <span class='ocrx_word' id='word_1_177' title='bbox 319 2057 432 2116; x_wconf 85' lang='lat' dir='ltr'>Kraner,</span> <span class='ocrx_word' id='word_1_178' title='bbox 444 2057 645 2123; x_wconf 84' lang='lat' dir='ltr'>Dittenberger,</span> <span class='ocrx_word' id='word_1_179' title='bbox 658 2058 763 2120; x_wconf 90' lang='lat' dir='ltr'>Dinter,</span> <span class='ocrx_word' id='word_1_180' title='bbox 782 2056 886 2107; x_wconf 88' lang='lat' dir='ltr'>Holder</span> <span class='ocrx_word' id='word_1_181' title='bbox 905 2062 1076 2122; x_wconf 82' lang='lat' dir='ltr'>receperunt,</span> 
     </span>
     <span class='ocr_line' id='line_1_22' title="bbox 93 2142 1076 2210; baseline 0 -16"><span class='ocrx_word' id='word_1_182' title='bbox 93 2143 190 2195; x_wconf 79' lang='lat' dir='ltr'>iuter</span> <span class='ocrx_word' id='word_1_183' title='bbox 209 2147 333 2196; x_wconf 83' lang='lat' dir='ltr'>eastra</span> <span class='ocrx_word' id='word_1_184' title='bbox 352 2142 555 2210; x_wconf 80' lang='lat' dir='ltr'>eiaeosqoe,</span> <span class='ocrx_word' id='word_1_185' title='bbox 574 2145 628 2194; x_wconf 88' lang='lat' dir='ltr'>iam</span> <span class='ocrx_word' id='word_1_186' title='bbox 647 2160 679 2194; x_wconf 92' lang='lat' dir='ltr'>eo</span> <span class='ocrx_word' id='word_1_187' title='bbox 698 2143 839 2204; x_wconf 87' lang='lat' dir='ltr'>refellitur,</span> <span class='ocrx_word' id='word_1_188' title='bbox 859 2143 931 2208; x_wconf 88' lang='lat' dir='ltr'>quod</span> <span class='ocrx_word' id='word_1_189' title='bbox 950 2143 1076 2210; x_wconf 83' lang='lat' dir='ltr'>legiones</span> 
     </span>
     <span class='ocr_line' id='line_1_23' title="bbox 93 2227 1077 2296; baseline 0 -17"><span class='ocrx_word' id='word_1_190' title='bbox 93 2231 144 2280; x_wconf 87' lang='lat' dir='ltr'>hoc</span> <span class='ocrx_word' id='word_1_191' title='bbox 169 2239 240 2280; x_wconf 86' lang='lat' dir='ltr'>certe</span> <span class='ocrx_word' id='word_1_192' title='bbox 266 2232 353 2296; x_wconf 88' lang='lat' dir='ltr'>spatio</span> <span class='ocrx_word' id='word_1_193' title='bbox 376 2232 446 2280; x_wconf 89' lang='lat' dir='ltr'>inter</span> <span class='ocrx_word' id='word_1_194' title='bbox 470 2237 560 2282; x_wconf 90' lang='lat' dir='ltr'>castra</span> <span class='ocrx_word' id='word_1_195' title='bbox 584 2236 610 2281; x_wconf 89' lang='lat' dir='ltr'>et</span> <span class='ocrx_word' id='word_1_196' title='bbox 635 2231 731 2281; x_wconf 84' lang='lat' dir='ltr'>vineas</span> <span class='ocrx_word' id='word_1_197' title='bbox 758 2228 790 2281; x_wconf 74' lang='lat' dir='ltr'>iit</span> <span class='ocrx_word' id='word_1_198' title='bbox 817 2227 923 2282; x_wconf 76' lang='lat' dir='ltr'>occulto</span> <span class='ocrx_word' id='word_1_199' title='bbox 952 2227 1077 2295; x_wconf 83' lang='lat' dir='ltr'>expediri</span> 
     </span>
     <span class='ocr_line' id='line_1_24' title="bbox 93 2314 1075 2381; baseline -0.001 -16"><span class='ocrx_word' id='word_1_200' title='bbox 93 2317 250 2381; x_wconf 88' lang='lat' dir='ltr'>nequibant.</span> <span class='ocrx_word' id='word_1_201' title='bbox 282 2333 343 2366; x_wconf 90' lang='lat' dir='ltr'>cum</span> <span class='ocrx_word' id='word_1_202' title='bbox 367 2318 438 2366; x_wconf 89' lang='lat' dir='ltr'>enim</span> <span class='ocrx_word' id='word_1_203' title='bbox 461 2319 558 2367; x_wconf 83' lang='lat' dir='ltr'>vineae</span> <span class='ocrx_word' id='word_1_204' title='bbox 583 2317 662 2366; x_wconf 90' lang='lat' dir='ltr'>certis</span> <span class='ocrx_word' id='word_1_205' title='bbox 681 2316 776 2381; x_wconf 81' lang='lat' dir='ltr'>spatiis</span> <span class='ocrx_word' id='word_1_206' title='bbox 795 2316 867 2365; x_wconf 89' lang='lat' dir='ltr'>inter</span> <span class='ocrx_word' id='word_1_207' title='bbox 885 2330 914 2364; x_wconf 89' lang='lat' dir='ltr'>se</span> <span class='ocrx_word' id='word_1_208' title='bbox 933 2314 1075 2378; x_wconf 78' lang='lat' dir='ltr'>distarent,</span> 
     </span>
     <span class='ocr_line' id='line_1_25' title="bbox 93 2401 1075 2469; baseline 0.001 -19"><span class='ocrx_word' id='word_1_209' title='bbox 93 2401 152 2452; x_wconf 87' lang='lat' dir='ltr'>fieri</span> <span class='ocrx_word' id='word_1_210' title='bbox 171 2409 349 2468; x_wconf 86' lang='lat' dir='ltr'>nonpoterat</span> <span class='ocrx_word' id='word_1_211' title='bbox 367 2404 433 2468; x_wconf 89' lang='lat' dir='ltr'>quin</span> <span class='ocrx_word' id='word_1_212' title='bbox 451 2419 521 2469; x_wconf 90' lang='lat' dir='ltr'>quae</span> <span class='ocrx_word' id='word_1_213' title='bbox 544 2403 616 2452; x_wconf 90' lang='lat' dir='ltr'>inter</span> <span class='ocrx_word' id='word_1_214' title='bbox 634 2409 721 2452; x_wconf 82' lang='lat' dir='ltr'>castra</span> <span class='ocrx_word' id='word_1_215' title='bbox 741 2407 768 2452; x_wconf 87' lang='lat' dir='ltr'>et</span> <span class='ocrx_word' id='word_1_216' title='bbox 784 2402 880 2452; x_wconf 81' lang='lat' dir='ltr'>vineas</span> <span class='ocrx_word' id='word_1_217' title='bbox 904 2406 1075 2466; x_wconf 85' lang='lat' dir='ltr'>pararentur,</span> 
     </span>
     <span class='ocr_line' id='line_1_26' title="bbox 92 2480 1075 2555; baseline 0.003 -19"><span class='ocrx_word' id='word_1_218' title='bbox 92 2504 141 2553; x_wconf 91' lang='lat' dir='ltr'>per</span> <span class='ocrx_word' id='word_1_219' title='bbox 159 2488 226 2538; x_wconf 90' lang='lat' dir='ltr'>haec</span> <span class='ocrx_word' id='word_1_220' title='bbox 244 2480 390 2538; x_wconf 76' lang='lat' dir='ltr'>intervalla</span> <span class='ocrx_word' id='word_1_221' title='bbox 408 2489 442 2538; x_wconf 85' lang='lat' dir='ltr'>ab</span> <span class='ocrx_word' id='word_1_222' title='bbox 461 2489 584 2539; x_wconf 86' lang='lat' dir='ltr'>hostibus</span> <span class='ocrx_word' id='word_1_223' title='bbox 603 2490 810 2555; x_wconf 88' lang='lat' dir='ltr'>dispicerentur.</span> <span class='ocrx_word' id='word_1_224' title='bbox 828 2487 931 2539; x_wconf 74' lang='lat' dir='ltr'>intro</span> <span class='ocrx_word' id='word_1_225' title='bbox 949 2486 1075 2540; x_wconf 75' lang='lat' dir='ltr'>vineas</span> 
     </span>
     <span class='ocr_line' id='line_1_27' title="bbox 93 2573 1074 2641; baseline 0.001 -18"><span class='ocrx_word' id='word_1_226' title='bbox 93 2592 157 2624; x_wconf 91' lang='lat' dir='ltr'>vero</span> <span class='ocrx_word' id='word_1_227' title='bbox 186 2576 324 2641; x_wconf 83' lang='lat' dir='ltr'>expeditos</span> <span class='ocrx_word' id='word_1_228' title='bbox 350 2591 409 2626; x_wconf 89' lang='lat' dir='ltr'>esse</span> <span class='ocrx_word' id='word_1_229' title='bbox 433 2576 533 2626; x_wconf 86' lang='lat' dir='ltr'>milites</span> <span class='ocrx_word' id='word_1_230' title='bbox 559 2576 652 2640; x_wconf 90' lang='lat' dir='ltr'>ibique</span> <span class='ocrx_word' id='word_1_231' title='bbox 680 2577 787 2641; x_wconf 86' lang='lat' dir='ltr'>signum</span> <span class='ocrx_word' id='word_1_232' title='bbox 811 2573 1005 2640; x_wconf 87' lang='lat' dir='ltr'>prorumpendi</span> <span class='ocrx_word' id='word_1_233' title='bbox 1029 2586 1074 2624; x_wconf 81' lang='lat' dir='ltr'>ex·</span> 
     </span>
     <span class='ocr_line' id='line_1_28' title="bbox 94 2659 1075 2727; baseline 0 -17"><span class='ocrx_word' id='word_1_234' title='bbox 94 2670 239 2727; x_wconf 82' lang='lat' dir='ltr'>spectasse,</span> <span class='ocrx_word' id='word_1_235' title='bbox 262 2662 325 2710; x_wconf 90' lang='lat' dir='ltr'>inde</span> <span class='ocrx_word' id='word_1_236' title='bbox 349 2662 431 2710; x_wconf 86' lang='lat' dir='ltr'>etiam</span> <span class='ocrx_word' id='word_1_237' title='bbox 454 2661 617 2712; x_wconf 83' lang='lat' dir='ltr'>concludere</span> <span class='ocrx_word' id='word_1_238' title='bbox 645 2661 719 2723; x_wconf 82' lang='lat' dir='ltr'>licet,</span> <span class='ocrx_word' id='word_1_239' title='bbox 743 2660 815 2726; x_wconf 88' lang='lat' dir='ltr'>quod</span> <span class='ocrx_word' id='word_1_240' title='bbox 839 2667 958 2709; x_wconf 88' lang='lat' dir='ltr'>extremo</span> <span class='ocrx_word' id='word_1_241' title='bbox 983 2659 1075 2725; x_wconf 79' lang='lat' dir='ltr'>capite</span> 
     </span>
     <span class='ocr_line' id='line_1_29' title="bbox 93 2743 1075 2812; baseline 0.003 -17"><span class='ocrx_word' id='word_1_242' title='bbox 93 2754 218 2798; x_wconf 86' lang='lat' dir='ltr'>narratur</span> <span class='ocrx_word' id='word_1_243' title='bbox 237 2764 284 2798; x_wconf 89' lang='lat' dir='ltr'>eos</span> <span class='ocrx_word' id='word_1_244' title='bbox 303 2749 380 2812; x_wconf 84' lang='lat' dir='ltr'>signo</span> <span class='ocrx_word' id='word_1_245' title='bbox 407 2747 470 2797; x_wconf 89' lang='lat' dir='ltr'>dato</span> <span class='ocrx_word' id='word_1_246' title='bbox 496 2749 585 2798; x_wconf 90' lang='lat' dir='ltr'>subito</span> <span class='ocrx_word' id='word_1_247' title='bbox 609 2762 651 2798; x_wconf 78' lang='lat' dir='ltr'>eoe</span> <span class='ocrx_word' id='word_1_248' title='bbox 674 2745 854 2798; x_wconf 70' lang='lat' dir='ltr'>omatibus</span> <span class='ocrx_word' id='word_1_249' title='bbox 874 2743 1075 2812; x_wconf 74' lang='lat' dir='ltr'>partibus</span> 
     </span>
     <span class='ocr_line' id='line_1_30' title="bbox 93 2832 893 2896; baseline -0.004 -12"><span class='ocrx_word' id='word_1_250' title='bbox 93 2832 301 2895; x_wconf 78' lang='lat' dir='ltr'>evolavisse,</span> <span class='ocrx_word' id='word_1_251' title='bbox 322 2850 357 2883; x_wconf 87' lang='lat' dir='ltr'>sc.</span> <span class='ocrx_word' id='word_1_252' title='bbox 377 2850 410 2882; x_wconf 84' lang='lat' dir='ltr'>ex</span> <span class='ocrx_word' id='word_1_253' title='bbox 429 2834 523 2892; x_wconf 89' lang='lat' dir='ltr'>vineis,</span> <span class='ocrx_word' id='word_1_254' title='bbox 544 2833 641 2896; x_wconf 91' lang='lat' dir='ltr'>quibus</span> <span class='ocrx_word' id='word_1_255' title='bbox 660 2832 760 2883; x_wconf 88' lang='lat' dir='ltr'>occulti</span> <span class='ocrx_word' id='word_1_256' title='bbox 778 2832 893 2882; x_wconf 86' lang='lat' dir='ltr'>fuerant.</span> 
     </span>
    </p>

    <p class='ocr_par' dir='ltr' id='par_1_5' title="bbox 93 2916 1075 3588">
     <span class='ocr_line' id='line_1_31' title="bbox 195 2916 1074 2987; baseline 0.001 -18"><span class='ocrx_word' id='word_1_257' title='bbox 195 2937 218 2969; x_wconf 93' lang='lat' dir='ltr'>c.</span> <span class='ocrx_word' id='word_1_258' title='bbox 236 2921 278 2981; x_wconf 74' lang='lat'>28,</span> <span class='ocrx_word' id='word_1_259' title='bbox 299 2922 327 2969; x_wconf 91' lang='lat'>1:</span> <span class='ocrx_word' id='word_1_260' title='bbox 355 2919 382 2972; x_wconf 88' lang='lat' dir='ltr'>si</span> <span class='ocrx_word' id='word_1_261' title='bbox 401 2935 457 2985; x_wconf 75' lang='lat' dir='ltr'>qaia</span> <span class='ocrx_word' id='word_1_262' title='bbox 478 2934 511 2971; x_wconf 78' lang='lat' dir='ltr'>es</span> <span class='ocrx_word' id='word_1_263' title='bbox 526 2923 613 2986; x_wconf 76' lang='lat' dir='ltr'>porte</span> <span class='ocrx_word' id='word_1_264' title='bbox 638 2917 746 2971; x_wconf 81' lang='lat' dir='ltr'>obviam</span> <span class='ocrx_word' id='word_1_265' title='bbox 765 2917 883 2986; x_wconf 75' lang='lat' dir='ltr'>[coertio]</span> <span class='ocrx_word' id='word_1_266' title='bbox 907 2916 1074 2987; x_wconf 72' lang='lat' dir='ltr'>castretur]</span> 
     </span>
     <span class='ocr_line' id='line_1_32' title="bbox 93 3004 1073 3071; baseline -0.004 -13"><span class='ocrx_word' id='word_1_267' title='bbox 93 3010 192 3058; x_wconf 76' lang='lat' dir='ltr'>cosilio</span> <span class='ocrx_word' id='word_1_268' title='bbox 205 3009 250 3055; x_wconf 81' lang='lat' dir='ltr'>vix</span> <span class='ocrx_word' id='word_1_269' title='bbox 262 3007 409 3071; x_wconf 84' lang='lat' dir='ltr'>genuinum</span> <span class='ocrx_word' id='word_1_270' title='bbox 429 3022 488 3056; x_wconf 91' lang='lat' dir='ltr'>esse</span> <span class='ocrx_word' id='word_1_271' title='bbox 507 3022 601 3055; x_wconf 89' lang='lat' dir='ltr'>omnes</span> <span class='ocrx_word' id='word_1_272' title='bbox 619 3005 675 3055; x_wconf 85' lang='lat' dir='ltr'>fere</span> <span class='ocrx_word' id='word_1_273' title='bbox 694 3005 859 3055; x_wconf 88' lang='lat' dir='ltr'>recentiores</span> <span class='ocrx_word' id='word_1_274' title='bbox 880 3004 996 3054; x_wconf 90' lang='lat' dir='ltr'>editores</span> <span class='ocrx_word' id='word_1_275' title='bbox 1010 3019 1073 3054; x_wconf 89' lang='lat' dir='ltr'>eon·</span> 
     </span>
     <span class='ocr_line' id='line_1_33' title="bbox 93 3088 1075 3158; baseline 0.001 -19"><span class='ocrx_word' id='word_1_276' title='bbox 93 3098 242 3141; x_wconf 88' lang='lat' dir='ltr'>senserunt.</span> <span class='ocrx_word' id='word_1_277' title='bbox 255 3120 290 3129; x_wconf 94' lang='lat'>-</span> <span class='ocrx_word' id='word_1_278' title='bbox 308 3094 332 3153; x_wconf 65' lang='grc' dir='ltr'>ς.</span> <span class='ocrx_word' id='word_1_279' title='bbox 346 3093 374 3139; x_wconf 81' lang='lat'>6:</span> <span class='ocrx_word' id='word_1_280' title='bbox 394 3105 461 3157; x_wconf 84' lang='lat' dir='ltr'>qoos</span> <span class='ocrx_word' id='word_1_281' title='bbox 480 3090 526 3142; x_wconf 86' lang='lat' dir='ltr'>ille</span> <span class='ocrx_word' id='word_1_282' title='bbox 543 3089 633 3142; x_wconf 71' lang='lat' dir='ltr'>enolto</span> <span class='ocrx_word' id='word_1_283' title='bbox 651 3090 709 3142; x_wconf 84' lang='lat' dir='ltr'>iam</span> <span class='ocrx_word' id='word_1_284' title='bbox 726 3094 806 3142; x_wconf 71' lang='lat' dir='ltr'>nocte</span> <span class='ocrx_word' id='word_1_285' title='bbox 823 3088 935 3141; x_wconf 78' lang='lat' dir='ltr'>silentio</span> <span class='ocrx_word' id='word_1_286' title='bbox 954 3104 988 3140; x_wconf 80' lang='lat' dir='ltr'>ex</span> <span class='ocrx_word' id='word_1_287' title='bbox 1002 3088 1075 3158; x_wconf 79' lang='lat' dir='ltr'>faya</span> 
     </span>
     <span class='ocr_line' id='line_1_34' title="bbox 94 3175 1075 3243; baseline 0 -16"><span class='ocrx_word' id='word_1_288' title='bbox 94 3176 200 3243; x_wconf 78' lang='lat' dir='ltr'>excepit</span> <span class='ocrx_word' id='word_1_289' title='bbox 227 3175 342 3241; x_wconf 77' lang='lat' dir='ltr'>veritos,</span> <span class='ocrx_word' id='word_1_290' title='bbox 369 3191 403 3228; x_wconf 80' lang='lat' dir='ltr'>ae</span> <span class='ocrx_word' id='word_1_291' title='bbox 430 3191 485 3242; x_wconf 76' lang='lat' dir='ltr'>qao</span> <span class='ocrx_word' id='word_1_292' title='bbox 512 3175 544 3226; x_wconf 83' lang='lat' dir='ltr'>ia</span> <span class='ocrx_word' id='word_1_293' title='bbox 571 3176 674 3228; x_wconf 80' lang='lat' dir='ltr'>castris</span> <span class='ocrx_word' id='word_1_294' title='bbox 702 3190 736 3228; x_wconf 80' lang='lat' dir='ltr'>ea</span> <span class='ocrx_word' id='word_1_295' title='bbox 763 3189 858 3226; x_wconf 79' lang='lat' dir='ltr'>eoram</span> <span class='ocrx_word' id='word_1_296' title='bbox 885 3189 1025 3227; x_wconf 75' lang='lat' dir='ltr'>coitcorso</span> <span class='ocrx_word' id='word_1_297' title='bbox 1047 3178 1075 3227; x_wconf 81' lang='lat' dir='ltr'>et</span> 
     </span>
     <span class='ocr_line' id='line_1_35' title="bbox 93 3259 1074 3330; baseline -0.001 -16"><span class='ocrx_word' id='word_1_298' title='bbox 93 3261 288 3314; x_wconf 79' lang='lat' dir='ltr'>misericordia</span> <span class='ocrx_word' id='word_1_299' title='bbox 308 3261 383 3330; x_wconf 78' lang='lat' dir='ltr'>eolpi</span> <span class='ocrx_word' id='word_1_300' title='bbox 399 3261 500 3314; x_wconf 83' lang='lat' dir='ltr'>seditio</span> <span class='ocrx_word' id='word_1_301' title='bbox 514 3267 648 3329; x_wconf 74' lang='lat' dir='ltr'>merstem,</span> <span class='ocrx_word' id='word_1_302' title='bbox 661 3267 694 3314; x_wconf 82' lang='lat' dir='ltr'>ot</span> <span class='ocrx_word' id='word_1_303' title='bbox 703 3261 805 3330; x_wconf 80' lang='lat' dir='ltr'>procel</span> <span class='ocrx_word' id='word_1_304' title='bbox 817 3261 849 3312; x_wconf 79' lang='lat' dir='ltr'>iit</span> <span class='ocrx_word' id='word_1_305' title='bbox 862 3261 908 3312; x_wconf 81' lang='lat' dir='ltr'>rio</span> <span class='ocrx_word' id='word_1_306' title='bbox 924 3259 1074 3327; x_wconf 77' lang='lat' dir='ltr'>dispositis</span> 
     </span>
     <span class='ocr_line' id='line_1_36' title="bbox 93 3345 1075 3416; baseline -0.001 -17"><span class='ocrx_word' id='word_1_307' title='bbox 93 3348 286 3412; x_wconf 72' lang='lat' dir='ltr'>fertilior-ibas</span> <span class='ocrx_word' id='word_1_308' title='bbox 309 3348 369 3401; x_wconf 82' lang='lat' dir='ltr'>sois</span> <span class='ocrx_word' id='word_1_309' title='bbox 383 3345 617 3416; x_wconf 73' lang='lat' dir='ltr'>principibusque</span> <span class='ocrx_word' id='word_1_310' title='bbox 641 3348 789 3401; x_wconf 76' lang='lat' dir='ltr'>civitatem</span> <span class='ocrx_word' id='word_1_311' title='bbox 813 3346 1007 3413; x_wconf 78' lang='lat' dir='ltr'>disparandos</span> <span class='ocrx_word' id='word_1_312' title='bbox 1027 3345 1075 3399; x_wconf 84' lang='lat' dir='ltr'>de·</span> 
     </span>
     <span class='ocr_line' id='line_1_37' title="bbox 95 3432 1075 3501; baseline 0.003 -17"><span class='ocrx_word' id='word_1_313' title='bbox 95 3432 288 3499; x_wconf 69' lang='lat' dir='ltr'>decertatosque</span> <span class='ocrx_word' id='word_1_314' title='bbox 314 3437 436 3501; x_wconf 80' lang='lat' dir='ltr'>careret,</span> <span class='ocrx_word' id='word_1_315' title='bbox 464 3449 534 3499; x_wconf 79' lang='lat' dir='ltr'>qaae</span> <span class='ocrx_word' id='word_1_316' title='bbox 558 3432 657 3499; x_wconf 44' lang='lat' dir='ltr'>c&#39;oiqoe</span> <span class='ocrx_word' id='word_1_317' title='bbox 685 3432 796 3486; x_wconf 77' lang='lat' dir='ltr'>civitati</span> <span class='ocrx_word' id='word_1_318' title='bbox 817 3447 889 3499; x_wconf 82' lang='lat' dir='ltr'>pars</span> <span class='ocrx_word' id='word_1_319' title='bbox 913 3436 1075 3487; x_wconf 67' lang='lat' dir='ltr'>castrorum</span> 
     </span>
     <span class='ocr_line' id='line_1_38' title="bbox 95 3517 1075 3588; baseline 0.001 -18"><span class='ocrx_word' id='word_1_320' title='bbox 95 3519 128 3572; x_wconf 84' lang='lat' dir='ltr'>ab</span> <span class='ocrx_word' id='word_1_321' title='bbox 147 3518 231 3571; x_wconf 76' lang='lat' dir='ltr'>initio</span> <span class='ocrx_word' id='word_1_322' title='bbox 250 3517 418 3588; x_wconf 71' lang='lat' dir='ltr'>obverterat]</span> <span class='ocrx_word' id='word_1_323' title='bbox 438 3520 538 3570; x_wconf 88' lang='lat' dir='ltr'>retinui</span> <span class='ocrx_word' id='word_1_324' title='bbox 562 3519 669 3584; x_wconf 86' lang='lat' dir='ltr'>quidem</span> <span class='ocrx_word' id='word_1_325' title='bbox 694 3521 778 3569; x_wconf 85' lang='lat' dir='ltr'>verba</span> <span class='ocrx_word' id='word_1_326' title='bbox 803 3519 897 3585; x_wconf 84' lang='lat' dir='ltr'>qualia</span> <span class='ocrx_word' id='word_1_327' title='bbox 913 3520 944 3569; x_wconf 87' lang='lat' dir='ltr'>iu</span> <span class='ocrx_word' id='word_1_328' title='bbox 962 3518 1075 3585; x_wconf 70' lang='lat' dir='ltr'>optimi!</span> 
     </span>
    </p>
   </div>
   <div class='ocr_carea' id='block_1_4' title="bbox 0 0 1193 3924">
    <p class='ocr_par' dir='ltr' id='par_1_6' title="bbox 0 0 1193 3924">
     <span class='ocr_line' id='line_1_39' title="bbox 0 0 1193 3924; baseline 0 0"><span class='ocrx_word' id='word_1_329' title='bbox 0 0 1193 3924; x_wconf 95' lang='lat' dir='ltr'> </span> 
     </span>
    </p>
   </div>
  </div>
 </body>
</html>
