2376 3924
398 251 510 302 omne
526 251 591 315 1111,
609 251 686 303 cnr.
705 252 816 305 so-es.
1035 252 1092 317 101

119 443 283 532 suspicati
296 442 423 528 hostes,
437 444 502 511 huc
514 453 647 510 nostros
667 465 742 508 esse
758 453 928 528 venturos,
941 453 1043 509 noctu
1060 446 1095 509 in

117 549 215 614 silvis
232 547 456 632 delituerant3
479 557 550 615 tum
567 547 736 634 dispersos
755 546 917 633 depositis
935 549 1036 614 armis
1062 549 1094 612 in

116 653 275 720 metendo
293 661 476 739 occupatos
493 652 605 718 subito
622 651 744 736 adorti,
761 653 879 738 paucis
896 653 1095 735 interfectis,

116 757 264 843 reliquos
295 758 440 829 incertis
464 756 640 822 ordinibus
669 756 966 842 perturbaverant,
998 756 1096 821 simul

118 862 273 946 equitatu
297 871 400 948 atque
423 861 552 928 essedis
576 861 880 927 circumdederant.

204 964 257 1031 33.
280 963 395 1031 Genus
419 965 483 1031 hoc
507 974 558 1031 est
583 988 626 1030 ex
649 964 779 1030 essedis
802 986 946 1051 pugnae.
984 965 1095 1029 Primo

116 1091 177 1154 per
189 1090 304 1134 omnes
315 1078 429 1155 partes
441 1070 657 1157 perequitant
674 1078 707 1134 et
726 1068 795 1134 tela
811 1071 983 1133 coniciunt
996 1078 1097 1154 atque

117 1174 191 1258 ipsc
215 1181 344 1238 terrore
367 1195 525 1259 equorum
556 1182 589 1238 et
618 1173 762 1259 strepitu
785 1183 935 1238 rotarum
960 1173 1095 1239 ordines

117 1275 313 1363 plerumque
329 1274 538 1362 perturbant,
563 1286 687 1341 etcum
704 1298 740 1341 se
758 1278 845 1341 inter
861 1278 1010 1363 equitum
1028 1286 1095 1341 tur·

116 1401 190 1444 mas
208 1380 475 1464 insinuaverunt,
499 1403 543 1445 ex
565 1379 695 1445 essedis
713 1379 872 1444 desiliunt
897 1389 930 1444 et
953 1379 1095 1465 pedibus

115 1481 338 1569 proeliantur.
382 1482 533 1568 Aurigae
557 1484 691 1549 interim
713 1483 878 1569 paulatim
903 1506 945 1548 ex
968 1483 1117 1570 proelior

115 1587 287 1652 excedunt
303 1596 405 1674 atque
417 1588 466 1652 ita
479 1609 596 1652 currus
613 1586 794 1667 collocant,
810 1596 859 1670 ut,
875 1589 904 1651 si
917 1587 967 1652 illi
980 1612 1000 1652 a
1013 1588 1095 1652 mul·

116 1689 263 1756 titudine
278 1690 424 1756 hostium
439 1701 643 1776 premantur,
668 1690 860 1776 expeditum
882 1690 927 1755 ad
951 1714 1027 1756 suos
1044 1715 1094 1756 re·

115 1802 250 1879 ceptum
265 1792 424 1860 habeant.
447 1794 500 1859 Ita
517 1791 739 1858 mobilitatem
752 1795 909 1878 equitum,
927 1793 1116 1862 stabilita-a

114 1906 185 1963 tem
209 1898 359 1983 peditum
381 1899 417 1963 in
440 1897 577 1984 proeliis
600 1906 788 1982 praestant,
812 1914 852 1963 ac
877 1907 1008 1964 tantum
1032 1922 1093 1963 usu

114 2001 291 2066 cotidiano
316 2011 350 2067 et
372 2002 618 2067 exercitatione
641 2000 808 2082 efficiunt,
838 2001 889 2065 uti
912 2002 945 2064 in
971 2001 1093 2066 declivi

114 2127 157 2169 ao
179 2106 359 2191 praecipiti
381 2104 455 2170 loco
472 2105 631 2170 incitatos
648 2125 750 2190 equos
767 2105 934 2168 sustinere
950 2114 983 2168 et
998 2103 1094 2169 brevi

115 2209 285 2274 moderari
308 2229 349 2273 ac
371 2208 507 2274 flectere
529 2216 563 2273 et
585 2230 645 2295 per
661 2219 826 2272 temonem
847 2229 1043 2293 percurrere
1060 2218 1092 2273 et

115 2316 151 2378 in
176 2314 254 2397 iugo
279 2312 436 2378 insistere
461 2321 493 2378 et
517 2335 552 2377 se
575 2311 654 2377 inde
677 2313 711 2376 in
728 2333 845 2377 currus
862 2312 1025 2377 citissime
1041 2335 1091 2376 re·

113 2416 228 2502 cipere
250 2418 454 2481 consuerint.

201 2516 253 2583 34.
277 2517 408 2601 Quibus
431 2518 531 2585 rebus
556 2519 762 2605 perturbatis
779 2520 903 2584 nostris
929 2517 1092 2604 [novitate

113 2619 262 2709 pugnae]
290 2632 440 2709 tempore
469 2625 752 2710 opportunissimo
777 2622 905 2688 Caesar
928 2623 1091 2688 auxilium

113 2725 1093 2813 tulit:namqueeiusedventuhostesconstiterunt,noetri

114 2853 152 2895 se
168 2853 212 2895 ex
227 2830 347 2896 timore
362 2841 569 2917 receperunt.
600 2830 674 2911 Quo
691 2831 781 2896 facto
799 2831 843 2896 ad
857 2829 1114 2896 lacessendume

113 2942 147 2999 et
164 2933 211 2999 ad
225 2933 501 2999 committendum
516 2933 678 3020 proelium
694 2933 841 2999 alienum
852 2932 943 2998 ¹'esse
963 2943 1092 3018 tempus

112 3036 302 3103 arbitratus
320 3058 379 3103 suo
396 3058 433 3102 se
444 3036 517 3102 loco
534 3038 701 3102 continuit
719 3046 751 3102 et
767 3036 1027 3122 breviltempore
1044 3040 1092 3102 in-

113 3141 272 3205 termisso
290 3141 323 3205 in
339 3149 454 3206 castra
469 3140 620 3226 legiones
637 3142 782 3207 reduxit.
817 3143 906 3208 Dum
929 3143 1012 3206 haec
1036 3163 1114 3225 ge=e

111 3253 244 3326 runtur,
260 3244 387 3309 nostris
399 3243 552 3311 omnibus
566 3247 751 3330 occupatis,
768 3247 824 3332 qui
841 3256 939 3312 erant
951 3248 985 3309 in
1000 3247 1092 3329 agris

111 3345 248 3434 reliqui,
263 3346 503 3413 discesserunt.
542 3347 687 3414 Secutae
711 3359 789 3414 sunt
803 3351 979 3414 continuos
1004 3370 1114 3412 com-r

111 3448 227 3537 plnres
243 3448 317 3517 dies
332 3459 564 3538 tempestates,
587 3472 673 3537 quae
696 3460 729 3516 et
753 3461 887 3516 nostroe
911 3453 945 3515 in
968 3452 1092 3517 castris

111 3553 327 3621 continerent
341 3561 376 3621 et
386 3553 517 3619 bostem
531 3576 552 3619 a
567 3574 683 3639 pugna
694 3554 923 3640 prohiberent.
941 3554 1113 3624 'Interimr
