2376 3924
366 241 477 291 ninas
495 241 516 304 1,
536 240 612 294 cnr.
633 242 742 291 ro-ra
1000 242 1041 305 47

152 431 200 495 72.
226 431 346 496 Caesar
361 434 394 496 in
410 455 481 497 cam
506 455 596 518 spem
620 443 763 517 venerat,
787 456 821 498 sc
844 435 911 498 sine
935 456 1044 519 pugna

65 546 97 599 et
120 537 188 599 sine
210 535 344 600 vulnere
373 558 505 600 suorum
527 559 597 600 rem
625 537 784 601 conficcrc
813 560 922 623 posse,
957 536 1043 622 quod

65 662 100 702 re
123 639 334 703 frumentaria
357 638 560 703 adversarios
588 639 826 705 interclusisset.
851 639 917 705 Cur
947 642 1066 707 etiams

67 742 207 807 secundo
239 740 358 826 proelio
382 741 504 826 aliquos
528 764 571 806 ex
593 745 658 807 suis
681 743 865 807 amitteret?
900 765 957 806 cur
980 741 1044 805 rul-

41 833 173 916 ,ncrari
197 855 362 930 lratcrctur
386 848 504 930 optime
527 846 568 910 de
592 868 626 910 sc
654 849 785 911 meritos
814 845 953 910 milites?
988 867 1045 908 cur

68 949 206 1033 donique
229 949 392 1013 fortunam
407 948 664 1034 periclitaretur?
688 952 878 1035 praesertim
893 971 966 1013 curn
982 970 1046 1012 non

67 1060 171 1122 minus
188 1062 271 1117 esset
287 1055 488 1138 imperatoris
505 1053 634 1117 consilio
650 1075 803 1138 superare
816 1075 914 1139 quam
929 1051 1045 1137 gladio.

69 1157 264 1226 Movebatur
287 1159 384 1221 etiam
407 1157 626 1221 misericordia
650 1159 777 1240 civium,
802 1178 881 1241 quos
898 1156 1067 1222 interfici-s

69 1265 168 1330 cndos
191 1259 339 1343 videbat3
365 1259 481 1345 quibus
504 1260 601 1326 salvis
623 1271 720 1346 atque
743 1260 955 1325 incolumibus
977 1281 1047 1322 rcrn

70 1369 215 1435 obtinere
238 1362 388 1428 malebat
432 1363 505 1428 Hoc
528 1365 694 1429 consilium
716 1364 863 1430 Caesaris
886 1365 1069 1449 plerisqucr

70 1498 133 1539 non
156 1468 373 1559 probabatur:
406 1471 521 1535 milites
543 1493 621 1534 vero
649 1470 756 1556 palam
778 1472 862 1533 inter
885 1491 919 1533 so
942 1468 1047 1553 loquo-

70 1578 199 1659 bantnr,
230 1577 382 1660 quoniam
403 1575 475 1639 talis
499 1577 623 1639 occasio
645 1575 799 1638 victoriae
823 1573 1048 1652 dimitteretur,

71 1683 168 1745 ctiam
191 1702 265 1744 cum
287 1678 383 1743 vellet
405 1678 535 1762 Caesar,
566 1700 636 1742 sese
658 1699 722 1742 non
746 1699 815 1740 csse
839 1685 1047 1762 pugnaturos.

33 1812 37 1829 ¹
71 1785 128 1848 llle
156 1786 189 1847 in
218 1805 276 1848 sua
307 1785 465 1847 sententia
493 1791 681 1868 perseverat
714 1791 746 1845 et
778 1780 911 1866 paulum
940 1803 983 1845 cx
1011 1804 1048 1845 eo

70 1888 138 1952 loco
162 1886 360 1972 degreditur,
384 1895 420 1949 ut
442 1889 590 1950 timorem
612 1885 807 1950 adversariis
829 1887 961 1949 minuat.
991 1886 1070 1949 Pes

71 1995 172 2057 troius
195 2000 293 2076 atque
309 1989 465 2054 Afranius
489 1989 596 2054 oblata
618 1989 772 2054 facultate
794 1991 827 2053 in
850 1998 956 2054 castra
979 2011 1048 2052 seso

71 2097 224 2162 referunt.
270 2094 391 2160 Caesar
414 2093 581 2179 praesidiis
604 2093 766 2158 montibus
782 2093 942 2179 dispositis
964 2095 1050 2157 omni
1123 2089 1128 2095 ’

73 2201 116 2266 ad
138 2199 300 2264 Hiberum
321 2196 494 2261 intercluso
516 2198 631 2261 itincre
655 2219 753 2282 quam
776 2199 922 2283 proxime
945 2205 1051 2282 potest
1117 2205 1119 2209 ’

71 2306 211 2369 hostium
234 2303 347 2367 castris
371 2309 478 2365 castra
500 2303 684 2365 communit.
1017 2377 1020 2381 Δ

162 2407 211 2470 73.
235 2395 369 2470 Postero
386 2404 437 2468 die
454 2404 553 2470 duces
576 2405 838 2469 adversariorum
861 2402 1050 2489 perturbati,

73 2513 160 2599 quod
193 2533 322 2576 omnem
355 2512 403 2575 rei
436 2510 666 2575 frumentariae
699 2510 903 2593 fluminisque
936 2506 1051 2571 Hiberi

73 2639 164 2701 spem
176 2616 373 2698 dimiserant,
390 2615 430 2679 de
443 2614 573 2700 reliquis
588 2613 686 2678 robus
702 2611 936 2678 consultabant.
971 2610 1073 2676 Erato

73 2741 174 2784 unum
204 2719 280 2801 iter,
308 2718 450 2784 Ilerdam
477 2720 504 2783 si
534 2720 655 2782 reverti
683 2715 816 2798 vellont3
841 2715 992 2797 altorum,
1027 2716 1052 2778 si

73 2825 293 2889 Tarraconem
321 2831 475 2907 peterent.
520 2821 613 2887 Haec
635 2819 874 2886 consiliantibus
902 2821 947 2882 eis
975 2841 1053 2883 nun-

74 2930 196 2992 tiantur
219 2933 391 3010 aquatores
413 2924 455 2990 ab
479 2927 624 3010 equitatu
646 2925 749 3010 premi
771 2932 889 2988 nostro.
921 2924 995 3006 Qua
1017 2946 1075 2991 res

75 3033 203 3117 cognita
232 3028 364 3096 crebras
393 3032 545 3095 stationes
574 3028 748 3114 disponunt
769 3029 913 3112 equitum
944 3036 977 3090 et
1005 3049 1053 3091 co-

75 3137 216 3201 hortium
239 3133 413 3204 alariarum
434 3133 690 3219 legionariasque
705 3133 890 3196 intericiunt
906 3131 1053 3194 cohortes

74 3239 258 3324 vallumque
282 3261 325 3301 cx
347 3239 460 3304 castris
483 3236 525 3302 ad
548 3257 667 3321 aquam
690 3235 808 3301 ducere
831 3236 995 3319 incipiunt,
1019 3242 1054 3296 ut

75 3346 160 3409 intra
188 3345 398 3409 munitionem
420 3351 453 3407 et
475 3343 543 3407 sine
573 3343 687 3409 timore
710 3349 742 3404 et
764 3340 832 3404 sine
862 3335 1054 3403 stationibus

76 3450 190 3534 aquari
224 3455 362 3534 possent.
407 3444 447 3511 Id
481 3466 560 3531 opus
594 3447 677 3510 inter
711 3465 744 3508 se
777 3443 923 3508 Petreius
957 3449 1076 3525 atquet
