2376 3924
364 235 475 287 nmnn
492 235 554 298 vn,
573 235 649 288 cnr.
668 236 777 286 ἰι-ιι.
995 234 1057 300 217

78 428 114 494 vi
138 425 252 492 facere
274 424 496 491 conabantur.
520 424 633 506 Quare
657 424 702 491 ad
722 424 808 490 haec
823 447 938 491 rursus
956 441 1079 512 opera2

79 529 277 597 addendum
288 528 418 595 Caesar
427 530 572 615 putavit,
584 550 648 614 quo
671 528 800 593 minore
819 551 956 595 numero
972 529 1057 595 mili·

78 645 151 701 tum
174 635 377 699 munitiones
403 631 537 699 defendi
552 640 700 719 possent.
723 632 843 718 Itaque
859 635 988 698 truncis
1005 655 1056 698 ar-

77 738 198 804 borum
221 736 402 802 admodum
416 736 522 803 firmis
540 739 643 802 ramis
660 735 805 802 abscisis
822 745 923 822 atque
939 736 1056 802 horum

79 840 1055 928 delibratisacpraeacutiscacuminibusperpetuaefossae

77 947 200 1033 quinos
223 944 326 1031 pedes
349 943 442 1010 altae
471 944 692 1011 ducebantur.
737 946 813 1011 Huc
842 946 892 1012 illi
922 948 1077 1033 stipitese

78 1049 218 1115 demissi
241 1058 275 1115 et
297 1047 341 1115 ab
365 1048 477 1114 infimo
492 1051 649 1132 revincti,
667 1073 709 1114 ne
722 1048 840 1116 revelli
852 1060 999 1137 possent,
1012 1050 1056 1116 ab

77 1155 182 1219 ramis
207 1151 409 1218 eminebant.
434 1151 536 1233 Quini
554 1163 649 1218 erant
667 1154 802 1219 ordines
817 1155 989 1220 coniuncti
1007 1157 1077 1224 in·4

79 1267 133 1322 ter
156 1277 193 1321 se
216 1263 317 1340 atque
339 1254 522 1340 implicati;
546 1277 610 1341 quo
633 1257 691 1342 qui
707 1258 929 1342 intraverant,
942 1281 978 1322 se
990 1260 1055 1345 ipsi

77 1359 286 1426 acutissimis
297 1358 399 1424 vallis
408 1358 605 1425 induebant.
618 1359 688 1425 Hos
702 1360 1054 1448 cipposappcllabant.

77 1464 169 1530 Ante
193 1487 276 1552 quos
300 1463 445 1549 obliquis
463 1463 637 1529 ordinibus
654 1465 689 1528 in
705 1465 927 1550 quincuncem
943 1465 1076 1553 dispo-5

77 1571 154 1634 sitis
178 1567 315 1634 scrobes
338 1576 407 1633 tres
432 1568 466 1632 in
490 1566 704 1633 altitudinem
719 1567 822 1654 pedes
838 1567 1054 1635 fodiebantur

76 1671 243 1759 paulatim
255 1672 452 1755 angustiore
467 1670 512 1737 ad
523 1671 671 1737 infimum
684 1672 833 1756 fastigio.
846 1672 921 1737 Huc
930 1682 1075 1740 teretese

77 1777 212 1864 stipites
235 1776 370 1841 feminis
386 1775 614 1841 crassitudine
632 1775 674 1841 ab
691 1798 818 1842 summo
830 1780 1007 1863 praeacuti
1020 1788 1054 1843 et

76 1882 228 1968 praeusti
252 1879 530 1962 demittebantur,
553 1881 601 1946 ita
624 1890 661 1946 ut
684 1903 751 1946 non
775 1882 918 1968 amplius
936 1881 1052 1965 digitis

76 1994 238 2072 quattuor
260 2007 303 2051 ex
326 1995 418 2051 terra
440 1986 644 2068 eminerent3
667 1985 766 2051 simul
781 1985 1004 2051 confirmandi
1020 1994 1070 2050 etr

77 2088 274 2158 stabiliendi
297 2110 402 2155 causa
425 2088 550 2172 singuli
566 2087 609 2154 ab
626 2089 738 2154 infimo
755 2088 826 2154 solo
842 2089 944 2175 pedes
961 2099 1052 2155 terra

77 2192 356 2273 exculcabantur,
374 2192 506 2278 reliqua
524 2215 603 2279 pars
623 2192 753 2259 scrobis
767 2193 811 2259 ad
828 2192 1051 2260 occultandas

77 2296 221 2364 insidias
244 2295 428 2362 viminibus
452 2317 493 2362 ac
517 2295 674 2379 virgultis
692 2295 917 2380 integebatur.
941 2297 1074 2360 Huiuse

77 2401 211 2486 generis
235 2401 348 2467 octoni
371 2398 506 2465 ordines
532 2398 626 2465 ducti
647 2410 761 2465 ternos
785 2400 873 2465 inter
896 2423 932 2465 se
947 2400 1051 2486 pedes

77 2502 261 2570 distabant.
284 2502 325 2568 Id
348 2525 393 2568 ex
415 2501 637 2568 similitudine
658 2503 750 2568 floris
774 2502 880 2568 lilium
903 2503 1052 2590 appella-

77 2608 169 2674 bant.
198 2606 289 2672 Ante
312 2605 397 2672 haec
413 2606 526 2673 taleae
540 2606 660 2693 pedem
675 2606 798 2690 longae
810 2607 927 2672 ferreis
943 2607 1073 2674 hamisa

77 2712 189 2777 infixis
202 2719 295 2776 totae
308 2712 479 2777 interram
491 2710 744 2777 infodiebantur
760 2711 1051 2799 mediocribusque

76 2816 277 2881 intermissis
290 2817 411 2902 spatiis
425 2813 579 2881 omnibus
591 2815 676 2881 locis
685 2814 954 2901 disserebantur3
968 2838 1051 2903 quos

77 2918 229 2985 stimulos
252 2917 485 2985 nominabant.

177 3020 228 3086 74.
240 3021 304 3087 His
316 3021 418 3089 rebus
429 3021 588 3109 perfectis
612 3024 767 3107 regiones
791 3032 926 3089 secutus
949 3046 1048 3111 quam

77 3125 184 3211 potuit
206 3127 428 3213 aequissimas
451 3149 511 3213 pro
535 3126 603 3192 loci
625 3137 749 3193 natura
779 3128 1049 3214 quattuordecim

77 3226 168 3293 milia
197 3249 356 3313 passuum
385 3228 580 3315 complexus
609 3251 708 3316 pares
737 3229 886 3296 eiusdem
915 3233 1048 3315 generis

77 3331 286 3416 munitiones,
294 3330 448 3398 diversas
457 3331 500 3397 ab
509 3331 701 3411 his‚contra
710 3334 1048 3400 exterioremhcstem

77 3435 225 3522 perfecit,
236 3445 273 3502 ut
289 3459 332 3502 ne
347 3457 473 3521 magna
489 3436 624 3523 quidem
639 3438 866 3522 multitudine,
884 3439 911 3503 si
928 3440 977 3503 ita
993 3461 1049 3504 ac·

77 3539 177 3624 sidat,
202 3537 355 3606 discessu
377 3541 599 3606 munitionum
626 3542 798 3627 praesidia
826 3542 1054 3608 circumfundi

197 3739 211 3771 0
