2376 3924
110 250 151 314 78
437 249 487 298 nn
506 248 626 299 sacco
646 248 760 298 o1v1n1

109 438 180 501 lites
217 439 331 523 coepit,
374 460 415 501 ne
451 439 590 523 primam
627 440 830 521 sacramenti,
876 438 963 523 quod
1001 439 1094 525 apud

110 543 290 605 Domitium
312 549 409 626 atque
432 541 520 627 apud
542 565 577 607 se
600 553 805 627 quaestorem
833 541 1002 625 dixissent,
1023 563 1094 606 me·
1135 588 1138 593 -

90 647 246 708 amoriam
269 645 476 731 deponerent,
510 667 575 709 neu
607 655 720 710 contra
753 666 807 709 eos
836 666 927 708 arma
954 644 1093 727 ferrent,

111 751 166 832 qui
189 749 304 813 eadem
326 758 434 813 essent
454 751 505 812 usi
526 749 657 813 fortuna
679 748 858 833 eademque
873 750 906 812 in
923 748 1094 813 obsidione

112 855 264 938 perpessi,
288 875 352 918 neu
374 874 433 938 pro
455 853 505 916 his
528 861 720 938 pugnarent,
743 876 763 917 a
786 851 903 937 quibus
924 871 995 915 ertio
1018 874 1095 917 con-

112 946 252 1020 tumelia'-
265 957 420 1043 perfugae
443 957 690 1044 appellarentur.
713 959 789 1022 Huc
811 978 916 1043 pauca
938 955 981 1021 ad
1000 978 1095 1043 spem

113 1059 290 1144 largitionis
323 1061 459 1145 addidit,
494 1084 577 1147 quae
607 1062 649 1126 ab
680 1084 739 1127 sua
765 1061 966 1144 liberalitate,
1002 1062 1028 1125 si
1058 1084 1094 1126 se

112 1173 210 1247 atque
244 1162 371 1228 Attium
408 1167 510 1229 secuti
543 1177 660 1249 essent,
699 1175 889 1252 exspectare
923 1164 1093 1230 deberent.

93 1267 186 1330 4Hac
208 1267 319 1332 habita
342 1269 485 1332 oratione
507 1269 627 1332 nullam
657 1271 691 1333 in
719 1278 845 1354 partem
875 1267 917 1332 ab
945 1270 1095 1333 exercitu

114 1371 261 1436 Curionis
283 1373 321 1436 fit
342 1374 543 1458 significatio,
567 1384 663 1458 atque
679 1376 724 1438 ita
740 1395 815 1462 suas
830 1383 966 1458 uterque
983 1373 1095 1457 copias

113 1472 247 1541 reducitss

217 1581 267 1644 29.
292 1580 337 1645 At
359 1583 392 1645 in
416 1583 529 1646 castris
551 1579 700 1646 Curionis
722 1602 859 1667 magnus
883 1582 1026 1645 omnium
1048 1581 1095 1645 in·

115 1687 210 1750 cessit
231 1687 335 1750 timor.
366 1686 399 1749 Is
414 1688 512 1750 variis
536 1685 701 1749 hominum
722 1684 924 1749 sermonibus
946 1683 1096 1749 celeriter

114 1798 259 1873 augetur.
283 1790 513 1874 Unusquisque
536 1791 621 1853 enim
644 1791 808 1874 opiniones
829 1786 975 1874 fingebat
996 1796 1029 1852 et
1051 1787 1096 1853 ad

116 1893 159 1975 id,
183 1893 269 1977 quod
293 1892 334 1957 ab
358 1893 419 1957 alic
442 1893 599 1976 audierat,
623 1895 672 1958 sui
696 1892 818 1977 aliquid
845 1893 968 1957 timoris
995 1890 1095 1956 adde·

94 1996 181 2060 abac.
217 1998 289 2061 Hoc
310 1997 366 2061 ubi
388 2020 452 2061 uno
476 2007 607 2063 auctore
630 1996 673 2061 ad
696 1995 803 2082 plures
832 2005 1095 2082 permanaverat,

116 2109 214 2184 atque
237 2099 317 2165 alius
340 2101 392 2165 alii
421 2101 610 2184 tradiderat,
644 2100 752 2186 plures
779 2108 927 2165 auctores
956 2101 1025 2165 eius
1047 2101 1096 2164 rei

95 2203 319 2269 ³videbantur.
343 2203 444 2270 Civile
466 2205 602 2288 bellum3
626 2227 728 2290 genus
751 2203 926 2287 hominum,
950 2204 1002 2268 cui
1023 2203 1096 2269 lice·

115 2318 166 2372 ret
188 2308 287 2373 libere
310 2310 417 2374 facere
440 2318 473 2373 et
495 2311 595 2394 sequi,
619 2307 706 2394 quod
728 2307 839 2392 vellet,
861 2308 1004 2393 legiones
1026 2328 1096 2391 eae,

117 2434 200 2497 qnae
236 2413 331 2498 paulo
365 2423 440 2478 ante
474 2412 562 2499 apud
595 2413 800 2477 adversarios
837 2411 967 2477 fuerant
1004 2407 1097 2498 (nam

117 2519 214 2581 etiam
237 2515 386 2582 Caesaris
408 2518 602 2583 beneficium
624 2525 809 2581 mutaverat
830 2532 999 2579 munerum
1022 2536 1097 2580 con·-

95 2622 265 2706 ⁴suetudo,
290 2645 372 2707 quae
397 2618 618 2707 offerrentur);
642 2621 817 2706 municipia
839 2620 936 2684 etiam
959 2616 1098 2683 diversis

119 2726 265 2809 partibus
292 2729 462 2791 coniuncta
495 2723 650 2811 (namque
680 2747 721 2788 ex
749 2725 867 2789 Marsis
890 2721 1097 2809 Pelignisque

117 2831 292 2894 veniebant
313 2832 335 2893 ii
359 2832 413 2914 qui
436 2831 599 2914 superiore
622 2838 716 2892 nocte
732 2822 981 2912 profugerant):
1014 2824 1098 2891 haec

118 2936 152 2997 in
190 2935 407 2999 contuberniis
452 2934 639 2999 commilites
676 2931 908 3019 querebantur3
952 2930 1098 2997 nonnulli

119 3040 271 3122 graviora
287 3037 511 3119 proferebas&
535 3062 698 3104 sermones
721 3037 857 3103 militum
873 3036 962 3104 dubii
984 3034 1098 3101 durius

120 3141 370 3227 accipiebantur,
393 3143 535 3207 nonnulli
551 3147 648 3208 etiam
670 3143 713 3208 ab
735 3145 783 3225 iis,
807 3144 862 3228 qui
878 3140 1113 3226 diligentiores

120 3246 223 3312 videri
245 3245 408 3330 volebant,
431 3246 647 3332 fingebantur.

224 3349 275 3414 30.
300 3350 427 3432 Quibus
461 3350 502 3414 de
536 3353 641 3414 causis
679 3348 809 3414 consilio
846 3342 1023 3414 convocato
1055 3342 1115 3431 de

121 3476 247 3519 summa
274 3477 384 3520 rerum
407 3453 586 3519 deliberare
614 3456 733 3540 incipit.
778 3454 884 3519 Erant
908 3458 1000 3504 ml*

122 3582 205 3646 quae
243 3558 426 3626 conandum
470 3558 618 3624 omnibus
662 3557 765 3622 modis
809 3578 828 3623 o
