2376 3924
92 168 121 216 11

93 355 222 438 tellexi,
246 378 321 420 eum
344 378 446 442 quam
461 357 614 441 proxime
630 355 796 420 accedere
813 356 859 420 ad
874 357 950 421 cod.
966 358 1076 423 Paris.

94 480 132 541 a,
167 461 217 523 ita
245 468 281 524 ut
309 481 377 523 non
407 459 597 524 dubitarem
626 460 658 523 ei
686 469 756 523 tum
785 480 915 544 quoque
946 460 1080 548 aliquid

94 563 309 626 auctoritatis
343 560 508 642 tribuere,
542 561 601 625 ubi
632 561 829 646 discrepans
859 561 914 625 ab
934 562 992 628 illo
1018 575 1078 629 aut

93 689 162 730 una
191 689 266 730 cum
296 665 374 730 aliis
406 664 521 748 libris,
555 675 614 730 aut
643 667 747 730 etiam
775 664 865 730 solus
888 667 1077 752 praeberet,

92 769 183 854 quod
206 792 249 834 ex
271 768 338 834 loci
360 771 491 834 ratione
514 768 679 854 postulari
702 769 884 834 videretur.
921 769 1078 835 similiter

93 875 198 938 etiam
220 872 405 937 Vielhaber
427 873 578 958 (Ephem.
603 894 716 958 gymn.
740 871 959 953 austr.1869‚
982 882 1007 936 t.
1024 871 1077 954 20,

92 996 129 1061 p.·
149 973 225 1056 544)
248 985 283 1040 et
304 975 348 1039 H.
372 975 503 1040 Meusel
528 974 563 1056 (l.
586 974 608 1039 l.
630 995 663 1059 p.
688 973 762 1053 177)
786 975 991 1055 iudicarunt,
1019 978 1077 1060 qui

92 1079 206 1143 missis
230 1077 406 1143 codicibus
429 1078 499 1159 bc,
530 1087 647 1163 utpote
670 1097 759 1145 exa
783 1076 947 1143 derivatis
972 1081 1077 1164 scrip-

92 1189 203 1244 turam
225 1179 375 1245 familiae
397 1180 574 1245 Parisinae
597 1178 694 1244 libris
718 1179 769 1248 af
785 1178 952 1265 praeberi,
975 1190 1009 1245 et
1033 1204 1077 1246 ex

93 1304 262 1347 consensu
295 1283 413 1347 horum
446 1281 601 1348 codicum
629 1281 684 1347 vel
717 1284 817 1347 unius
852 1305 966 1348 eorum
1000 1305 1077 1348 cum

92 1385 223 1450 familia
256 1385 446 1451 Havniensi
481 1385 661 1451 lectionem
694 1387 873 1471 archetypi
902 1387 945 1468 (β)
978 1387 1077 1473 prodi

93 1498 266 1574 putarunt.

195 1593 282 1658 Utra
298 1592 428 1657 familia
447 1591 549 1657 alteri
573 1594 618 1656 sit
639 1592 875 1678 praeferenda,
897 1615 958 1678 pro
982 1603 1076 1659 certo

92 1698 153 1761 vix
188 1696 257 1760 dici
291 1704 412 1781 potest.
446 1695 513 1760 loci
547 1705 656 1777 certe,
694 1696 753 1760 ubi
789 1697 891 1762 lectio
925 1696 1077 1762 familiae

91 1799 302 1864 Havniensis
324 1801 436 1884 potior
459 1798 568 1864 videri
597 1801 720 1885 possit,
753 1823 863 1887 neque
884 1809 955 1864 tam
978 1799 1077 1866 mult-i

92 1924 202 1988 neque
225 1910 296 1967 tam
319 1923 442 1986 graves
467 1913 556 1983 sunt,
578 1913 616 1968 nt
638 1904 720 1969 mihi
736 1904 943 1990 persuadere
958 1912 1076 1989 potue·

92 2007 172 2087 rim,
195 2004 283 2070 hauc
306 2005 484 2071 Parisinae
507 2029 583 2071 esse
605 2008 871 2092 praeferendam.
909 2007 1077 2074 Meuselio

93 2107 174 2189 (1.1.
198 2130 229 2194 p.
254 2107 329 2188 182)
359 2108 459 2195 plane
494 2112 677 2193 assentior,
712 2109 770 2176 ubi
803 2112 955 2177 familiae
985 2113 1078 2178 inter

93 2233 130 2276 se
160 2210 369 2298 discrepant,
403 2235 472 2277 non
499 2213 566 2277 nisi
595 2216 809 2280 accuratiore
837 2214 904 2279 loci
933 2215 1077 2300 inquisi-

91 2314 184 2379 tione
207 2313 386 2380 lectionem
410 2336 485 2379 esse
508 2314 701 2381 eruendam.

894 2572 942 2707 n.
970 2571 1047 2708 ns
