2376 3924
127 215 170 278 44
426 214 477 264 nn
495 213 617 264 senno
637 212 796 264 osnnrco

124 404 213 470 hune
236 414 372 491 propter
395 406 560 470 iustitiam
582 405 862 490 prudentiamque
884 424 980 469 suam
995 406 1104 469 totius

124 507 206 573 belli
236 529 397 574 summam
428 510 572 574 omnium
600 507 776 574 voluntate
803 506 942 591 deferri,
976 506 1104 593 oppida

124 609 249 676 habers
271 633 408 677 numero
426 628 488 695 ΧΗ,
511 610 665 697 polliceri
680 611 775 676 milia
791 619 922 676 armata
939 611 1103 696 quinqua·

103 717 237 799 aginta3
254 714 395 780 totidem
406 715 557 799 Nervios,
582 717 637 802 qui
654 716 801 780 maxime
822 714 883 778 feri
905 714 994 778 inter
1010 714 1102 800 ipsos

103 818 313 885 ahabeantur
337 819 597 904 longissimeque
621 817 752 900 absint3
791 818 982 904 quindecim
1005 817 1103 882 milia

123 921 322 1007 Atrebates,
346 922 531 988 Ambianos
562 921 676 988 decem
702 921 813 1005 milia,
847 920 997 986 Morinos
1027 936 1104 987 xxv

123 1026 227 1110 milia,
256 1026 431 1112 Menapios
454 1042 506 1091 vn
526 1026 631 1108 milia,
660 1023 798 1091 Caletos
821 1040 845 1089 x
864 1023 969 1107 milia,
993 1022 1101 1089 Velio·

123 1151 239 1194 casses
264 1139 297 1194 et
313 1129 569 1194 Veromanduos
592 1129 744 1213 totidem,
762 1129 960 1195 Aduatucos
985 1127 1103 1194 decem

91 1254 115 1292 10
125 1242 157 1297 et
181 1254 301 1298 novem
323 1231 435 1315 milia3
458 1231 662 1316 Condrusos,
685 1232 873 1318 Eburones,
903 1231 1102 1316 anroesos,

123 1337 326 1420 Paemanos,
361 1337 417 1421 qui
441 1358 506 1401 uno
530 1338 663 1401 nomine
687 1334 848 1402 Germani
875 1336 1102 1422 appellantur,

124 1440 286 1505 arbitrari
309 1440 354 1505 ad
377 1456 425 1505 XL
450 1438 553 1504 milia.
1006 1441 1008 1445 ’

210 1542 240 1608 5.
257 1541 386 1609 Caesar
401 1543 521 1609 Remos
538 1544 733 1610 cohortatus
751 1543 1003 1630 liberaliterque
1028 1565 1102 1608 ors·

123 1648 215 1711 tione
238 1656 437 1732 prosecutus
462 1669 592 1712 omnem
616 1658 769 1713 senatum
793 1648 837 1714 ad
861 1670 896 1713 se
920 1648 1103 1713 convenire

122 1753 374 1838 principumque
396 1750 521 1815 liberos
546 1750 681 1816 obsides
705 1751 749 1815 ad
779 1774 814 1816 se
839 1751 962 1816 adduci
986 1750 1100 1814 iussit.

121 1854 216 1934 Quae
240 1856 351 1919 omnia
375 1854 418 1918 ab
442 1854 493 1918 his
519 1853 700 1938 diligenter
723 1855 767 1919 ad
798 1855 885 1920 diem
901 1854 993 1919 facta
1011 1861 1101 1918 sunt.

103 1959 200 2043 alpse
234 1956 444 2022 Divitiacum
478 1957 631 2023 Aeduum
664 1979 867 2043 magnopere
904 1956 1101 2022 cohortatus

125 2062 234 2143 docet,
251 2070 377 2147 quanto
402 2083 501 2147 opere
524 2064 572 2126 rei
595 2061 753 2147 publicae
774 2063 1024 2147 communisque
1049 2083 1102 2127 sa·

123 2165 204 2231 lutis
221 2165 353 2229 intersit
369 2187 489 2229 manus
505 2165 651 2231 hostium
669 2165 834 2247 distineri,
851 2186 894 2229 ne
911 2186 986 2232 cum
1003 2174 1102 2232 tanta

102 2268 338 2334 multitudine
359 2291 426 2334 uno
450 2280 599 2355 tempore
614 2269 860 2353 confligendum
884 2271 939 2334 sit.
972 2267 1010 2333 Id
1028 2268 1102 2333 fieri

123 2392 231 2457 posse,
256 2373 284 2436 si
308 2394 387 2437 suas
411 2375 526 2458 copias
546 2373 657 2438 Aedui
682 2375 714 2437 in
738 2372 822 2437 fines
843 2371 1101 2436 Bellovacorum

124 2475 373 2540 introduxerint
404 2485 437 2540 et
466 2498 578 2541 eorum
608 2497 709 2559 agros
732 2473 886 2561 populari
917 2475 1101 2559 coeperint.

102 2578 186 2642 sHis
210 2578 380 2642 mandatis
405 2602 479 2644 cum
501 2579 544 2645 ab
562 2603 597 2644 se
615 2580 764 2644 dimittit.
788 2579 970 2664 Postquam
986 2598 1102 2642 omnes

123 2681 306 2763 Belgarum
330 2683 445 2767 copias
469 2683 503 2747 in
527 2704 628 2746 unum
651 2682 760 2747 locum
777 2691 915 2746 coactas
932 2681 977 2747 ad
993 2703 1029 2745 se
1045 2703 1102 2745 ve·
1171 2760 1175 2766 ,

123 2784 196 2849 nire
219 2785 305 2849 vidit
328 2806 436 2871 neque
452 2787 520 2851 iam
537 2785 636 2869 longe
651 2785 781 2869 abesse,
799 2785 911 2869 abiis,
935 2807 1017 2872 quos
1040 2786 1102 2850 mi·

125 2899 225 2972 serat,
243 2889 513 2975 exploratoribus
535 2900 568 2955 et
591 2889 634 2955 ab
657 2890 770 2955 Remis
785 2893 956 2974 cognovit,
979 2890 1101 2955 flumen

123 2992 296 3076 Axonam,
327 2993 415 3077 quod
439 3003 489 3058 est
514 2994 547 3058 in
577 2995 737 3059 extremis
760 2995 937 3059 Remorum
965 2993 1101 3077 finibus,

125 3096 312 3160 exercitum
334 3097 513 3162 traducere
528 3099 714 3163 maturavit
733 3107 833 3184 atquc
850 3097 896 3163 ibi
913 3108 1028 3164 castra
1044 3119 1101 3184 po·

102 3201 201 3264 ssnit.
219 3199 314 3279 Quae
330 3223 384 3265 res
398 3209 431 3265 et
444 3199 533 3265 latus
546 3223 647 3265 unum
660 3211 849 3266 castrorum
860 3202 942 3287 ripis
953 3202 1101 3267 fluminis

123 3304 296 3369 muniebat
313 3314 356 3389 et,
379 3314 455 3391 post
479 3327 553 3371 eum
577 3326 662 3391 quae
686 3316 809 3390 essent,
834 3315 908 3372 tuta
931 3305 975 3372 ab
997 3306 1101 3371 hosti·

124 3406 185 3472 bus
209 3409 375 3474 reddebat
399 3418 442 3494 et,
465 3419 672 3476 commeatus
696 3411 739 3476 ab
761 3411 873 3476 Remis
897 3410 1102 3496 reliquisque

123 3512 320 3578 civitatibus
344 3522 381 3578 ut
405 3514 476 3579 sine
492 3515 640 3601 periculo
657 3515 702 3582 ad
719 3538 794 3580 eum
809 3515 936 3601 portari
953 3523 1101 3599 possent,
