2376 3924
134 224 175 288 76
460 223 511 273 nn
529 221 649 274 antino
669 222 781 274 crvnn

133 421 279 481 estante
303 413 472 501 oppidum,
504 413 795 480 substructionibus
823 415 891 479 eius
920 417 1028 500 operis
1053 437 1119 480 ma-

111 518 243 601 ritimis,
277 517 368 583 aditu
396 517 439 583 ad
469 526 576 583 castra
605 517 727 583 difficili
756 527 788 582 et
819 527 966 604 angusto.
1012 519 1120 586 Simul

132 622 362 687 animadvertit
389 620 490 685 multa
517 620 663 707 undique
690 621 812 707 portari
841 629 939 706 atque
968 622 1023 706 agi
1053 621 1118 708 ple-

131 727 269 791 nissimis
291 725 362 805 viis,
386 745 470 808 quae
492 725 651 810 repentini
666 722 822 788 tumultus
838 725 952 789 timore
967 745 1012 788 ex
1027 727 1118 811 agris

109 831 164 896 cin
178 829 295 894 urbem
311 828 528 893 conferantur.
556 828 632 893 Huc
654 830 834 914 equitatum
856 829 964 912 mittit,
987 836 1025 893 ut
1041 827 1118 893 ‹liri-

130 942 222 1019 peret
236 941 334 1017 atque
350 931 486 997 haberet
501 930 570 997 loco
585 931 742 1018 praedae3
767 932 946 1017 eodemque
966 941 1117 1018 tempore

129 1038 180 1103 his
208 1035 306 1101 rebus
337 1035 480 1101 subsidio
509 1051 555 1099 nu
584 1037 709 1121 equites
731 1035 893 1100 Numidae
921 1058 964 1099 ex
993 1035 1116 1122 oppido

130 1141 319 1227 peditesque
335 1155 419 1203 cccc
435 1140 606 1204 mittuntur
621 1162 641 1203 a
656 1139 756 1222 Varo,
780 1160 860 1224 quos
876 1139 988 1204 auxilii
1010 1162 1117 1206 causa

108 1266 190 1311 rrex
212 1242 295 1309 Iuba
317 1244 429 1328 paucis
451 1242 566 1307 diebus
588 1252 663 1308 ante
685 1243 818 1309 Uticam
839 1245 980 1309 miserat.
1026 1245 1118 1310 Huic

130 1355 162 1412 ot
185 1355 355 1432 paternum
376 1346 550 1432 hospitium
573 1368 646 1410 cum
661 1347 814 1433 Pompeio
830 1355 863 1411 et
878 1346 1022 1412 simultas
1039 1371 1117 1415 cum

130 1450 270 1516 Curione
302 1450 541 1534 intercedebat,
576 1451 663 1537 quod
692 1449 842 1515 tribunus
870 1449 973 1537 plebis
1007 1450 1117 1537 legem

129 1554 401 1642 promulgaverat,
426 1576 491 1641 qua
513 1555 584 1640 lege
606 1576 744 1641 regnum
758 1553 863 1619 Iubae
878 1553 1114 1640 publicaverat.

107 1657 335 1727 oOoncurrunt
368 1661 492 1744 equites
525 1661 609 1723 inter
643 1680 693 1742 se3
727 1680 833 1743 neque
860 1679 937 1722 vero
972 1660 1116 1745 primum

130 1765 285 1849 impetum
312 1772 496 1827 nostrorum
523 1761 684 1827 Numidae
713 1762 799 1826 ferre
826 1769 1019 1847 potuerunt,
1055 1764 1115 1830 sed

129 1866 304 1931 interfectis
327 1868 454 1930 circiter
476 1881 546 1929 cxx
569 1864 684 1952 reliqui
713 1887 747 1929 se
769 1867 803 1929 in
826 1874 935 1929 castra
957 1864 1001 1930 ad
1024 1869 1114 1953 oppi-

107 1970 208 2041 adum
229 1978 431 2054 receperunt.
464 1968 601 2033 Interim
619 1968 763 2033 adventu
785 1968 955 2054 longarum
977 1971 1115 2036 numum

129 2073 225 2138 Curio
249 2075 457 2160 pronuntiare
481 2074 635 2137 onerariis
657 2071 796 2138 navibus
817 2071 917 2154 iubet,
942 2093 1027 2158 quae
1050 2082 1114 2140 sta-

126 2177 207 2243 bant
229 2177 272 2242 ad
294 2179 425 2244 Uticam
453 2199 586 2242 numero
615 2179 742 2242 circiter
764 2192 822 2259 00,
852 2198 887 2241 se
909 2178 943 2241 in
965 2177 1110 2245 hostium

126 2281 313 2346 habiturum
333 2279 412 2364 loco,
436 2283 578 2366 quinon
601 2282 777 2365 evestigio
800 2279 843 2344 ad
866 2289 973 2345 castra
989 2279 1111 2348 Corne-

110 2385 219 2451 ⁷liana
240 2386 313 2450 vela
328 2386 508 2451 direxisset.
547 2386 622 2467 Qua
644 2385 902 2471 pronuntiatione
924 2384 1012 2451 facta
1033 2395 1113 2452 tem-

130 2492 216 2575 poris
232 2499 350 2576 puncto
367 2489 500 2554 sublatis
515 2491 641 2553 ancoris
657 2511 767 2553 omnes
778 2490 910 2554 Uticam
924 2487 1114 2576 relinquunt

5 2676 7 2679 Ι
129 2603 162 2657 et
184 2616 248 2679 quo
272 2597 466 2680 imperatum
488 2603 538 2658 est
560 2603 737 2658 transeunt.
773 2594 867 2676 Quae
889 2614 943 2658 res
965 2595 1113 2660 omnium

127 2719 236 2761 rerum
260 2701 353 2783 copia
376 2697 549 2783 complevit
571 2699 759 2761 exercitum.

213 2800 265 2863 26.
290 2803 350 2865 His
373 2801 472 2866 rebus
494 2803 593 2886 gestis
616 2799 714 2866 Curio
738 2822 772 2864 se
794 2802 828 2865 in
851 2809 958 2865 castra
980 2799 1024 2865 ad
1045 2800 1111 2866 Ba·

126 2901 263 2986 gradam
291 2907 405 2990 recipit
435 2914 532 2990 atque
562 2905 703 2970 universi
737 2905 899 2970 exercitus
932 2903 1111 2969 conclama-

126 3008 212 3070 tione
235 3009 409 3091 imperator
432 3007 612 3092 appellatur
640 3016 832 3093 posteroque
855 3007 907 3072 die
929 3009 1112 3074 exercitum

104 3111 256 3176 2Uticam
279 3109 368 3174 ducit
391 3120 423 3174 ct
445 3134 545 3196 prope
574 3112 727 3196 oppidum
751 3118 858 3175 castra
881 3111 979 3196 ponit.
1022 3110 1110 3177 Non-

16 3196 19 3206 *
126 3212 204 3277 dum
237 3234 333 3299 opere
367 3222 546 3278 castrorum
579 3216 722 3300 perfecto
751 3215 875 3299 equites
899 3236 942 3278 ex
970 3215 1111 3281 statione

125 3319 275 3382 nuntiant
296 3340 416 3402 magna
432 3317 552 3383 auxilia
567 3321 712 3403 equitum
730 3318 940 3405 peditumque
963 3316 1006 3383 ab
1029 3339 1110 3405 rege

125 3422 224 3486 missa
239 3422 370 3487 Uticam
392 3423 520 3506 venire;
544 3421 723 3506 eodemque
746 3431 892 3509 tempore
913 3422 965 3487 vis
985 3442 1111 3509 magun

125 3524 266 3609 pulveris
301 3525 510 3609 sumebatur,
545 3535 577 3591 et
613 3527 749 3612 vestigio
780 3533 797 3591 t
