<?xml version="1.0" encoding="UTF-8"?>
<!DOCTYPE html PUBLIC "-//W3C//DTD XHTML 1.0 Transitional//EN"
    "http://www.w3.org/TR/xhtml1/DTD/xhtml1-transitional.dtd">
<html xmlns="http://www.w3.org/1999/xhtml" xml:lang="en" lang="en">
 <head>
  <title>
</title>
<meta http-equiv="Content-Type" content="text/html;charset=utf-8" />
  <meta name='ocr-system' content='tesseract 3.04.00' />
  <meta name='ocr-capabilities' content='ocr_page ocr_carea ocr_par ocr_line ocrx_word'/>
</head>
<body>
  <div class='ocr_page' id='page_1' title='image "./ciuliicaesarisc00hoffgoog/ciuliicaesarisc00hoffgoog_0552.png"; bbox 0 0 2376 3924; ppageno 0'>
   <div class='ocr_carea' id='block_1_1' title="bbox 360 233 1043 300">
    <p class='ocr_par' dir='ltr' id='par_1_1' title="bbox 360 233 1043 300">
     <span class='ocr_line' id='line_1_1' title="bbox 360 233 1043 300; baseline 0.01 -15"><span class='ocrx_word' id='word_1_1' title='bbox 360 235 472 286; x_wconf 75' lang='lat' dir='ltr'>LIBER</span> <span class='ocrx_word' id='word_1_2' title='bbox 489 235 539 296; x_wconf 92' lang='lat' dir='ltr'>Ill,</span> <span class='ocrx_word' id='word_1_3' title='bbox 558 233 634 285; x_wconf 80' lang='lat' dir='ltr'>CAP.</span> <span class='ocrx_word' id='word_1_4' title='bbox 648 235 757 287; x_wconf 78' lang='lat'>80-83.</span> <span class='ocrx_word' id='word_1_5' title='bbox 984 235 1043 300; x_wconf 78' lang='grc'>147</span> 
     </span>
    </p>
   </div>
   <div class='ocr_carea' id='block_1_2' title="bbox 65 426 1075 3423">
    <p class='ocr_par' dir='ltr' id='par_1_2' title="bbox 69 426 1066 1553">
     <span class='ocr_line' id='line_1_2' title="bbox 70 426 1066 514; baseline -0.003 -22"><span class='ocrx_word' id='word_1_6' title='bbox 70 430 204 513; x_wconf 88' lang='lat' dir='ltr'>Iamque</span> <span class='ocrx_word' id='word_1_7' title='bbox 227 431 310 492; x_wconf 89' lang='lat' dir='ltr'>inter</span> <span class='ocrx_word' id='word_1_8' title='bbox 332 449 366 492; x_wconf 93' lang='lat' dir='ltr'>se</span> <span class='ocrx_word' id='word_1_9' title='bbox 389 428 496 514; x_wconf 89' lang='lat' dir='ltr'>palam</span> <span class='ocrx_word' id='word_1_10' title='bbox 529 427 569 492; x_wconf 93' lang='lat' dir='ltr'>de</span> <span class='ocrx_word' id='word_1_11' title='bbox 603 429 753 514; x_wconf 91' lang='lat' dir='ltr'>praemiis</span> <span class='ocrx_word' id='word_1_12' title='bbox 786 450 825 492; x_wconf 93' lang='lat' dir='ltr'>ac</span> <span class='ocrx_word' id='word_1_13' title='bbox 858 426 1066 492; x_wconf 75' lang='lat' dir='ltr'>sacerdotiiss</span> 
     </span>
     <span class='ocr_line' id='line_1_3' title="bbox 70 529 1044 616; baseline -0.002 -20"><span class='ocrx_word' id='word_1_14' title='bbox 70 531 309 597; x_wconf 77' lang='lat' dir='ltr'>contendebant</span> <span class='ocrx_word' id='word_1_15' title='bbox 340 532 373 597; x_wconf 93' lang='lat' dir='ltr'>in</span> <span class='ocrx_word' id='word_1_16' title='bbox 407 554 572 616; x_wconf 90' lang='lat' dir='ltr'>annosque</span> <span class='ocrx_word' id='word_1_17' title='bbox 605 531 805 596; x_wconf 88' lang='lat' dir='ltr'>consulatum</span> <span class='ocrx_word' id='word_1_18' title='bbox 838 529 1044 613; x_wconf 89' lang='lat' dir='ltr'>definiebant,</span> 
     </span>
     <span class='ocr_line' id='line_1_4' title="bbox 70 634 1045 721; baseline 0.002 -23"><span class='ocrx_word' id='word_1_19' title='bbox 70 634 123 699; x_wconf 91' lang='lat' dir='ltr'>alii</span> <span class='ocrx_word' id='word_1_20' title='bbox 160 634 271 700; x_wconf 93' lang='lat' dir='ltr'>domos</span> <span class='ocrx_word' id='word_1_21' title='bbox 307 634 458 721; x_wconf 91' lang='lat' dir='ltr'>bonaque</span> <span class='ocrx_word' id='word_1_22' title='bbox 492 658 612 718; x_wconf 90' lang='lat' dir='ltr'>eorum,</span> <span class='ocrx_word' id='word_1_23' title='bbox 651 637 706 720; x_wconf 90' lang='lat' dir='ltr'>qui</span> <span class='ocrx_word' id='word_1_24' title='bbox 739 636 772 698; x_wconf 91' lang='lat' dir='ltr'>in</span> <span class='ocrx_word' id='word_1_25' title='bbox 806 636 918 698; x_wconf 88' lang='lat' dir='ltr'>castris</span> <span class='ocrx_word' id='word_1_26' title='bbox 952 644 1045 700; x_wconf 89' lang='lat' dir='ltr'>erant</span> 
     </span>
     <span class='ocr_line' id='line_1_5' title="bbox 70 737 1065 826; baseline -0.002 -23"><span class='ocrx_word' id='word_1_27' title='bbox 70 738 228 822; x_wconf 78' lang='lat' dir='ltr'>Caesaris,</span> <span class='ocrx_word' id='word_1_28' title='bbox 262 739 432 825; x_wconf 82' lang='lat' dir='ltr'>petebant3</span> <span class='ocrx_word' id='word_1_29' title='bbox 470 761 654 826; x_wconf 85' lang='lat' dir='ltr'>magnaque</span> <span class='ocrx_word' id='word_1_30' title='bbox 676 741 760 804; x_wconf 92' lang='lat' dir='ltr'>inter</span> <span class='ocrx_word' id='word_1_31' title='bbox 782 760 837 802; x_wconf 94' lang='lat' dir='ltr'>eos</span> <span class='ocrx_word' id='word_1_32' title='bbox 859 740 892 801; x_wconf 89' lang='lat' dir='ltr'>iu</span> <span class='ocrx_word' id='word_1_33' title='bbox 915 737 1065 802; x_wconf 86' lang='lat' dir='ltr'>consilio⁵</span> 
     </span>
     <span class='ocr_line' id='line_1_6' title="bbox 69 840 1043 929; baseline 0 -24"><span class='ocrx_word' id='word_1_34' title='bbox 69 843 130 908; x_wconf 87' lang='lat' dir='ltr'>fuit</span> <span class='ocrx_word' id='word_1_35' title='bbox 152 844 380 925; x_wconf 84' lang='lat' dir='ltr'>controversia,</span> <span class='ocrx_word' id='word_1_36' title='bbox 416 852 618 929; x_wconf 78' lang='lat' dir='ltr'>oporteretne</span> <span class='ocrx_word' id='word_1_37' title='bbox 647 842 751 909; x_wconf 82' lang='lat' dir='ltr'>Lucili</span> <span class='ocrx_word' id='word_1_38' title='bbox 773 843 874 924; x_wconf 88' lang='lat' dir='ltr'>Hirri,</span> <span class='ocrx_word' id='word_1_39' title='bbox 908 840 995 926; x_wconf 89' lang='lat' dir='ltr'>quod</span> <span class='ocrx_word' id='word_1_40' title='bbox 1017 843 1043 906; x_wconf 91' lang='lat' dir='ltr'>is</span> 
     </span>
     <span class='ocr_line' id='line_1_7' title="bbox 70 946 1043 1033; baseline -0.005 -20"><span class='ocrx_word' id='word_1_41' title='bbox 70 949 264 1033; x_wconf 90' lang='lat' dir='ltr'>aPompeio</span> <span class='ocrx_word' id='word_1_42' title='bbox 299 946 342 1011; x_wconf 89' lang='lat' dir='ltr'>ad</span> <span class='ocrx_word' id='word_1_43' title='bbox 369 948 508 1012; x_wconf 89' lang='lat' dir='ltr'>Parthos</span> <span class='ocrx_word' id='word_1_44' title='bbox 541 951 656 1013; x_wconf 90' lang='lat' dir='ltr'>missus</span> <span class='ocrx_word' id='word_1_45' title='bbox 690 958 783 1031; x_wconf 90' lang='lat' dir='ltr'>esset,</span> <span class='ocrx_word' id='word_1_46' title='bbox 817 948 972 1033; x_wconf 82' lang='lat' dir='ltr'>proximis</span> <span class='ocrx_word' id='word_1_47' title='bbox 994 967 1043 1009; x_wconf 92' lang='lat' dir='ltr'>co-</span> 
     </span>
     <span class='ocr_line' id='line_1_8' title="bbox 69 1051 1043 1138; baseline -0.002 -22"><span class='ocrx_word' id='word_1_48' title='bbox 69 1055 165 1118; x_wconf 87' lang='lat' dir='ltr'>mitiis</span> <span class='ocrx_word' id='word_1_49' title='bbox 188 1054 356 1138; x_wconf 90' lang='lat' dir='ltr'>praetoriis</span> <span class='ocrx_word' id='word_1_50' title='bbox 379 1052 520 1117; x_wconf 90' lang='lat' dir='ltr'>absentis</span> <span class='ocrx_word' id='word_1_51' title='bbox 542 1055 701 1117; x_wconf 92' lang='lat' dir='ltr'>rationem</span> <span class='ocrx_word' id='word_1_52' title='bbox 722 1051 844 1134; x_wconf 88' lang='lat' dir='ltr'>haberi,</span> <span class='ocrx_word' id='word_1_53' title='bbox 880 1072 953 1115; x_wconf 89' lang='lat' dir='ltr'>cum</span> <span class='ocrx_word' id='word_1_54' title='bbox 976 1051 1043 1114; x_wconf 89' lang='lat' dir='ltr'>eius</span> 
     </span>
     <span class='ocr_line' id='line_1_9' title="bbox 69 1155 1042 1242; baseline -0.003 -22"><span class='ocrx_word' id='word_1_55' title='bbox 69 1158 241 1221; x_wconf 86' lang='lat' dir='ltr'>necessarii</span> <span class='ocrx_word' id='word_1_56' title='bbox 278 1155 377 1220; x_wconf 90' lang='lat' dir='ltr'>fidem</span> <span class='ocrx_word' id='word_1_57' title='bbox 420 1156 630 1242; x_wconf 84' lang='lat' dir='ltr'>implorarent</span> <span class='ocrx_word' id='word_1_58' title='bbox 665 1156 808 1240; x_wconf 87' lang='lat' dir='ltr'>Pompei,</span> <span class='ocrx_word' id='word_1_59' title='bbox 854 1162 1042 1240; x_wconf 80' lang='lat' dir='ltr'>praestaret,</span> 
     </span>
     <span class='ocr_line' id='line_1_10' title="bbox 70 1259 1043 1347; baseline -0.004 -22"><span class='ocrx_word' id='word_1_60' title='bbox 70 1261 156 1347; x_wconf 91' lang='lat' dir='ltr'>quod</span> <span class='ocrx_word' id='word_1_61' title='bbox 191 1261 406 1346; x_wconf 90' lang='lat' dir='ltr'>proficiscenti</span> <span class='ocrx_word' id='word_1_62' title='bbox 438 1262 622 1346; x_wconf 82' lang='lat' dir='ltr'>recepisset,</span> <span class='ocrx_word' id='word_1_63' title='bbox 657 1282 697 1323; x_wconf 92' lang='lat' dir='ltr'>ne</span> <span class='ocrx_word' id='word_1_64' title='bbox 726 1282 784 1344; x_wconf 91' lang='lat' dir='ltr'>per</span> <span class='ocrx_word' id='word_1_65' title='bbox 813 1261 880 1323; x_wconf 92' lang='lat' dir='ltr'>eius</span> <span class='ocrx_word' id='word_1_66' title='bbox 909 1259 1043 1323; x_wconf 88' lang='lat' dir='ltr'>auctori-</span> 
     </span>
     <span class='ocr_line' id='line_1_11' title="bbox 69 1362 1043 1448; baseline -0.004 -19"><span class='ocrx_word' id='word_1_67' title='bbox 69 1374 169 1429; x_wconf 89' lang='lat' dir='ltr'>tatem</span> <span class='ocrx_word' id='word_1_68' title='bbox 192 1363 347 1448; x_wconf 90' lang='lat' dir='ltr'>deceptus</span> <span class='ocrx_word' id='word_1_69' title='bbox 370 1363 545 1446; x_wconf 85' lang='lat' dir='ltr'>videretur,</span> <span class='ocrx_word' id='word_1_70' title='bbox 576 1363 700 1448; x_wconf 86' lang='lat' dir='ltr'>reliqui,</span> <span class='ocrx_word' id='word_1_71' title='bbox 723 1365 757 1428; x_wconf 91' lang='lat' dir='ltr'>in</span> <span class='ocrx_word' id='word_1_72' title='bbox 779 1362 889 1427; x_wconf 90' lang='lat' dir='ltr'>labore</span> <span class='ocrx_word' id='word_1_73' title='bbox 912 1364 982 1446; x_wconf 90' lang='lat' dir='ltr'>pari</span> <span class='ocrx_word' id='word_1_74' title='bbox 1005 1385 1043 1425; x_wconf 89' lang='lat' dir='ltr'>ac</span> 
     </span>
     <span class='ocr_line' id='line_1_12' title="bbox 69 1467 971 1553; baseline -0.002 -22"><span class='ocrx_word' id='word_1_75' title='bbox 69 1467 210 1553; x_wconf 89' lang='lat' dir='ltr'>periculo</span> <span class='ocrx_word' id='word_1_76' title='bbox 232 1489 273 1530; x_wconf 90' lang='lat' dir='ltr'>nc</span> <span class='ocrx_word' id='word_1_77' title='bbox 296 1488 379 1531; x_wconf 88' lang='lat' dir='ltr'>unus</span> <span class='ocrx_word' id='word_1_78' title='bbox 402 1489 512 1531; x_wconf 93' lang='lat' dir='ltr'>omnes</span> <span class='ocrx_word' id='word_1_79' title='bbox 534 1467 751 1550; x_wconf 86' lang='lat' dir='ltr'>antecederet,</span> <span class='ocrx_word' id='word_1_80' title='bbox 774 1475 971 1530; x_wconf 84' lang='lat' dir='ltr'>recusarent.</span> 
     </span>
    </p>

    <p class='ocr_par' dir='ltr' id='par_1_3' title="bbox 65 1570 1075 3423">
     <span class='ocr_line' id='line_1_13' title="bbox 155 1570 1043 1655; baseline -0.001 -21"><span class='ocrx_word' id='word_1_81' title='bbox 155 1570 205 1634; x_wconf 81' lang='lat'>83.</span> <span class='ocrx_word' id='word_1_82' title='bbox 229 1571 301 1634; x_wconf 89' lang='lat' dir='ltr'>Iam</span> <span class='ocrx_word' id='word_1_83' title='bbox 322 1570 363 1634; x_wconf 93' lang='lat' dir='ltr'>de</span> <span class='ocrx_word' id='word_1_84' title='bbox 387 1571 565 1636; x_wconf 90' lang='lat' dir='ltr'>sacerdotio</span> <span class='ocrx_word' id='word_1_85' title='bbox 581 1570 729 1636; x_wconf 82' lang='lat' dir='ltr'>Caesaris</span> <span class='ocrx_word' id='word_1_86' title='bbox 742 1572 913 1653; x_wconf 90' lang='lat' dir='ltr'>Domitius,</span> <span class='ocrx_word' id='word_1_87' title='bbox 937 1571 1043 1655; x_wconf 86' lang='lat' dir='ltr'>Scipio</span> 
     </span>
     <span class='ocr_line' id='line_1_14' title="bbox 69 1673 1043 1759; baseline -0.002 -20"><span class='ocrx_word' id='word_1_88' title='bbox 69 1673 285 1759; x_wconf 80' lang='lat' dir='ltr'>Spintherque</span> <span class='ocrx_word' id='word_1_89' title='bbox 318 1674 475 1739; x_wconf 90' lang='lat' dir='ltr'>Lentulus</span> <span class='ocrx_word' id='word_1_90' title='bbox 509 1675 677 1740; x_wconf 88' lang='lat' dir='ltr'>cotidianis</span> <span class='ocrx_word' id='word_1_91' title='bbox 710 1673 966 1740; x_wconf 89' lang='lat' dir='ltr'>contentionibus</span> <span class='ocrx_word' id='word_1_92' title='bbox 1001 1673 1043 1738; x_wconf 90' lang='lat' dir='ltr'>ad</span> 
     </span>
     <span class='ocr_line' id='line_1_15' title="bbox 68 1777 1042 1864; baseline 0.001 -23"><span class='ocrx_word' id='word_1_93' title='bbox 68 1779 276 1863; x_wconf 82' lang='lat' dir='ltr'>gravissimas</span> <span class='ocrx_word' id='word_1_94' title='bbox 298 1778 474 1843; x_wconf 86' lang='lat' dir='ltr'>verborum</span> <span class='ocrx_word' id='word_1_95' title='bbox 497 1779 704 1844; x_wconf 86' lang='lat' dir='ltr'>contumelias</span> <span class='ocrx_word' id='word_1_96' title='bbox 733 1777 840 1864; x_wconf 89' lang='lat' dir='ltr'>palam</span> <span class='ocrx_word' id='word_1_97' title='bbox 869 1777 1042 1843; x_wconf 89' lang='lat' dir='ltr'>descende-</span> 
     </span>
     <span class='ocr_line' id='line_1_16' title="bbox 67 1882 1041 1965; baseline 0.001 -19"><span class='ocrx_word' id='word_1_98' title='bbox 67 1892 153 1964; x_wconf 89' lang='lat' dir='ltr'>runt,</span> <span class='ocrx_word' id='word_1_99' title='bbox 177 1904 251 1946; x_wconf 90' lang='lat' dir='ltr'>cum</span> <span class='ocrx_word' id='word_1_100' title='bbox 272 1882 431 1947; x_wconf 90' lang='lat' dir='ltr'>Lentulus</span> <span class='ocrx_word' id='word_1_101' title='bbox 453 1887 568 1948; x_wconf 91' lang='lat' dir='ltr'>aetatis</span> <span class='ocrx_word' id='word_1_102' title='bbox 590 1883 745 1948; x_wconf 92' lang='lat' dir='ltr'>honorem</span> <span class='ocrx_word' id='word_1_103' title='bbox 768 1891 953 1965; x_wconf 90' lang='lat' dir='ltr'>ostentaret,</span> <span class='ocrx_word' id='word_1_104' title='bbox 976 1883 1041 1947; x_wconf 93' lang='lat' dir='ltr'>Do-</span> 
     </span>
     <span class='ocr_line' id='line_1_17' title="bbox 67 1986 1040 2073; baseline -0.001 -22"><span class='ocrx_word' id='word_1_105' title='bbox 67 1989 174 2052; x_wconf 89' lang='lat' dir='ltr'>mitius</span> <span class='ocrx_word' id='word_1_106' title='bbox 218 1986 379 2052; x_wconf 88' lang='lat' dir='ltr'>urbanam</span> <span class='ocrx_word' id='word_1_107' title='bbox 422 1989 561 2073; x_wconf 84' lang='lat' dir='ltr'>gratiam</span> <span class='ocrx_word' id='word_1_108' title='bbox 598 1987 852 2073; x_wconf 86' lang='lat' dir='ltr'>dignitatemque</span> <span class='ocrx_word' id='word_1_109' title='bbox 896 1989 1040 2069; x_wconf 90' lang='lat' dir='ltr'>iactaret,</span> 
     </span>
     <span class='ocr_line' id='line_1_18' title="bbox 68 2091 1042 2178; baseline -0.002 -21"><span class='ocrx_word' id='word_1_110' title='bbox 68 2092 174 2177; x_wconf 88' lang='lat' dir='ltr'>Scipio</span> <span class='ocrx_word' id='word_1_111' title='bbox 197 2093 354 2156; x_wconf 85' lang='lat' dir='ltr'>affinitate</span> <span class='ocrx_word' id='word_1_112' title='bbox 377 2092 512 2178; x_wconf 93' lang='lat' dir='ltr'>Pompei</span> <span class='ocrx_word' id='word_1_113' title='bbox 534 2091 720 2158; x_wconf 91' lang='lat' dir='ltr'>confideret.</span> <span class='ocrx_word' id='word_1_114' title='bbox 744 2091 923 2156; x_wconf 85' lang='lat' dir='ltr'>Postulavit</span> <span class='ocrx_word' id='word_1_115' title='bbox 945 2093 1042 2156; x_wconf 92' lang='lat' dir='ltr'>ctiam</span> 
     </span>
     <span class='ocr_line' id='line_1_19' title="bbox 68 2193 1064 2281; baseline 0.001 -24"><span class='ocrx_word' id='word_1_116' title='bbox 68 2196 107 2258; x_wconf 88' lang='lat' dir='ltr'>L.</span> <span class='ocrx_word' id='word_1_117' title='bbox 130 2193 303 2260; x_wconf 84' lang='lat' dir='ltr'>Afranium</span> <span class='ocrx_word' id='word_1_118' title='bbox 340 2195 529 2281; x_wconf 90' lang='lat' dir='ltr'>proditionis</span> <span class='ocrx_word' id='word_1_119' title='bbox 568 2199 733 2262; x_wconf 86' lang='lat' dir='ltr'>exercitus</span> <span class='ocrx_word' id='word_1_120' title='bbox 768 2193 905 2260; x_wconf 85' lang='lat' dir='ltr'>Acutius</span> <span class='ocrx_word' id='word_1_121' title='bbox 938 2195 1064 2259; x_wconf 62' lang='lat' dir='ltr'>Rufum</span> 
     </span>
     <span class='ocr_line' id='line_1_20' title="bbox 68 2297 1040 2385; baseline 0 -24"><span class='ocrx_word' id='word_1_122' title='bbox 68 2298 155 2382; x_wconf 89' lang='lat' dir='ltr'>apud</span> <span class='ocrx_word' id='word_1_123' title='bbox 178 2299 376 2383; x_wconf 87' lang='lat' dir='ltr'>Pompeium,</span> <span class='ocrx_word' id='word_1_124' title='bbox 415 2298 502 2384; x_wconf 90' lang='lat' dir='ltr'>quod</span> <span class='ocrx_word' id='word_1_125' title='bbox 525 2309 652 2385; x_wconf 84' lang='lat' dir='ltr'>gestum</span> <span class='ocrx_word' id='word_1_126' title='bbox 674 2303 707 2365; x_wconf 90' lang='lat' dir='ltr'>in</span> <span class='ocrx_word' id='word_1_127' title='bbox 728 2300 888 2385; x_wconf 86' lang='lat' dir='ltr'>Hispania</span> <span class='ocrx_word' id='word_1_128' title='bbox 911 2297 1040 2362; x_wconf 89' lang='lat' dir='ltr'>diceret.</span> 
     </span>
     <span class='ocr_line' id='line_1_21' title="bbox 67 2399 1063 2487; baseline -0.003 -23"><span class='ocrx_word' id='word_1_129' title='bbox 67 2402 111 2465; x_wconf 85' lang='lat' dir='ltr'>Et</span> <span class='ocrx_word' id='word_1_130' title='bbox 133 2402 171 2464; x_wconf 93' lang='lat' dir='ltr'>L.</span> <span class='ocrx_word' id='word_1_131' title='bbox 196 2402 357 2465; x_wconf 91' lang='lat' dir='ltr'>Domitius</span> <span class='ocrx_word' id='word_1_132' title='bbox 385 2404 419 2466; x_wconf 91' lang='lat' dir='ltr'>in</span> <span class='ocrx_word' id='word_1_133' title='bbox 448 2402 577 2467; x_wconf 91' lang='lat' dir='ltr'>consilio</span> <span class='ocrx_word' id='word_1_134' title='bbox 606 2402 689 2466; x_wconf 84' lang='lat' dir='ltr'>dixit</span> <span class='ocrx_word' id='word_1_135' title='bbox 717 2402 844 2487; x_wconf 90' lang='lat' dir='ltr'>placere</span> <span class='ocrx_word' id='word_1_136' title='bbox 872 2399 932 2464; x_wconf 89' lang='lat' dir='ltr'>sibi</span> <span class='ocrx_word' id='word_1_137' title='bbox 959 2400 1063 2464; x_wconf 80' lang='lat' dir='ltr'>bellos</span> 
     </span>
     <span class='ocr_line' id='line_1_22' title="bbox 68 2503 1043 2588; baseline -0.003 -19"><span class='ocrx_word' id='word_1_138' title='bbox 68 2504 213 2569; x_wconf 85' lang='lat' dir='ltr'>confecto</span> <span class='ocrx_word' id='word_1_139' title='bbox 235 2513 345 2569; x_wconf 89' lang='lat' dir='ltr'>ternas</span> <span class='ocrx_word' id='word_1_140' title='bbox 368 2503 503 2570; x_wconf 86' lang='lat' dir='ltr'>tabellas</span> <span class='ocrx_word' id='word_1_141' title='bbox 526 2505 597 2569; x_wconf 89' lang='lat' dir='ltr'>dari</span> <span class='ocrx_word' id='word_1_142' title='bbox 620 2505 663 2570; x_wconf 91' lang='lat' dir='ltr'>ad</span> <span class='ocrx_word' id='word_1_143' title='bbox 684 2504 895 2570; x_wconf 89' lang='lat' dir='ltr'>iudicandum</span> <span class='ocrx_word' id='word_1_144' title='bbox 916 2506 964 2585; x_wconf 89' lang='lat' dir='ltr'>iis,</span> <span class='ocrx_word' id='word_1_145' title='bbox 988 2506 1043 2588; x_wconf 90' lang='lat' dir='ltr'>qui</span> 
     </span>
     <span class='ocr_line' id='line_1_23' title="bbox 68 2606 1042 2694; baseline 0.001 -23"><span class='ocrx_word' id='word_1_146' title='bbox 68 2606 188 2672; x_wconf 89' lang='lat' dir='ltr'>ordinis</span> <span class='ocrx_word' id='word_1_147' title='bbox 211 2618 319 2673; x_wconf 90' lang='lat' dir='ltr'>essent</span> <span class='ocrx_word' id='word_1_148' title='bbox 341 2611 493 2674; x_wconf 88' lang='lat' dir='ltr'>senatorii</span> <span class='ocrx_word' id='word_1_149' title='bbox 515 2608 663 2694; x_wconf 91' lang='lat' dir='ltr'>belloque</span> <span class='ocrx_word' id='word_1_150' title='bbox 685 2631 751 2673; x_wconf 92' lang='lat' dir='ltr'>una</span> <span class='ocrx_word' id='word_1_151' title='bbox 767 2630 841 2672; x_wconf 90' lang='lat' dir='ltr'>cum</span> <span class='ocrx_word' id='word_1_152' title='bbox 856 2610 932 2693; x_wconf 89' lang='lat' dir='ltr'>ipsis</span> <span class='ocrx_word' id='word_1_153' title='bbox 947 2609 1042 2672; x_wconf 90' lang='lat' dir='ltr'>inter-</span> 
     </span>
     <span class='ocr_line' id='line_1_24' title="bbox 67 2710 1075 2802; baseline 0.001 -29"><span class='ocrx_word' id='word_1_154' title='bbox 67 2710 210 2793; x_wconf 88' lang='lat' dir='ltr'>fuissent,</span> <span class='ocrx_word' id='word_1_155' title='bbox 234 2714 473 2797; x_wconf 86' lang='lat' dir='ltr'>sententiasque</span> <span class='ocrx_word' id='word_1_156' title='bbox 490 2711 530 2776; x_wconf 90' lang='lat' dir='ltr'>de</span> <span class='ocrx_word' id='word_1_157' title='bbox 547 2712 678 2797; x_wconf 88' lang='lat' dir='ltr'>singulis</span> <span class='ocrx_word' id='word_1_158' title='bbox 694 2713 825 2793; x_wconf 89' lang='lat' dir='ltr'>ferrent,</span> <span class='ocrx_word' id='word_1_159' title='bbox 850 2713 904 2796; x_wconf 92' lang='lat' dir='ltr'>qui</span> <span class='ocrx_word' id='word_1_160' title='bbox 920 2711 1042 2774; x_wconf 93' lang='lat' dir='ltr'>Romae</span> <span class='ocrx_word' id='word_1_161' title='bbox 1069 2788 1075 2802; x_wconf 92' lang='lat'><em>.</em></span> 
     </span>
     <span class='ocr_line' id='line_1_25' title="bbox 66 2815 1043 2902; baseline 0.001 -25"><span class='ocrx_word' id='word_1_162' title='bbox 66 2817 296 2880; x_wconf 91' lang='lat' dir='ltr'>remansissent</span> <span class='ocrx_word' id='word_1_163' title='bbox 319 2819 438 2902; x_wconf 89' lang='lat' dir='ltr'>quique</span> <span class='ocrx_word' id='word_1_164' title='bbox 460 2819 546 2881; x_wconf 91' lang='lat' dir='ltr'>intra</span> <span class='ocrx_word' id='word_1_165' title='bbox 568 2815 731 2902; x_wconf 88' lang='lat' dir='ltr'>praesidia</span> <span class='ocrx_word' id='word_1_166' title='bbox 753 2817 886 2900; x_wconf 91' lang='lat' dir='ltr'>Pompei</span> <span class='ocrx_word' id='word_1_167' title='bbox 908 2815 1043 2879; x_wconf 84' lang='lat' dir='ltr'>fuissent</span> 
     </span>
     <span class='ocr_line' id='line_1_26' title="bbox 67 2919 1043 3006; baseline 0.002 -24"><span class='ocrx_word' id='word_1_168' title='bbox 67 2941 172 3004; x_wconf 91' lang='lat' dir='ltr'>neque</span> <span class='ocrx_word' id='word_1_169' title='bbox 207 2941 337 3005; x_wconf 89' lang='lat' dir='ltr'>operam</span> <span class='ocrx_word' id='word_1_170' title='bbox 365 2922 399 2984; x_wconf 92' lang='lat' dir='ltr'>in</span> <span class='ocrx_word' id='word_1_171' title='bbox 425 2943 461 2984; x_wconf 89' lang='lat' dir='ltr'>rc</span> <span class='ocrx_word' id='word_1_172' title='bbox 489 2919 619 2984; x_wconf 90' lang='lat' dir='ltr'>militari</span> <span class='ocrx_word' id='word_1_173' title='bbox 651 2922 900 3006; x_wconf 88' lang='lat' dir='ltr'>praestitissent:</span> <span class='ocrx_word' id='word_1_174' title='bbox 943 2940 1043 2984; x_wconf 90' lang='lat' dir='ltr'>unam</span> 
     </span>
     <span class='ocr_line' id='line_1_27' title="bbox 66 3022 1064 3110; baseline 0.003 -24"><span class='ocrx_word' id='word_1_175' title='bbox 66 3023 135 3088; x_wconf 88' lang='lat' dir='ltr'>fore</span> <span class='ocrx_word' id='word_1_176' title='bbox 169 3022 330 3106; x_wconf 88' lang='lat' dir='ltr'>tabellam,</span> <span class='ocrx_word' id='word_1_177' title='bbox 365 3027 420 3110; x_wconf 89' lang='lat' dir='ltr'>qui</span> <span class='ocrx_word' id='word_1_178' title='bbox 454 3024 638 3088; x_wconf 88' lang='lat' dir='ltr'>liberandos</span> <span class='ocrx_word' id='word_1_179' title='bbox 672 3026 758 3088; x_wconf 89' lang='lat' dir='ltr'>omni</span> <span class='ocrx_word' id='word_1_180' title='bbox 795 3023 936 3110; x_wconf 89' lang='lat' dir='ltr'>periculo</span> <span class='ocrx_word' id='word_1_181' title='bbox 971 3039 1064 3089; x_wconf 81' lang='lat' dir='ltr'>cen-4</span> 
     </span>
     <span class='ocr_line' id='line_1_28' title="bbox 66 3126 1038 3214; baseline 0.001 -24"><span class='ocrx_word' id='word_1_182' title='bbox 66 3137 189 3209; x_wconf 75' lang='lat' dir='ltr'>serent,</span> <span class='ocrx_word' id='word_1_183' title='bbox 228 3126 372 3210; x_wconf 89' lang='lat' dir='ltr'>alteram,</span> <span class='ocrx_word' id='word_1_184' title='bbox 407 3131 463 3214; x_wconf 92' lang='lat' dir='ltr'>qui</span> <span class='ocrx_word' id='word_1_185' title='bbox 496 3129 609 3213; x_wconf 89' lang='lat' dir='ltr'>capitis</span> <span class='ocrx_word' id='word_1_186' title='bbox 646 3127 854 3211; x_wconf 89' lang='lat' dir='ltr'>damnarent;</span> <span class='ocrx_word' id='word_1_187' title='bbox 900 3129 1038 3210; x_wconf 89' lang='lat' dir='ltr'>tertiam,</span> 
     </span>
     <span class='ocr_line' id='line_1_29' title="bbox 67 3231 1061 3317; baseline 0.001 -22"><span class='ocrx_word' id='word_1_188' title='bbox 67 3234 121 3316; x_wconf 91' lang='lat' dir='ltr'>qui</span> <span class='ocrx_word' id='word_1_189' title='bbox 155 3233 292 3317; x_wconf 88' lang='lat' dir='ltr'>pecunia</span> <span class='ocrx_word' id='word_1_190' title='bbox 329 3231 512 3298; x_wconf 89' lang='lat' dir='ltr'>multarent.</span> <span class='ocrx_word' id='word_1_191' title='bbox 557 3233 724 3298; x_wconf 87' lang='lat' dir='ltr'>Postremo</span> <span class='ocrx_word' id='word_1_192' title='bbox 761 3255 872 3297; x_wconf 91' lang='lat' dir='ltr'>omncs</span> <span class='ocrx_word' id='word_1_193' title='bbox 909 3240 966 3296; x_wconf 90' lang='lat' dir='ltr'>aut</span> <span class='ocrx_word' id='word_1_194' title='bbox 999 3231 1061 3296; x_wconf 87' lang='lat' dir='ltr'>de⁵</span> 
     </span>
     <span class='ocr_line' id='line_1_30' title="bbox 65 3334 1040 3423; baseline -0.001 -24"><span class='ocrx_word' id='word_1_195' title='bbox 65 3335 241 3400; x_wconf 88' lang='lat' dir='ltr'>honoribus</span> <span class='ocrx_word' id='word_1_196' title='bbox 275 3337 340 3401; x_wconf 91' lang='lat' dir='ltr'>suis</span> <span class='ocrx_word' id='word_1_197' title='bbox 374 3345 430 3401; x_wconf 89' lang='lat' dir='ltr'>aut</span> <span class='ocrx_word' id='word_1_198' title='bbox 463 3335 504 3401; x_wconf 91' lang='lat' dir='ltr'>de</span> <span class='ocrx_word' id='word_1_199' title='bbox 538 3337 688 3423; x_wconf 88' lang='lat' dir='ltr'>praemiis</span> <span class='ocrx_word' id='word_1_200' title='bbox 722 3338 878 3423; x_wconf 88' lang='lat' dir='ltr'>pecuniae</span> <span class='ocrx_word' id='word_1_201' title='bbox 910 3344 967 3400; x_wconf 91' lang='lat' dir='ltr'>aut</span> <span class='ocrx_word' id='word_1_202' title='bbox 999 3334 1040 3398; x_wconf 89' lang='lat' dir='ltr'>de</span> 
     </span>
    </p>
   </div>
   <div class='ocr_carea' id='block_1_3' title="bbox 66 3440 1040 3601">
    <p class='ocr_par' dir='ltr' id='par_1_4' title="bbox 66 3440 1040 3601">
     <span class='ocr_line' id='line_1_31' title="bbox 66 3440 1040 3529; baseline 0.006 -26"><span class='ocrx_word' id='word_1_203' title='bbox 66 3440 297 3526; x_wconf 89' lang='lat' dir='ltr'>persequendis</span> <span class='ocrx_word' id='word_1_204' title='bbox 331 3443 502 3511; x_wconf 88' lang='lat' dir='ltr'>inimicitiis</span> <span class='ocrx_word' id='word_1_205' title='bbox 535 3440 677 3529; x_wconf 77' lang='lat' dir='ltr'>agebant</span> <span class='ocrx_word' id='word_1_206' title='bbox 703 3464 774 3526; x_wconf 88' lang='lat' dir='ltr'>nec,</span> <span class='ocrx_word' id='word_1_207' title='bbox 807 3441 925 3526; x_wconf 91' lang='lat' dir='ltr'>quibus</span> <span class='ocrx_word' id='word_1_208' title='bbox 946 3441 1040 3508; x_wconf 87' lang='lat' dir='ltr'>ratio·</span> 
     </span>
     <span class='ocr_line' id='line_1_32' title="bbox 875 3542 947 3601; baseline 0.056 -3"><span class='ocrx_word' id='word_1_209' title='bbox 875 3542 947 3601; x_wconf 72' lang='lat' dir='ltr'>¹llll</span> 
     </span>
    </p>
   </div>
   <div class='ocr_carea' id='block_1_4' title="bbox 0 0 1192 3924">
    <p class='ocr_par' dir='ltr' id='par_1_5' title="bbox 0 0 1192 3924">
     <span class='ocr_line' id='line_1_33' title="bbox 0 0 1192 3924; baseline 0 1"><span class='ocrx_word' id='word_1_210' title='bbox 0 0 1192 3924; x_wconf 95' lang='lat' dir='ltr'> </span> 
     </span>
    </p>
   </div>
  </div>
 </body>
</html>
