2376 3924
380 232 493 283 LIBER
507 232 570 294 vn,
589 231 667 284 cAP.
685 230 796 281 oo-ot.
1010 228 1075 293 213

95 422 195 490 modo
212 431 311 488 extra
326 442 449 506 agmen
464 420 602 505 audeat,
624 430 658 485 et
679 422 769 506 ipsos
786 418 920 504 quidem
935 440 1002 484 non
1019 417 1074 483 de·

97 528 176 594 bere
200 525 368 610 dubitare,
390 536 423 592 et
439 547 504 612 quo
519 528 647 591 maiore
668 525 798 588 faciant
814 525 936 606 animo,
959 525 1075 609 copias

98 655 134 697 se
158 653 270 697 omnes
294 653 354 717 pro
376 631 499 697 castris
520 630 715 696 habiturum
736 638 771 693 et
786 630 907 694 terrori
922 626 1076 692 hostibus

97 729 1099 820 futurumConclamantequites:sanctissimoiureiurando⁷

97 839 290 905 confirmari
313 847 477 924 oportere,
500 860 543 902 ne
558 846 648 903 tecto
664 838 857 923 recipiatur,
876 857 919 900 ne
935 834 980 900 ad
996 833 1078 899 libe-

98 967 166 1028 ros,
188 966 231 1007 ne
248 941 478 1028 adparentes,
502 940 547 1006 ad
565 963 705 1007 uxorem
720 940 851 1006 aditum
866 939 1002 1021 habeat,
1022 939 1078 1024 qui

97 1070 165 1114 non
189 1047 242 1113 bis
265 1068 325 1132 per
347 1066 469 1130 agmen
492 1045 638 1111 hostium
660 1047 918 1132 perequitasset.

185 1149 236 1214 67.
248 1149 400 1216 Probata
412 1174 448 1216 re
461 1161 563 1237 atque
575 1150 729 1216 omnibus
742 1149 936 1216 iureirando
946 1149 1079 1214 adactis

99 1264 234 1342 postero
260 1255 314 1320 die
336 1257 371 1320 in
394 1264 464 1321 tres
487 1263 602 1341 partes
625 1254 804 1320 distributo
826 1254 978 1340 equitatu
995 1253 1081 1317 duae

100 1382 136 1425 se
152 1361 245 1424 acies
258 1359 302 1424 ab
319 1358 449 1424 duobus
465 1357 630 1424 lateribus
648 1358 841 1440 ostendunt,
858 1380 926 1423 una
942 1381 963 1424 a
975 1359 1081 1443 primo

101 1464 237 1547 agmine
250 1465 315 1528 iter
326 1462 489 1549 impedire
502 1462 624 1547 coepit.
644 1461 720 1543 Qua
732 1483 768 1525 re
781 1463 940 1526 nuntiata
956 1459 1104 1525 Caesare

102 1589 197 1631 suum
221 1587 352 1652 quoque
375 1567 562 1653 equitatum
592 1566 761 1651 tripertito
791 1564 935 1630 divisum
964 1573 1083 1630 contra

101 1670 234 1735 hostem
249 1671 298 1735 ire
314 1669 417 1735 iubet.
433 1670 610 1753 Pugnatur
624 1689 692 1734 una
706 1668 859 1734 omnibus
874 1670 908 1734 in
920 1668 1084 1755 partibus.

102 1771 1106 1860 Consistitagmen3impedimentainterlegionesrecipiun-e

102 1887 168 1943 tur.
203 1875 240 1942 Si
267 1901 334 1964 qua
362 1879 397 1942 in
426 1887 522 1964 parte
547 1879 656 1943 nostri
678 1876 835 1943 laborare
857 1888 915 1944 aut
939 1879 1107 1962 graviusr

103 1982 209 2068 premi
224 1980 439 2065 videbantur,
464 2003 502 2047 eo
519 1982 619 2066 signa
635 1981 751 2047 inferri
768 1980 896 2048 Caesar
912 1984 1085 2068 aciemque

103 2086 267 2151 constitui
289 2085 444 2170 iubebat3
468 2107 554 2173 quae
577 2108 632 2151 res
655 2095 688 2151 et
710 2086 824 2151 hostes
848 2086 893 2151 ad
909 2088 1085 2172 insequen-

104 2188 183 2254 dum
206 2190 368 2257 tardabat
398 2199 431 2256 et
459 2200 593 2256 nostros
624 2211 683 2276 spe
706 2188 827 2256 auxilii
851 2187 1085 2254 confirmabat·

103 2292 257 2358 Tandem
273 2291 435 2359 Germani
452 2293 495 2360 ab
512 2293 633 2359 dextro
657 2291 764 2358 latere
786 2314 951 2358 summum
972 2292 1108 2374 iugums
1164 2352 1167 2357 .

103 2397 223 2463 nancti
250 2396 364 2463 hostes
395 2394 469 2463 loco
493 2396 684 2484 depellunt3
716 2397 886 2480 fugientes
913 2393 1088 2481 usquead

103 2500 237 2584 flumen,
266 2499 324 2566 ubi
346 2501 609 2585 Vercingetorix
632 2521 707 2565 cum
735 2497 950 2586 pedestribus
981 2499 1087 2584 copiis

104 2603 319 2688 consederat,
338 2613 585 2691 persequuntur
600 2602 853 2690 compluresque
870 2601 1087 2668 interficiunt.

105 2709 183 2790 Qua
198 2730 236 2774 re
248 2707 488 2773 animadversa
500 2707 632 2794 reliqui,
648 2729 691 2772 ue
704 2707 971 2791 circumirentur,
987 2707 1110 2772 veritis

104 2833 142 2878 se
164 2810 267 2895 fugae
288 2812 463 2878 mandant.
489 2812 653 2878 Omnibus
677 2811 761 2879 locis
784 2813 823 2877 fit
846 2811 979 2878 caedes.
1004 2811 1110 2877 'l'resr

104 2913 309 2981 nobilissimi
325 2914 436 2981 Aedui
459 2917 552 3002 capti
576 2915 620 2981 ad
636 2913 819 2981 Caesarem
842 2915 1089 3002 perducuntur:

105 3017 224 3104 Cotus,
246 3019 438 3107 praefectus
462 3021 621 3106 equitum,
645 3020 702 3105 qui
724 3020 991 3086 controversiam
1014 3042 1090 3087 cum

107 3120 375 3189 Convictolitavi
390 3124 554 3209 proximis
570 3123 716 3188 comitiis
732 3120 908 3206 habuerat,
932 3132 965 3189 et
981 3121 1089 3189 Cava·

106 3225 216 3310 rillus,
240 3227 299 3314 qui
326 3235 405 3314 port
432 3226 658 3295 defectionem
679 3224 851 3292 Litavicci
874 3224 1090 3313 pedestribus

105 3331 215 3417 copiis
229 3328 345 3418 praesu
415 3336 422 3346 '
483 3336 491 3346 “
637 3328 737 3414 larix,
752 3352 818 3419 quo
835 3330 921 3396 duco
937 3338 1017 3397 ante
1033 3328 1091 3395 od·

101 3441 247 3503 renim
761 3435 868 3501 'nanis
895 3432 986 3499 bello
1014 3453 1092 3499 cou-
