2376 3924
140 240 203 307 265
477 237 587 288 annm
605 235 777 287 insicum

120 432 300 494 4sustinere
327 450 392 492 nou
421 435 595 512 potuerunt
628 426 754 510 levique
789 431 955 489 armatura
989 422 1123 487 deserta

143 532 224 618 pulsi
248 531 533 615 convulneratique
549 553 613 594 uno
630 531 737 614 equite
753 530 880 610 amisso,
903 526 1011 591 multis
1027 529 1123 612 equis

143 637 269 718 sauciis,
304 635 382 699 levis
406 642 590 699 armaturae
614 651 715 698 xxvu
739 634 850 697 occisis
874 631 916 696 ad
938 652 1013 695 suos
1036 629 1123 695 refu·

121 749 268 825 egerunt.
314 739 388 820 Quo
417 737 558 802 secundo
587 739 728 822 equestri
757 736 875 822 proelio
904 735 988 799 facto
1012 735 1123 820 Scipio

143 844 245 908 laetus
267 845 300 906 in
323 851 430 905 castra
445 849 538 905 nocte
554 843 662 926 copias
677 839 816 905 reduxit.
842 839 939 921 Quod
954 841 1125 925 proprium

143 946 299 1032 gaudium
332 944 526 1009 bellantibus
559 945 689 1008 fortuna
711 944 854 1008 tribuere
877 965 941 1007 non
964 941 1123 1007 decrevit.

122 1052 292 1133 eNamque
322 1055 449 1131 postero
478 1046 530 1111 die
553 1045 674 1111 Caesar
703 1068 776 1110 cum
805 1055 931 1132 partem
958 1048 1124 1130 equitatus

144 1155 193 1217 sui
216 1152 346 1237 Leptim
369 1152 516 1232 misisset,
550 1152 583 1214 in
606 1152 719 1214 itinere
754 1150 963 1235 praedatores
996 1151 1125 1234 equites

144 1255 302 1320 Numidas
326 1254 545 1339 Gaetulosque
569 1276 612 1318 ex
633 1256 805 1339 improviso
829 1253 933 1318 adorti
958 1255 1125 1318 circiterc

144 1360 261 1444 partim
285 1356 481 1440 occiderunt,
505 1359 623 1443 partim
644 1359 793 1422 vivorum
816 1359 907 1442 potiti
930 1365 1012 1421 sunt.
1044 1355 1125 1421 Cae·

123 1481 198 1526 rsar
220 1463 348 1525 interim
382 1461 497 1525 cotidie
531 1460 672 1545 legiones
708 1462 742 1525 in
775 1482 925 1545 campum
959 1459 1125 1525 deducere

145 1577 242 1652 atque
265 1588 344 1651 opus
366 1565 474 1630 facere
496 1565 681 1650 vallumque
703 1573 735 1629 et
757 1565 876 1630 fossam
899 1587 958 1651 per
978 1564 1126 1629 medium

146 1692 296 1755 campum
318 1669 437 1733 ducere
460 1668 785 1754 adversariorumque
801 1667 1046 1733 excursionibus
1061 1669 1127 1732 iter

124 1774 276 1838 soffioere
293 1795 359 1838 non
374 1776 563 1838 intermittit.
588 1775 694 1859 Scipio
710 1775 787 1837 item
802 1774 994 1836 munitiones
1010 1781 1126 1836 contra

145 1878 253 1941 facere
281 1885 322 1957 et,
356 1899 397 1940 ne
423 1879 499 1962 iugo
522 1901 541 1941 a
565 1876 704 1942 Caesare
737 1877 975 1959 excluderetur,
1009 1898 1126 1961 appro-

147 2001 271 2065 perare.
315 1978 367 2043 Ita
395 1979 493 2043 duces
522 1982 649 2064 utrique
673 1989 705 2043 et
734 1983 767 2044 in
796 1979 946 2065 operibus
975 1981 1126 2064 occupati

147 2104 227 2164 esse,
251 2091 284 2146 et
306 2081 404 2145 nihilo
437 2084 543 2146 minus
578 2083 781 2167 equestribus
815 2082 943 2169 proeliis
976 2085 1061 2146 inter
1090 2103 1126 2146 se

147 2185 263 2251 cotidie
286 2184 491 2251 dimicabant.

233 2289 284 2352 62.
307 2289 441 2353 Interim
464 2291 572 2355 Varus
595 2291 738 2374 classem,
769 2313 868 2377 quam
889 2300 986 2356 antea
1007 2291 1127 2357 Uticae

147 2393 261 2457 hiemis
284 2394 389 2477 gratia
418 2392 630 2477 subduxerat,
665 2397 793 2479 cognito
825 2394 960 2480 legionis
989 2410 1062 2460 xm.
1094 2403 1128 2459 et

147 2513 233 2562 Xull.
264 2518 307 2560 ex
341 2495 448 2561 Sicilia
482 2495 626 2561 adventu
663 2497 808 2561 celeriter
846 2496 978 2562 deducit
1014 2494 1126 2581 ibique

148 2598 295 2665 Gaetulis
317 2597 493 2683 remigibus
510 2599 710 2685 epibatisque
727 2599 865 2685 complet
886 2598 1127 2684 insidiandique

148 2705 254 2788 gratia
276 2724 466 2788 progressus
488 2702 707 2767 Adrumetum
730 2725 804 2768 cum
827 2708 873 2767 Lv'
894 2700 1033 2767 navibus
1056 2725 1127 2788 per-

127 2807 245 2869 2venit.
270 2804 368 2870 Cuius
384 2805 543 2870 adventus
559 2808 676 2871 inscius
693 2805 813 2871 Caesar
828 2808 968 2872 Lucium
982 2804 1128 2892 Cispium

150 2930 224 2971 cum
257 2908 357 2972 classe
390 2926 492 2975 xxvll
526 2913 659 2974 navium
692 2910 734 2975 ad
762 2911 930 2995 Thapsum
951 2930 1066 2975 versus
1094 2911 1128 2974 in

150 3013 319 3074 stationem
364 3013 515 3099 praesidii
553 3016 659 3099 gratia
696 3022 892 3079 commeatus
930 3015 978 3078 sui
1018 3015 1127 3097 mittit,

150 3116 291 3198 itemque
320 3114 476 3195 Quintum
500 3114 652 3200 Aquilam
681 3139 754 3181 cum
772 3133 839 3182 xm
857 3116 995 3181 navibus
1023 3115 1129 3201 longis

129 3215 367 3282 ³Adrumetum
391 3217 505 3281 eadem
528 3219 568 3282 de
592 3242 690 3284 causa
711 3222 896 3305 praemittit.
920 3217 1048 3304 Cispius
1063 3239 1129 3304 quo

151 3331 221 3386 erat
243 3323 359 3385 missus
392 3320 539 3386 celeriter
572 3328 736 3408 pervenit,
782 3321 903 3408 Aquila
935 3330 1130 3408 tempestate

150 3427 288 3490 iactatus
321 3428 573 3510 promontorium
607 3449 763 3512 superare
795 3448 861 3491 non
894 3428 997 3512 potuit
1030 3435 1130 3512 atquc

152 3528 307 3614 angulum
330 3529 494 3613 quendam
521 3538 626 3595 tutum
648 3552 668 3593 a
690 3538 882 3616 tempestate
909 3538 1024 3596 nactus
1054 3552 1131 3597 cum
