2376 3924
357 212 406 261 AD
425 210 530 261 BELL.
550 213 654 262 Atax.
677 214 784 264 14-19.
1024 214 1061 264 LI

80 418 142 450 cum
160 398 227 466 flexi
246 399 284 451 od
303 398 433 452 uirtutem
452 415 466 452 e
485 403 568 450 terito
587 397 770 451 inuititudine
788 401 927 461 scribitur,
952 401 995 451 bic
1014 403 1061 451 ab·

81 487 182 536 latirus
209 503 263 537 non
290 486 404 549 habeat,
433 501 549 551 quocum
574 490 752 535 construatur.
783 492 926 550 sequentes
946 489 1061 538 editores

80 571 160 625 electi
177 579 332 637 posuerunt.

185 728 207 761 c.
227 711 267 772 17,
286 713 315 760 2:
331 708 468 776 perfectis
488 710 561 762 euim
579 726 683 779 irropnu
702 726 736 763 en
751 715 837 778 purte
855 710 1061 764 stertitionibus

81 799 112 850 r'u
131 796 235 865 oppido
260 811 298 848 en
317 795 369 847 illu
386 796 482 848 urbem
499 811 556 848 urio
576 801 697 863 tenrpore
716 796 850 864 temptari
870 812 954 865 posse
978 798 1062 864 confi-

81 882 190 953 crebuit]
211 883 288 933 codd.
307 885 333 934 et
352 880 402 933 illo
421 881 452 933 in
470 882 566 934 urbem
584 883 700 946 habent;
719 883 858 948 vulgatam
871 884 1017 935 lectionem
1036 888 1062 936 et

80 970 160 1022 illem
179 974 205 1022 et
230 966 325 1020 urbem
352 968 507 1033 Nipperdey
534 969 592 1018 iure
620 969 786 1033 repudiavit3
815 970 886 1035 quod
912 987 976 1020 vero
1003 972 1062 1036 ipse

82 1058 203 1121 scripsit,
227 1054 312 1106 etiarn
330 1053 382 1106 illa
400 1053 495 1106 urbere
514 1070 546 1104 ex
565 1057 742 1120 grammatica
761 1058 866 1107 ratione
888 1058 997 1122 probari
1015 1074 1062 1108 ne-

81 1142 148 1207 quit.
167 1143 259 1205 itaque
278 1155 317 1192 ee
335 1139 386 1191 illo
407 1141 452 1204 (sc.
471 1138 576 1201 insula)
596 1142 684 1205 posui.
703 1170 736 1179 -
755 1145 778 1205 ς.
794 1144 824 1192 4:
843 1157 876 1195 ac
890 1141 1003 1212 primo]
1022 1145 1062 1194 sic

83 1228 147 1277 libri
165 1232 272 1293 praeter
291 1226 343 1290 ab,
364 1227 410 1291 qui
425 1225 552 1293 primum
570 1226 680 1292 habent,
699 1229 772 1293 quod
784 1229 939 1296 Nipperdey
952 1233 1062 1296 recepit.

79 1314 127 1364 sed
155 1311 280 1380 primum
312 1318 423 1377 propter
452 1327 568 1377 sequens
599 1311 734 1378 impetum
763 1314 870 1365 librarii
903 1317 987 1366 errori
1016 1316 1062 1366 rel

84 1400 207 1465 magistri
225 1399 376 1449 industriae
395 1398 489 1448 deberi
507 1398 623 1448 videtur.
647 1399 720 1448 idem
739 1402 825 1450 sensit
841 1401 988 1452 Vielhaber
1006 1402 1025 1453 l.
1045 1403 1062 1452 l.

82 1503 107 1550 p.
127 1485 185 1546 556,
205 1485 285 1534 nil.
305 1513 337 1523 -
355 1484 379 1550 ξ.
398 1486 428 1535 6:
447 1483 600 1550 dispulsis
620 1485 912 1552 custodinportus
930 1486 1062 1539 relicte

82 1570 181 1635 reliqui
204 1584 288 1622 riores
312 1569 351 1623 nd
370 1569 456 1622 litore
475 1574 500 1622 et
519 1570 609 1622 uicum
628 1569 814 1637 seriptienruut
832 1587 913 1638 seque
931 1587 965 1624 err
981 1572 1063 1625 riuni-

82 1657 134 1709 bns
153 1656 193 1708 oet
212 1655 318 1708 tueurln
337 1655 468 1722 aedificio
489 1654 646 1725 eieceruntl]
675 1656 777 1723 reliqui
800 1653 912 1720 in'serui,
932 1664 962 1707 ut
979 1660 1064 1709 verba

84 1742 270 1810 rrprilicorunt
283 1771 315 1782 —
334 1743 475 1796 eiecerunt
499 1744 652 1794 subiectum
669 1743 790 1793 habeant
808 1745 882 1808 iique
900 1744 1063 1810 intellegan-

83 1837 133 1892 tur,
153 1846 219 1896 quos
237 1823 355 1895 ‘scaphis
373 1831 543 1896 naribusque
563 1830 652 1895 longis
671 1831 812 1896 angustias
831 1830 885 1879 loci
898 1831 980 1880 tuitos
994 1829 1062 1881 esse’

83 1916 162 1967 modo
182 1922 320 1966 narratum
340 1921 388 1968 est
419 1922 513 1966 contra
533 1917 708 1981 scripturam,
736 1931 817 1981 quam
841 1917 869 1965 in
892 1917 983 1981 priore
1008 1917 1063 1966 edi-

81 2005 155 2054 tione
175 2021 235 2054 cum
254 2004 417 2069 Nipperdeio
437 2021 470 2054 ex
486 2005 584 2055 Iurinii
603 2005 759 2054 coniectura
778 2019 946 2068 receperam:
971 2007 1063 2055 custo-

84 2087 149 2141 eline
164 2094 268 2157 portua
286 2088 392 2157 relicti,
411 2092 471 2140 iure
489 2091 595 2140 monuit
612 2089 768 2151 Vielhaber,
791 2106 845 2140 non
865 2089 998 2155 intellegi,
1017 2091 1064 2155 qui

84 2174 126 2222 illi
145 2170 238 2228 relicti
255 2175 363 2229 fuerint.

187 2329 210 2364 c.
231 2315 270 2375 19,
289 2314 319 2364 2:
347 2311 551 2365 citeriorem
578 2311 658 2365 illum
683 2313 731 2378 (sc.
750 2315 869 2377 pontem)
891 2310 1063 2379 propiorem-

83 2412 135 2463 que
154 2396 260 2464 oppido
278 2397 472 2452 Alexandrini
491 2398 671 2468 luctantum]
701 2399 778 2449 codd.
806 2398 895 2452 abet
919 2397 1064 2450 certiorem

84 2484 198 2548 habent,
218 2485 290 2551 quod
308 2487 336 2535 in
354 2487 444 2551 priore
463 2486 581 2536 editione
600 2502 660 2535 cum
673 2484 837 2550 Nipperdeio
857 2487 909 2534 etsi
926 2485 1063 2535 haesitans

84 2572 183 2636 recepi.
218 2586 314 2636 parum
333 2573 405 2621 enim
424 2576 516 2635 aptum
535 2587 608 2633 esse,
637 2587 698 2620 cum
724 2583 797 2637 porra
825 2569 928 2622 certior
956 2570 1063 2632 dicitur,

85 2672 138 2706 nou
158 2662 198 2706 est
217 2657 289 2722 quod
307 2672 440 2707 moneam.
471 2658 624 2721 superiores
643 2655 760 2706 editores
778 2655 938 2720 plerumque
963 2653 1064 2720 fortio-

83 2757 142 2794 rem
160 2745 307 2808 scripsere,
335 2743 406 2808 quod
425 2742 464 2796 hl
483 2749 510 2792 et
529 2742 676 2792 deteriores
694 2741 759 2791 libri
777 2742 887 2791 habent.
917 2742 1065 2792 Vielhaber

85 2826 221 2880 artiorem
237 2829 379 2893 proposuit
395 2828 478 2893 idque
497 2829 594 2878 Dinter
612 2829 724 2893 recepit.
743 2829 886 2893 quominus
904 2826 1065 2880 ulteriorem

85 2915 245 2980 scribamus,
271 2920 302 2963 ut
320 2913 352 2964 0.
372 2913 542 2964 Schambach
560 2914 647 2964 suasit
668 2916 741 2975 (ann.
760 2913 827 2978 phil.
846 2912 950 2978 CXXV,
968 2931 994 2979 p.
1013 2917 1064 2964 222

84 3017 111 3050 n.
130 3001 182 3065 10),
201 3001 333 3050 librorum
352 3005 425 3051 certe
443 3001 566 3066 vestigiis
584 3001 760 3051 deterremur.
782 3000 916 3051 facillima
933 3008 1006 3052 certe
1024 3006 1066 3050 est

85 3086 239 3137 emendatio
255 3085 305 3136 illa
316 3086 351 3135 ab
364 3087 396 3135 R.
411 3085 549 3152 Stephano
567 3087 714 3152 proposita,
734 3101 815 3152 quam
834 3102 906 3136 nunc
924 3087 1065 3154 amplexus

84 3186 145 3220 sum
168 3176 195 3222 et
220 3186 299 3237 quam
318 3171 430 3237 Madvig
453 3187 559 3238 quoque
583 3172 796 3234 commendavit,
823 3171 988 3225 citeriorem.
1019 3174 1065 3237 qui

85 3257 229 3320 mirantur,
257 3255 413 3309 citeriorem
435 3257 515 3308 illum
537 3264 647 3324 pontem
672 3259 741 3322 dici,
770 3260 816 3323 qui
838 3261 928 3324 potius
946 3256 1065 3310 ulterior

85 3342 216 3392 dicendus
239 3342 334 3404 fuerit,
361 3359 416 3392 non
438 3346 590 3408 respexisse
609 3344 751 3407 videntur,
780 3361 833 3394 non
852 3345 931 3394 modo
948 3344 1065 3394 Alexan-

84 3428 170 3479 drinis
188 3444 282 3479 verum
302 3430 382 3479 etiam
402 3429 589 3496 Caesarianis,
616 3447 730 3498 quorum
754 3432 840 3481 maior
858 3445 920 3496 pars
939 3430 1065 3480 munitio·

877 3529 911 3580 dil
