2376 3924
258 226 307 274 AD
326 226 424 278 CAES.
442 227 546 277 BELL.
568 227 636 277 CIV.
654 229 703 290 ΙΙΙ,
723 231 859 282 93-112.
947 231 1048 280 XLVII

69 416 185 480 margini
202 415 368 480 adscriptum
386 416 469 466 fuisse
487 421 572 481 putat,
590 423 622 467 ut
639 433 742 483 aequus
761 418 816 468 fers
830 421 940 469 navium
953 435 1047 469 nume-

68 517 115 551 rus
137 490 250 550 alterius
273 502 369 551 classis
393 501 605 567 significaretur,
634 503 731 553 deinde
753 519 818 554 vero
842 504 910 554 falso
934 504 995 555 loco
1019 505 1046 554 in

67 591 171 636 textum
190 602 250 635 esse
268 592 416 652 receptum.

171 686 193 720 c.
213 671 272 730 104,
294 674 320 720 1:
349 670 381 722 in
396 670 618 740 procuratione]
646 673 717 722 hanc
739 674 879 738 vulgatam
902 675 1048 727 lectionem

68 761 180 806 tuentur
197 755 213 809 f
227 761 255 807 et
272 756 372 822 reliqui
385 757 463 807 codd.
477 759 597 823 exceptis
616 757 696 821 abo,
716 761 764 823 qui
779 758 926 812 onratione
938 761 1049 812 habent.

68 843 121 893 hoc
139 844 301 908 Nipperdey,
320 843 597 906 Kraner-Hofmann‚
616 845 715 896 Dinter
732 853 902 911 receperunt

173 931 328 991 c.105‚b:
352 928 452 996 patna
470 945 524 997 per
549 945 595 983 eos
619 930 679 984 dies
706 931 847 984 intacta
871 931 946 984 inter
968 946 1049 1001 coap-

68 1019 163 1066 nenta
190 1014 319 1081 lapidans
346 1030 380 1068 en
404 1015 567 1082 parimento
593 1015 738 1070 exstitisse
764 1017 988 1088 ostendebatur]
1018 1019 1049 1071 in

69 1103 153 1165 10010,
182 1101 252 1166 quod
275 1103 304 1150 in
328 1101 468 1151 codicibus
492 1108 580 1151 exstat
604 1103 669 1153 ferri
691 1105 818 1168 nequire,
846 1110 919 1157 recte
946 1105 1050 1154 monuit

68 1186 238 1250 Nipperdey;
265 1188 354 1235 minus
372 1203 438 1237 vero
458 1188 567 1252 probari
589 1193 694 1253 potest,
721 1190 793 1253 quod
816 1190 884 1240 haec
902 1191 986 1241 verba
1004 1191 1049 1241 ad-

69 1271 171 1336 scripta
194 1288 253 1321 esse
276 1273 383 1336 putavit
406 1288 423 1321 a
446 1274 588 1338 magistro,
617 1275 664 1337 qui
683 1275 767 1324 Hirtii
789 1274 880 1325 locum
903 1277 1050 1341 respiceret

69 1358 95 1406 b.
113 1357 156 1408 Al.
177 1361 200 1421 1,
218 1359 248 1406 3:
276 1362 403 1424 10010000
421 1363 490 1410 sant
507 1358 610 1411 radere
629 1364 681 1412 ant
701 1359 881 1426 postmontis.
911 1363 1050 1427 ineptissi-

69 1459 142 1492 mum
161 1445 232 1493 enim
252 1444 331 1494 nobis
348 1444 451 1509 fingere
469 1445 594 1494 iubemur
609 1447 775 1511 magistrum,
795 1449 882 1511 quiin
896 1463 924 1496 re
938 1449 1048 1498 minime

70 1530 153 1579 dubia
171 1530 255 1579 Hirtii
273 1536 363 1580 tamen
383 1531 474 1580 verbis
493 1531 623 1597 deceptus
645 1530 839 1598 paoimentnns
859 1533 954 1598 templi
972 1534 1049 1584 Tral-

68 1615 136 1665 liani
154 1617 183 1665 in
202 1619 272 1667 tecto
291 1621 445 1680 quaereret,
474 1621 501 1666 et
523 1617 595 1681 quod
614 1616 796 1666 Alexandriae
821 1616 934 1684 pbana
958 1618 1049 1668 aedifi·

69 1703 172 1751 ciorum
195 1707 268 1752 tecta
291 1703 388 1752 rudere
413 1707 461 1752 aut
484 1704 648 1767 pavimentis
673 1708 764 1752 essent
788 1708 939 1767 constrata,
967 1706 1049 1754 etiam

68 1789 225 1854 fastigatum
244 1793 361 1848 tectum,
389 1787 469 1852 quale
488 1787 561 1837 haud
581 1788 662 1838 dubie
681 1788 776 1853 templi
794 1789 869 1838 illius
888 1805 948 1839 esse
968 1790 1048 1840 debe·

69 1876 129 1936 bat,
158 1875 283 1924 similiter
308 1878 475 1923 constratum
493 1873 577 1923 fuisse
596 1879 711 1939 putaret.
742 1876 847 1940 itaque,
875 1875 941 1925 licet
958 1892 1049 1927 recen·

68 1963 151 2011 tiores
179 1961 295 2011 editores
324 1977 384 2010 cum
410 1961 574 2026 Nipperdeio
597 1962 683 2011 verba
709 1959 740 2012 in
768 1965 838 2014 10010
866 1968 896 2012 01
922 1962 1050 2013 additicia

68 2046 242 2106 incluserint,
270 2047 386 2095 retinere
410 2045 496 2095 malui
521 2045 736 2096 emendationem
761 2047 790 2095 in
813 2049 902 2112 priore
930 2048 1049 2099 editione

69 2133 236 2196 propositam
262 2131 383 2183 intacta.
413 2133 442 2179 in
465 2131 518 2180 hac
542 2133 613 2181 enim
638 2147 682 2195 re,
710 2132 782 2195 quod
809 2131 949 2184 intacta
975 2131 1050 2185 inter

69 2221 233 2284 0009010010
256 2215 386 2283 lapidans
409 2215 501 2280 palma
520 2217 726 2282 experimento
751 2219 896 2279 exstiterit,
923 2219 965 2268 vis
989 2235 1049 2283 pro-

70 2303 137 2368 digii
157 2303 293 2352 cernenda
312 2309 360 2351 est.

173 2407 196 2440 0.
216 2391 274 2451 112,
294 2391 324 2438 2:
352 2393 474 2456 anpnsto
498 2387 600 2441 itinere
622 2393 656 2441 01
675 2393 762 2455 ponte
781 2405 843 2440 0000
862 2387 967 2455 oppido
986 2402 1050 2440 con·

69 2474 219 2544 innpitnrfl
233 2480 265 2527 et
277 2476 362 2536 codd,
375 2479 414 2527 01
426 2476 600 2525 scribendum
613 2490 672 2525 esse
685 2480 757 2524 recte
770 2476 875 2524 monuit
886 2474 921 2522 H.
933 2474 1051 2526 Schiller

69 2561 170 2614 Philol.
188 2567 207 2610 t.
226 2563 267 2622 42,
285 2578 311 2626 p.
332 2563 390 2611 773.
408 2589 443 2599 —
461 2561 484 2627 ξ.
503 2562 533 2609 3:
557 2575 621 2627 qno
644 2559 703 2613 nbi
724 2575 947 2626 0000000000
964 2575 1050 2612 nares

69 2646 265 2714 inprndnitia
284 2650 337 2698 ont
356 2650 518 2713 tenpestate
537 2645 659 2714 pantani
678 2660 730 2698 sno
748 2661 836 2699 cnrsn
855 2644 1050 2714 dccessernntfl

70 2749 130 2783 cum
150 2738 277 2797 corrupta
295 2733 357 2794 sint,
376 2748 446 2797 quae
465 2733 572 2782 codices
596 2731 725 2782 exhibent
742 2729 825 2800 (qnae
837 2731 886 2798 qni
903 2733 948 2782 vel
967 2747 1050 2798 qnae·

69 2833 121 2884 qne
147 2817 249 2885 nbiqne
274 2833 360 2870 riores
388 2819 485 2881 nihl,
525 2834 596 2885 qnae
622 2822 776 2885 00000000
799 2818 842 2885 b),
870 2835 921 2868 nec
943 2819 1052 2884 placeat

70 2906 203 2976 scriptura
222 2907 255 2955 ab
275 2905 440 2971 Nipperdeio
464 2907 614 2971 proposita,
642 2907 676 2956 ab
701 2907 878 2972 sequentibus
902 2905 1050 2957 editoribus

70 2998 180 3056 recepta
207 3007 330 3058 quaeqae
353 2991 394 3043 ibi
412 3007 527 3058 000000
549 3006 650 3060 croces,
677 2994 775 3059 scripsi
798 2998 828 3042 ut
854 2995 883 3041 in
911 2994 1050 3059 superiore

70 3077 190 3127 editione
218 3091 271 3143 qno
298 3076 348 3129 nbi
371 3093 565 3144 qnaecnnqne.
592 3107 627 3118 -
653 3081 678 3141 ξ.
696 3079 726 3128 8:
749 3078 924 3146 praemunit.
951 3077 988 3130 in
1015 3092 1051 3130 eo

71 3166 167 3215 tracta
186 3162 286 3229 oppidi
300 3177 373 3230 pars
392 3168 455 3215 erut
471 3156 565 3231 sepiae
583 3162 705 3233 001000]
731 3166 770 3215 sic
788 3166 842 3215 iam
861 3165 966 3230 scripsi,
989 3179 1050 3213 cum

66 3248 296 3315 praemunitineo
323 3250 433 3314 propius
461 3255 534 3300 certe
560 3250 595 3299 ad
622 3251 753 3301 librorum
781 3252 942 3317 scripturam
965 3263 1050 3316 prae·

69 3334 248 3388 1000111000
274 3335 323 3400 (sic
342 3351 374 3398 a,
398 3335 580 3402 praemuniri
596 3351 647 3389 nec
668 3337 700 3400 b,
727 3336 832 3390 mnniti
849 3351 899 3388 nec
917 3336 942 3398 f,
965 3350 1051 3402 prae·

69 3419 163 3473 inanit
188 3437 238 3474 nec
268 3422 375 3487 reliqui)
407 3423 536 3485 accedat,
567 3438 648 3487 quam
678 3423 750 3489 quod
780 3422 937 3488 Nipperdey
967 3422 1051 3472 edidit

16 3502 20 3509 '
65 3507 353 3573 praernnniitbaeo,
381 3509 426 3558 vel
445 3508 516 3574 quod
534 3514 597 3559 ante
619 3524 682 3560 eum
699 3508 806 3559 Faerno
826 3513 935 3558 auctore
954 3508 1050 3574 vulga·
