2376 3924
394 220 443 269 AD
461 221 565 270 BELL.
585 220 676 272 HISP·
696 222 789 270 8-16.
967 221 1080 270 LXXIX

100 410 227 459 lacunam
250 413 311 473 post
334 406 441 460 deiecta
465 406 688 472 Oudendorpius,
716 407 829 458 alteram
857 408 915 470 §.5
939 415 1001 473 post
1019 423 1082 461 eort-

101 494 207 548 sereati
225 494 382 558 Nipperdey
400 495 506 544 notavit

202 621 226 664 e.
249 615 288 673 14,
310 619 338 664 1:
364 612 440 666 Eius
468 613 522 663 diei
546 612 703 679 praeterito
731 613 869 683 tempore]
898 618 989 681 recepi
1014 617 1084 668 hane

101 701 246 751 leetionem
270 716 287 750 a
310 700 476 766 Nipperdeio
499 717 523 765 p.
544 703 576 750 32
600 702 774 766 propositam.
807 701 884 751 eodd.
913 701 974 754 eius
997 719 1083 770 prae·

102 784 181 838 teriti
205 785 339 853 temporis
367 787 483 848 habent,
511 786 580 836 haee
603 787 717 837 Diibner
741 789 865 850 retinuit,
893 788 1081 840 hellenismum

100 874 135 922 ab
155 880 265 922 auctore
285 873 330 922 bie
349 878 486 937 captatum
506 888 565 922 esse
588 875 738 938 suspicans.
769 875 851 939 vulgo
875 888 904 926 eo
924 874 1081 942 praeterito

101 966 229 1027 tempore.
254 958 291 1007 '-.
319 963 343 1022 ξ.
361 964 391 1009 4;
420 958 469 1025 qai
486 974 549 1027 euni
567 957 661 1025 aliquo
681 958 738 1011 loeo
757 975 776 1011 o
793 960 900 1012 nostris
919 961 1023 1027 recepti
1040 977 1082 1014 es·

99 1050 174 1113 sent,
191 1049 209 1111 †
226 1050 260 1098 ut
278 1049 465 1112 consuessent,
487 1061 521 1098 ex
539 1044 627 1097 simili
645 1045 750 1098 virtute
768 1045 887 1098 elamore
906 1046 983 1112 facto
1003 1063 1081 1100 aver·

101 1131 159 1184 sati
181 1136 250 1184 sont
269 1129 409 1198 proelium
433 1127 553 1199 faeere]
581 1147 689 1181 erucem
709 1132 818 1198 quidem
839 1149 899 1182 eum
918 1133 1082 1199 Nipperdeio

100 1219 192 1284 posui,
210 1234 264 1268 non
283 1219 355 1283 quod
375 1219 577 1268 coniunctivum
597 1222 777 1270 eoetsuessent
800 1218 912 1269 tolerari
931 1237 984 1270 non
1003 1237 1083 1285 posse

100 1311 238 1370 putarem,
266 1305 315 1356 sed
333 1306 405 1372 quod
424 1306 452 1354 in
463 1304 561 1354 'verbis
580 1319 615 1357 ex
633 1304 721 1356 simili
738 1305 844 1358 virtute
862 1322 882 1359 e.
902 1322 928 1372 q.
946 1321 968 1358 s.
989 1307 1082 1357 haere-

101 1407 165 1440 rem.
197 1392 221 1440 si
242 1407 308 1442 vero
335 1406 394 1441 eum
414 1391 578 1457 Nipperdeio
602 1391 732 1454 facimus,
760 1391 827 1442 haee
853 1409 902 1457 per
928 1394 1083 1443 irrisionem

102 1476 175 1525 dieta
193 1492 262 1537 esse,
280 1482 336 1526 tum
355 1482 440 1526 totam
459 1481 621 1527 sententiam
640 1479 785 1542 genuinam
805 1478 905 1528 habere
923 1479 998 1528 lieet.
1018 1496 1081 1528 eon-

101 1562 238 1612 iunctivus
256 1565 328 1613 enirn
349 1567 383 1616 ut
401 1566 581 1616 consuessent
603 1563 684 1628 plane
704 1564 830 1613 similiter
849 1572 1021 1631 comparatus
1041 1572 1082 1615 est

100 1656 182 1713 atque
205 1665 297 1701 omnes
321 1649 364 1699 illi
388 1650 556 1700 coniunctivi
578 1650 756 1714 potentiales,
784 1666 851 1715 quos
879 1657 974 1700 auctor
1000 1650 1080 1700 huius

101 1736 288 1784 eommentarii
309 1736 337 1785 in
363 1736 510 1786 enuntiatis
534 1735 657 1786 relativis
681 1751 724 1785 res
749 1737 860 1785 minime
879 1735 978 1786 dubias
997 1738 1080 1786 eonti-

101 1821 226 1870 nentibus
249 1822 386 1885 adhibuit,
411 1822 505 1885 eredo,
530 1837 681 1872 sermonem
700 1834 778 1872 suum
796 1827 827 1871 ut
844 1822 1002 1872 facetiorem
1021 1822 1080 1871 red-

100 1908 182 1958 deret.
200 1906 245 1976 (ef.
264 1908 339 1958 ioeos
358 1924 374 1958 a
392 1908 558 1974 Nipperdeio
577 1925 602 1973 p.
621 1907 654 1957 ‘25
673 1910 863 1972 enumeratos.)

202 2044 224 2080 e,
238 2027 279 2090 15,
293 2031 322 2078 1:
341 2025 414 2080 Fere
427 2026 507 2094 opud
519 2025 659 2080 exereitus
678 2027 745 2080 haee
763 2033 805 2080 est
823 2027 960 2093 equestris
975 2027 1080 2094 proelii

99 2113 286 2166 consuetedo:
303 2128 366 2166 eam
378 2126 458 2179 eques
477 2111 517 2164 oet
535 2111 729 2165 dimicandum
749 2112 897 2166 dimisso
916 2128 998 2179 equo
1017 2129 1080 2166 eom

94 2198 191 2266 pedite
203 2198 395 2269 oonprediteer,
413 2214 590 2266 nequaquam
601 2214 658 2266 par
670 2198 799 2251 babetur.
816 2198 849 2251 iet
869 2199 943 2266 qaod
964 2206 1081 2251 eontra

99 2285 131 2337 iet
153 2285 203 2338 boe
227 2284 334 2339 accidit
356 2281 492 2353 proelia]
523 2293 604 2334 antea
630 2285 795 2350 Nipperdeio
824 2286 969 2335 obsecutus
996 2287 1081 2335 verba

99 2370 216 2423 dimisso
234 2385 302 2438 equo
321 2370 495 2438 secluseram,
513 2370 639 2437 idemque
659 2380 803 2436 sequentes
817 2370 936 2420 editores
948 2371 1080 2434 iecerunt,

98 2473 193 2523 parum
208 2463 290 2508 reete.
308 2473 352 2508 res
370 2459 433 2523 ipsa
451 2458 523 2507 enim
542 2456 645 2518 suadet,
664 2463 694 2507 ut
712 2458 831 2522 equitem
849 2456 936 2522 pediti
954 2472 1009 2506 non
1028 2458 1081 2506 nisi

98 2550 155 2594 tum
179 2545 309 2610 imparem
333 2543 497 2605 habeamus,
525 2544 586 2593 eum
605 2543 716 2592 dimisso
736 2557 804 2606 equo
823 2541 940 2606 pedibus
958 2558 1080 2607 pugnare

98 2636 210 2681 coaetus
233 2636 282 2681 est.
312 2630 341 2678 in
365 2628 417 2679 hoe
439 2644 504 2679 vero
525 2629 630 2694 proelio
653 2627 817 2678 eontrarium
836 2627 943 2677 accidit.
974 2628 1078 2692 equites

99 2718 171 2766 enim
190 2716 363 2779 Caesariani,
392 2717 491 2781 quiex
510 2717 587 2781 equis
606 2714 815 2776 descenderant,
843 2730 904 2764 eum
923 2712 1020 2764 leviter
1038 2729 1079 2763 ar·

98 2803 177 2852 matis
200 2801 338 2868 peditibus
362 2800 399 2851 ad
421 2816 541 2866 pugnam
566 2799 645 2850 lectis
668 2803 744 2848 tanto
769 2814 898 2849 successu
915 2804 1079 2864 pugnarunt,

98 2895 128 2938 ut
146 2887 257 2938 eaedem
278 2887 401 2952 proxime
424 2901 442 2936 a
465 2886 539 2937 vallo
562 2886 697 2947 facerent,
725 2890 752 2934 et
776 2900 837 2934 eum
861 2883 1079 2934 adversariorum

98 2974 159 3040 plus
177 2989 258 3040 quam
276 2978 385 3024 eentum
405 2973 581 3034 eeeidissent,
599 2971 679 3022 multi
696 2971 834 3022 vulnerati
853 2976 960 3033 essent,
982 2970 1079 3021 Caesa-

98 3061 235 3111 rianorum
259 3067 314 3111 tres
336 3059 417 3109 modo
445 3059 613 3120 ceciderunt,
640 3059 721 3123 pauci
747 3057 884 3108 vulnerati
912 3061 983 3106 sunt.
1014 3071 1079 3122 qua-

98 3152 206 3212 propter
222 3147 308 3196 verba
330 3143 363 3198 id
381 3143 455 3212 quod
473 3143 504 3196 its
522 3143 572 3196 hoe
590 3142 696 3196 oceidit
712 3141 819 3210 proelio
843 3143 951 3192 correxi
974 3143 1078 3190 inserta

97 3249 165 3283 voee
183 3236 319 3286 eontra.

200 3369 222 3404 c.
245 3354 284 3413 16,
304 3353 332 3401 2:
360 3365 424 3404 eam
441 3348 507 3403 bene
528 3365 659 3418 mopreom
681 3352 793 3416 portent
819 3345 990 3414 temporis
1013 3359 1078 3397 eon-

97 3434 302 3506 swmpsissent]
321 3435 454 3502 temporis
468 3452 534 3490 eorr.
547 3435 711 3502 Nipperdey,
730 3435 807 3485 eodd.
826 3433 902 3486 errori
920 3434 1031 3483 habent.
1044 3461 1079 3472 -

98 3525 122 3586 §-
133 3523 163 3574 8:
181 3539 248 3576 riom
260 3521 334 3590 qaod
350 3519 533 3575 existimabat
550 3535 596 3574 eoe
611 3535 696 3588 posse
713 3524 845 3573 coriatam
863 3518 979 3584 efficere,
998 3522 1078 3572 noete
