2376 3924
384 251 494 300 mene
512 250 562 313 111,
582 249 658 300 ose.
678 251 788 301 ss-sr.
1010 251 1069 315 117

88 440 209 513 ,adesse
225 462 330 527 neque
346 463 380 504 se
396 441 601 528 praesidium,
617 441 673 505 ubi
689 442 878 506 constitutus
895 449 989 523 esset,
1005 442 1073 516 sine

95 543 214 608 auxilio
230 545 387 631 Scipionis
408 553 520 610 tenere
535 567 637 631 posse.
663 543 790 626 Quibus
805 543 918 608 litteris
933 546 1097 630 acceptisr
1128 559 1133 568 “

95 647 262 712 consilium
277 649 383 734 Scipio
398 651 524 734 iterque
541 658 729 731 commutat3
754 645 900 712 Cassium
916 650 1006 732 sequi
1022 648 1074 712 de-

95 753 187 834 sistit,
211 753 356 816 Favonio
378 752 534 817 auxilium
556 753 642 817 ferre
665 751 838 816 contendit.
884 752 999 836 ltaque
1023 751 1097 821 dies

96 878 136 919 ac
157 863 250 919 nocte
274 857 458 920 continuato
486 857 601 920 itinere
628 855 671 920 ad
705 877 779 919 eum
812 857 974 941 pervenit,
1009 866 1076 920 tam

97 968 276 1044 opportuno
305 967 467 1046 tempore,
508 968 545 1024 ut
577 958 671 1023 simul
704 960 880 1023 Domitiani
915 961 1077 1024 exercitus
1154 944 1156 951 ¹

97 1061 201 1147 pulvis
233 1072 435 1145 cerneretur,
471 1071 504 1126 et
536 1064 631 1147 primi
663 1070 886 1126 antecursores
920 1062 1078 1148 Scipionis

96 1164 293 1230 viderentur.
338 1167 389 1230 Ita
419 1165 530 1230 Cassio
562 1165 720 1254 industria
749 1166 899 1248 Domitii,
933 1167 1077 1230 Favonio

97 1269 253 1352 Scipionis
276 1268 423 1332 celeritas
445 1267 581 1333 salutem
603 1267 717 1332 attulit.

183 1373 233 1436 37.
273 1372 379 1458 Scipio
408 1371 543 1437 biduum
572 1373 686 1436 castris
714 1374 838 1436 stativis
866 1383 1009 1438 moratus
1036 1373 1079 1438 ad

96 1473 232 1557 flumen,
268 1475 355 1560 quod
384 1477 468 1540 inter
498 1496 573 1540 eum
601 1484 633 1540 et
654 1476 788 1541 Domitii
818 1485 925 1540 castra
946 1476 1077 1554 fluebat,

98 1575 330 1661 Aliacmonem
364 1580 459 1644 tertio
483 1579 535 1643 die
562 1580 667 1667 primo
693 1579 763 1643 luce
793 1582 971 1643 exercitum
993 1580 1078 1646 vado

98 1678 239 1745 traducit
269 1691 301 1746 et
328 1684 441 1747 castris
470 1684 580 1769 positis
613 1691 741 1770 postero
763 1682 816 1747 die
846 1706 940 1747 mane
971 1686 1078 1770 copias

99 1792 174 1846 ante
196 1784 336 1849 frontem
358 1796 538 1852 castrorum
559 1788 696 1851 instruit.
734 1787 896 1852 Domitius
919 1798 988 1852 tum
1003 1805 1100 1872 quo-²

99 1908 162 1970 que
195 1888 255 1953 sibi
285 1888 501 1958 dubitandum
532 1913 598 1955 non
627 1892 769 1976 putavit,
804 1893 882 1975 quin
915 1891 1079 1977 productis

98 1988 277 2074 legionibus
305 1993 425 2079 proelio
448 1994 639 2060 decertaret.
685 1993 751 2061 Sed
781 2017 854 2060 cum
883 2004 968 2060 esset
996 1998 1080 2060 inter

100 2093 177 2161 bina
214 2107 320 2162 castra
353 2120 487 2185 campus
521 2101 648 2163 circiter
687 2097 810 2163 milium
846 2120 1000 2185 passuum
1034 2118 1079 2182 vl,

99 2201 261 2264 Domitius
284 2203 398 2267 castris
414 2202 571 2287 Scipionis
594 2203 697 2266 aciem
724 2223 817 2266 suam
844 2200 995 2285 subiecit3
1029 2200 1080 2281 ille

100 2330 120 2369 a
142 2305 225 2370 vallo
248 2327 313 2369 non
336 2304 502 2369 discedere
525 2307 754 2391 perseveravit.
784 2304 830 2368 At
851 2314 960 2369 tamen
983 2323 1101 2390 aegre-u

99 2411 232 2474 retentis
254 2409 448 2474 Domitianis
469 2408 623 2475 militibus
652 2410 859 2492 estfactum,
891 2431 931 2473 ne
960 2408 1079 2495 proelio

101 2511 366 2595 contenderetur,
401 2522 435 2576 et
462 2515 619 2595 maxime,
654 2512 740 2598 quod
773 2514 863 2576 rivus
897 2511 1081 2576 difficilibus

100 2617 178 2701 ripis
201 2613 364 2680 subiectus
380 2617 493 2680 castris
508 2615 666 2701 Scipionis
688 2635 878 2701 progressus
899 2625 1081 2679 nostrorum

100 2719 306 2805 impediebat.
324 2721 472 2805 Quorum
479 2718 622 2784 studium
636 2718 901 2804 alacritatemque
913 2720 1103 2804 pugnandis

103 2846 177 2888 cum
200 2823 404 2908 cognovisset
426 2823 550 2908 Scipio,
580 2823 761 2908 suspicatus
782 2822 867 2905 lore,
896 2831 932 2887 ut
954 2834 1081 2909 postero

101 2927 153 2992 die
183 2935 239 2991 aut
266 2928 385 2991 invitus
414 2926 568 2991 dimicare
590 2935 760 3010 cogeretur
788 2935 845 2991 aut
866 2949 985 3012 magna
1008 2950 1082 2992 cum

100 3031 233 3095 infamia
255 3030 370 3094 castris
400 3051 435 3093 se
457 3030 651 3112 contineret,
685 3032 740 3115 qui
768 3053 888 3115 magna
916 3040 1080 3118 exspecta-

100 3137 186 3197 tione
195 3135 345 3216 venisset‚
361 3142 483 3198 temere
495 3153 684 3219 progressus
696 3147 825 3220 turpem
836 3133 950 3199 habuit
958 3137 1081 3199 exitum

102 3249 134 3303 et
156 3248 253 3304 noctu
276 3260 317 3301 ne
340 3236 546 3303 conclamatis
562 3236 693 3323 quidem
714 3241 801 3302 vasis
823 3238 944 3303 flumen
966 3240 1082 3302 transit

102 3353 200 3428 atque
214 3344 248 3406 in
264 3341 403 3406 eandem
417 3350 553 3427 partem,
569 3362 612 3405 ex
627 3362 692 3427 qua
706 3350 851 3423 venerat,
875 3340 959 3405 redit
973 3341 1082 3425 ibique

102 3467 203 3532 prope
216 3445 338 3512 flumen
354 3444 439 3510 edito
462 3453 580 3510 nonna
601 3443 670 3510 loco
692 3454 799 3510 castro
822 3445 935 3530 posuit.
966 3444 1104 3519 Paucis⁵

103 3548 217 3616 diebus
238 3550 435 3637 interpositis
457 3556 556 3615 noctu
582 3548 715 3614 insidias
738 3549 883 3633 equitum
905 3547 1080 3630 collocavit,
