2376 3924
340 247 528 312 nmnnvn,
546 248 625 301 car.
643 251 754 300 rr-rs.
971 249 1032 314 221

55 438 223 525 compulsi
238 459 280 503 ac
297 437 398 502 simili
414 439 529 524 inopia
550 437 684 502 subacti
700 459 815 503 eorum
826 437 1034 523 corporibus,

56 545 114 629 qui
138 552 254 607 aetate
278 541 324 606 ad
339 540 464 606 bellum
479 540 617 606 inutiles
632 540 847 624 videbantur,
863 542 970 606 vitam
983 551 1035 607 to·

54 647 253 712 leraverunt
274 667 383 730 neque
405 667 442 708 se
456 644 610 710 hostibus
626 644 850 710 tradiderunt.
866 643 970 711 Ouius
986 648 1036 712 rei
1045 665 1070 704 1³

57 752 88 816 si
104 749 294 835 exemplum
306 769 376 813 non
390 747 601 830 haberemus,
617 758 731 813 tamen
743 746 914 814 libertatis
930 771 1035 815 causa

56 853 192 918 institui
216 860 249 917 et
271 852 415 936 posteris
438 850 536 936 prodi
558 849 818 936 pulcherrimum
840 852 1036 919 iudicarem.

55 957 144 1022 Nam
168 955 250 1040 quid
272 953 323 1019 illi
347 953 457 1019 simile
479 952 569 1020 bello
585 954 672 1019 fuit?
686 955 904 1041 Depopulata
919 954 1071 1022 Galliau

56 1058 188 1125 Cimbri
210 1079 401 1143 magnaque
422 1056 521 1124 illata
544 1057 741 1124 calamitate
762 1059 886 1125 finibus
902 1060 1036 1146 quidem

56 1164 185 1230 nostris
215 1162 400 1250 aliquando
428 1171 648 1228 excesserunt
678 1172 780 1248 atque
810 1164 898 1229 alias
925 1173 1035 1230 terras

56 1269 246 1355 petierunt,
268 1268 354 1349 iura,
378 1266 483 1350 leges,
498 1287 612 1350 agros,
634 1265 830 1333 libertatem
844 1267 943 1334 nobis
958 1267 1036 1333 reli-

57 1379 214 1458 querunt.
237 1370 380 1435 Romani
402 1391 483 1435 vero
507 1369 588 1456 quid
610 1379 729 1456 petunt
757 1370 852 1437 aliud
874 1382 933 1438 aut
955 1371 1036 1457 quid
1048 1405 1071 1443 15

58 1474 190 1558 volunt,
206 1475 273 1539 uisi
296 1474 428 1539 invidia
450 1473 604 1557 adducti,
627 1496 710 1560 quos
725 1475 817 1540 sama
831 1474 963 1541 nobiles
977 1497 1037 1562 po·

58 1588 238 1665 tentesque
260 1577 351 1643 bello
373 1588 617 1662 cognoverunt,
638 1578 757 1644 borum
780 1581 815 1643 in
837 1580 931 1663 agris
954 1580 1036 1644 civi·

56 1683 255 1767 tatibusque
277 1681 456 1748 considere
477 1691 580 1768 atque
601 1680 655 1747 his
671 1692 845 1748 aeternam
861 1684 1038 1768 iniungere

58 1785 282 1853 servitutem?
303 1785 420 1870 Neque
436 1787 527 1850 enim
549 1784 620 1850 ulla
643 1785 713 1850 alia
729 1785 930 1851 condicione
945 1785 1037 1852 bella

57 1897 248 1975 gesserunt.
261 1887 361 1970 Quod
376 1890 406 1953 si
421 1911 472 1973 ea,
489 1910 575 1974 quae
590 1890 625 1953 in
636 1888 831 1974 longinquis
843 1889 1038 1956 nationibus
1048 1921 1073 1960 ro

56 2002 231 2079 geruntur,
239 1993 416 2076 ignoratis,
424 1994 584 2079 respicite
591 1992 770 2081 finitimam
783 1992 943 2079 Galliam,
952 2017 1039 2081 quae

56 2100 92 2164 in
116 2097 329 2182 provinciam
350 2095 491 2161 redacta
514 2097 587 2161 iure
610 2105 643 2161 et
665 2095 799 2180 legibus
823 2098 1038 2163 commutatis

56 2199 235 2269 securibus
260 2198 414 2268 subiecta
438 2209 601 2286 perpetua
623 2202 787 2285 premitur
810 2201 993 2267 servitute!

146 2305 198 2369 78.
215 2302 402 2369 Sententiis
415 2303 518 2369 dictis
530 2304 753 2388 constituunt,
768 2314 807 2369 ut
823 2305 857 2388 ii,
874 2307 930 2390 qui
946 2304 1037 2370 vale-

56 2410 177 2477 tudine
200 2417 260 2474 aut
284 2417 398 2474 aetate
420 2407 561 2473 inutiles
586 2417 663 2473 sunt
678 2407 780 2493 bello,
803 2409 924 2494 oppido
942 2431 1037 2474 exce·

57 2514 154 2595 dant,
185 2520 288 2597 atque
322 2512 434 2576 omnia
466 2513 562 2598 prius
595 2513 824 2598 experiantur,
859 2534 959 2598 quam
993 2511 1038 2576 ad

56 2616 253 2700 Critognati
267 2617 471 2682 sententiam
483 2615 711 2699 descendant3
727 2614 786 2681 illo
799 2625 912 2681 tamen
925 2617 1060 2701 potiuss

55 2719 222 2789 utendum
244 2719 399 2805 consilio,
423 2721 530 2786 sires
553 2730 656 2804 cogat
685 2729 786 2805 atque
814 2719 945 2784 auxilia
967 2741 1037 2784 mo·

55 2835 187 2910 rentur,
211 2846 311 2910 quam
333 2832 394 2890 aut
417 2823 601 2889 deditionis
626 2833 685 2888 aut
708 2825 804 2908 pacis
828 2821 1039 2889 subeundam

56 2929 301 2997 condicionem.
325 2928 515 3012 Mandubii,
531 2929 587 3016 qui
604 2949 661 2993 eos
684 2928 806 3014 oppido
829 2937 1061 3014 receperant,s

56 3058 134 3100 cum
153 3031 271 3099 liberis
288 3040 391 3118 atque
405 3030 569 3098 uxoribus
587 3032 681 3097 exire
696 3041 875 3116 eoguntur.
890 3031 948 3115 Hi,
964 3052 1063 3099 cumr

57 3137 103 3205 ad
126 3138 332 3204 munitiones
348 3137 574 3202 Romanorum
586 3137 824 3220 accessissent,
839 3136 959 3201 flentes
972 3157 1039 3201 om·

56 3243 159 3309 nibus
171 3241 329 3329 precibus
342 3240 498 3326 orabant,
514 3251 551 3307 ut
564 3263 601 3307 se
616 3242 652 3306 in
665 3243 862 3307 servitutem
883 3249 1038 3325 receptos

56 3347 134 3412 cibo
157 3347 326 3412 iuvarent.
349 3343 397 3410 At
419 3342 548 3411 Caesar
571 3344 746 3430 dispositis
763 3345 799 3409 in
814 3342 905 3408 vallo
923 3353 1063 3411 custo-⁵

57 3450 157 3518 dibus
180 3451 287 3537 recipi
309 3446 524 3535 prohibebat.
