2376 3924
395 232 506 292 arasa
522 234 546 307 1,
567 237 643 294 oss.
661 233 736 294 s-a.
1032 237 1053 304 5

75 431 348 517 proficiscantur,
375 432 559 518 Boiosque,
589 433 645 517 qui
668 441 764 496 trans
787 430 939 496 Rhenum
962 433 1053 497 inco-

75 534 210 599 luerant
223 534 303 598 etin
316 553 435 617 agrurn
442 532 602 598 Noricum
613 535 824 598 transierant
830 533 1054 619 Noreiamque

77 646 323 723 oppugnarant,
347 646 502 722 receptos
519 636 565 702 ad
584 660 620 703 se
636 639 746 703 socios
763 636 828 702 sibi
845 637 1053 701 adsciscunt.

163 739 193 816 6.
216 741 324 805 Erant
344 742 477 806 omnino
495 742 618 806 itinera
636 740 712 825 duo,
736 739 857 826 quibus
876 739 1054 805 itineribus

78 843 175 909 domo
192 845 285 908 exire
303 853 456 927 possent:
479 865 582 908 unum
597 865 656 928 per
673 841 857 928 Sequanos,
874 851 1054 925 angustum

78 956 111 1011 et
137 946 287 1030 difficile,
312 949 400 1013 inter
422 956 569 1012 montem
592 947 705 1012 Iuram
729 957 762 1012 et
783 947 904 1012 flumen
921 946 1054 1011 Rhoda·

76 1074 165 1136 num,
182 1053 241 1116 vix
258 1035 323 1136 qua
340 1049 467 1133 singuli
483 1051 572 1115 carri
591 1049 809 1134 ducerentur3
831 1072 926 1115 mons
943 1059 1054 1114 autem

79 1153 266 1219 altissimus
282 1153 509 1239 impendebat,
532 1162 569 1217 ut
585 1152 686 1218 facile
701 1155 862 1239 perpauci
877 1152 1055 1238 prohibere

76 1267 231 1342 possent:
267 1257 409 1322 alterum
431 1278 491 1341 per
518 1257 728 1341 provinciam
755 1265 923 1338 nostram,
951 1256 1078 1321 multos

77 1361 213 1426 facilius
230 1369 331 1445 atque
348 1359 552 1445 expeditius,
568 1367 747 1445 propterea
764 1359 853 1444 quod
870 1361 958 1425 inter
973 1360 1055 1424 fines

77 1464 311 1529 Helvetiorum
328 1461 606 1547 etAllobrogum,
624 1465 679 1548 qui
695 1485 801 1548 nuper
816 1465 932 1548 pacati
949 1471 1057 1546 erant,

78 1566 262 1632 Rhodanus
278 1567 350 1632 fluit
368 1568 463 1651 isque
478 1565 650 1631 nonnullis
674 1565 758 1631 locis
775 1565 863 1631 vado
881 1568 1057 1631 transitur.

78 1671 275 1736 Extremum
299 1669 456 1757 oppidum
480 1668 700 1753 Allobrogum
726 1679 776 1736 est
804 1673 1080 1757 proximumques

78 1773 312 1840 Helvetiorum
337 1773 460 1838 finibus
489 1769 641 1838 Genava.
686 1773 741 1838 Ex
766 1795 804 1838 eo
828 1775 950 1859 oppido
973 1795 1057 1859 pons

78 1877 124 1942 ad
147 1876 321 1942 Helvetios
344 1878 500 1962 pertinet.
545 1874 786 1960 Allobrogibus
811 1899 885 1942 sese
908 1876 962 1941 vel
985 1898 1059 1961 per·

80 2003 254 2065 suasuros,
285 1981 374 2068 quod
401 1980 551 2046 nondum
579 1979 667 2046 bono
701 1982 813 2046 animo
844 1983 877 2045 in
901 1980 1058 2067 populum

78 2085 266 2150 Romanum
289 2084 503 2168 viderentur,
532 2084 793 2169 existimabant,
822 2084 876 2149 vel
898 2087 933 2150 vi
961 2105 1058 2149 coac·

84 2201 191 2272 turos,
204 2197 241 2252 ut
257 2212 316 2275 per
333 2211 410 2254 suos
427 2189 511 2254 fines
528 2211 585 2254 eos
602 2191 649 2255 ire
665 2198 871 2276 paterentur.
896 2188 1081 2254 Omnibusr

79 2291 179 2357 rebus
196 2291 242 2357 ad
256 2293 496 2378 profectionem
515 2294 719 2378 comparatis
738 2293 825 2358 diem
843 2292 969 2374 dicunt,
993 2313 1059 2378 qua
1117 2307 1120 2313 '

82 2395 136 2459 die
149 2395 195 2461 ad
206 2398 314 2483 ripam
325 2396 481 2461 Rhodani
495 2418 610 2462 omnes
622 2397 836 2462 conveniant.
853 2397 886 2461 Is
900 2396 972 2460 dies
986 2404 1058 2461 erat

82 2519 112 2562 a.
130 2498 162 2564 d.
178 2498 220 2564 V.
236 2498 314 2564 Kal.
328 2498 409 2585 Apr.
424 2499 465 2565 L.
478 2500 610 2584 Pisone,
626 2499 667 2565 A.
687 2497 834 2565 Gabinio
850 2499 1057 2565 consulibus.

168 2601 197 2667 7.
231 2601 370 2668 Caesari
393 2624 467 2668 oum
499 2602 535 2667 id
557 2604 750 2668 nuntiatum
774 2611 881 2687 esset,
915 2624 972 2668 eos
999 2624 1060 2689 per

80 2707 291 2790 provinciam
314 2716 466 2771 nostram
490 2708 554 2771 iter
569 2707 683 2773 facere
697 2708 826 2790 conari,
849 2716 1000 2772 maturat
1015 2706 1059 2772 ab

83 2808 168 2874 urbe
190 2810 358 2896 proficisci
382 2819 414 2876 et
439 2832 538 2896 quam
564 2811 722 2877 maximis
745 2819 858 2897 potest
881 2809 1058 2875 itineribus

81 2914 114 2976 in
140 2911 289 2978 Galliam
316 2911 508 2979 ulteriorem
537 2913 712 2979 contendit
747 2922 780 2978 et
814 2911 860 2977 ad
883 2910 1058 2977 Genavam

80 3018 245 3102 pervenit.
290 3019 492 3084 Provinciae
520 3019 584 3082 toti
613 3039 712 3104 quam
740 3017 923 3082 maximum
946 3025 1081 3101 potesta

87 3119 233 3185 militum
256 3142 430 3188 numerum
452 3122 597 3207 imperat
620 3127 703 3194 (erat
727 3121 861 3184 omnino
884 3121 918 3184 in
944 3117 1058 3183 Gallia

80 3224 242 3289 ulteriore
258 3224 348 3308 legio
364 3226 455 3308 una),
478 3232 625 3310 pontem,
648 3224 704 3309 qui
721 3232 795 3288 erat
810 3221 855 3287 ad
872 3220 1058 3306 Genavam,

81 3326 175 3392 iubet
193 3326 353 3393 rescindi.
390 3326 457 3394 Ubi
483 3327 523 3392 de
548 3328 620 3393 eius
644 3324 794 3391 adventu
816 3324 964 3391 Helvetii
988 3347 1080 3391 cer-a

81 3434 186 3497 tiores
194 3432 277 3497 facti
287 3439 375 3515 sunt,
389 3431 521 3516 legatos
534 3430 579 3497 ad
592 3452 667 3496 eum
679 3431 819 3496 mittunt
830 3428 1058 3494 nobilissimos

83 3535 246 3618 civitatis,
263 3536 359 3600 cuius
376 3532 557 3620 legationis
569 3534 763 3601 Nammeius
780 3543 813 3599 et
824 3531 1057 3599 Verucloetius
