2376 3924
134 236 177 300 54
440 240 490 290 DE
507 242 628 293 BELLO
649 241 807 293 GALLICO

25 476 28 481 -
112 428 326 495 edecucurrit
343 438 376 495 et
392 430 437 496 ad
452 429 620 516 legionem
633 432 798 499 decimam
815 433 960 500 devenit.
984 433 1113 499 Milites

132 553 199 597 non
228 532 381 617 longiore
410 537 563 601 oratione
585 535 798 620 cohortatus,
828 559 928 624 quam
956 540 1006 602 uti
1030 559 1113 604 suae

132 637 297 722 pristinae
319 638 457 704 virtutis
479 641 672 706 memoriam
694 641 879 707 retinerent
895 664 961 707 neu
983 652 1112 727 pertur-

132 738 293 806 barentur
316 743 427 807 animo
443 742 654 829 hostiumque
677 745 835 830 impetum
856 745 989 809 fortiter
1013 746 1111 810 susti-

111 852 261 926 anerent,
280 843 369 931 quod
384 868 451 910 non
467 844 600 930 longius
620 845 735 911 hostes
755 847 908 930 aberant,
931 869 1112 935 quamquo

134 944 236 1013 telum
248 948 342 1030 adigi
353 957 477 1032 posset,
490 949 848 1034 proeliioommittendi
862 953 995 1035 signum
1009 951 1112 1017 dedit.

111 1053 244 1141 sAtque
274 1055 308 1117 in
337 1051 480 1118 alteram
507 1061 638 1138 partem
668 1054 749 1119 item
777 1053 978 1120 cohortandi
1005 1077 1112 1120 causa

111 1156 301 1242 sprolectus
316 1156 547 1242 pugnantibus
564 1158 722 1223 occurrit.
744 1156 918 1244 Temporis
935 1166 1033 1223 tanta
1048 1159 1112 1222 fuit

134 1261 305 1351 exiguitas
328 1259 540 1347 hostiumque
562 1269 634 1326 tam
655 1270 796 1346 paratus
816 1261 861 1327 ad
885 1261 1112 1328 dimicandum

133 1365 275 1447 animus,
299 1372 425 1429 utnon
448 1363 546 1429 modo
571 1363 615 1430 ad
639 1365 787 1448 insignia
810 1363 1111 1447 accommodanda,

49 1489 55 1498 ·
135 1468 194 1533 sed
217 1469 319 1533 etiam
335 1466 379 1532 ad
395 1467 512 1550 galeas
532 1467 720 1533 induendas
738 1471 911 1555 scutisque
925 1469 1113 1553 tegimenta

111 1570 345 1638 sdetrudenda
361 1580 491 1656 tempus
509 1570 662 1636 defuerit.
681 1572 790 1654 Quam
803 1574 943 1660 quisque
956 1573 1000 1638 ab
1014 1595 1112 1659 opere

48 1716 51 1723 ·
134 1677 168 1740 in
190 1685 322 1761 partem
345 1697 428 1739 casu
451 1675 586 1739 devenit
610 1697 760 1763 quaeque
783 1678 891 1762 prima
914 1679 1013 1762 signa
1037 1700 1114 1744 con-

134 1781 256 1865 spexit,
280 1777 425 1844 adhaec
441 1779 608 1862 constitit,
630 1801 673 1844 ne
689 1780 724 1844 in
741 1780 943 1866 quaerendis
968 1782 1037 1846 suis
1053 1804 1113 1867 pu·

134 1883 262 1967 gnandi
285 1893 417 1969 tempus
443 1882 638 1948 dimitteret.

219 1986 270 2049 22.
293 1987 463 2051 Instructo
477 1986 640 2070 exercitu,
655 1989 765 2071 magis
782 1995 819 2052 ut
834 1985 901 2051 looi
916 1997 1040 2054 natura
1058 1988 1113 2054 de·

134 2094 307 2176 iectusque
323 2088 419 2154 collis
437 2099 470 2155 et
486 2091 673 2156 necessitas
694 2091 864 2175 temporis,
889 2112 989 2176 quam
1011 2101 1048 2156 ut
1064 2094 1115 2158 rei

133 2194 290 2261 militaris
307 2193 395 2257 ratio
412 2202 514 2278 atque
530 2194 611 2258 ordo
627 2193 834 2280 postulabat,
858 2217 944 2278 oum,
969 2194 1112 2261 diversis

132 2295 334 2383 legionibus,
358 2295 447 2361 aliae
471 2294 539 2362 alia
562 2299 597 2362 in
613 2307 710 2383 parte
725 2295 879 2363 hostibus
901 2300 1112 2382 resisterent,

135 2402 359 2490 saepibusque
383 2400 609 2483 densissimis,
632 2410 669 2465 ut
693 2410 773 2466 ante
797 2401 1113 2488 demonstravimus,

134 2507 322 2577 interiectis
339 2514 537 2590 prospectus
550 2505 778 2591 impediretur,
800 2529 909 2594 neque
925 2515 1018 2571 certa
1035 2506 1113 2571 sub·

135 2614 222 2681 sidia
244 2607 405 2675 collocari
435 2630 560 2694 neque,
590 2608 671 2694 quid
698 2610 731 2674 in
756 2631 887 2696 quaque
909 2618 1007 2695 parte
1031 2631 1113 2695 opus

134 2725 234 2798 esset,
257 2711 427 2799 provideri
443 2733 551 2797 neque
567 2710 610 2776 ab
626 2733 692 2777 uno
716 2715 827 2778 omnia
844 2714 984 2799 imperia
1007 2712 1113 2778 admi·

111 2818 274 2887 anistrari
296 2823 462 2902 poterant.
485 2816 606 2901 Itaque
628 2816 663 2880 in
685 2824 783 2880 tanta
805 2839 917 2882 rerum
932 2817 1112 2903 iniquitate

133 2924 290 2988 fortunae
313 2940 443 3005 quoque
467 2927 608 2985 eventus
631 2920 719 2985 varii
743 2920 980 3007 sequebantur.

219 3023 270 3088 23.
293 3023 456 3107 Legionis
479 3043 588 3088 nonae
612 3031 645 3087 et
670 3023 820 3089 decimae
843 3021 986 3105 milites,
1015 3031 1052 3088 ut
1076 3023 1110 3086 in

134 3129 273 3195 sinistra
288 3134 386 3212 parte
402 3126 476 3191 acie
497 3127 738 3209 constiterant,
762 3127 840 3213 pilis
857 3129 989 3193 emissis
1011 3147 1113 3193 cursu

133 3254 173 3297 ac
195 3229 399 3296 lassitudine
422 3230 634 3295 exanimatos
657 3230 918 3318 vulneribusque
940 3232 1112 3298 confectos

134 3334 314 3400 Atrebates
340 3335 433 3416 (nam
447 3332 500 3398 his
524 3354 564 3397 ea
578 3354 659 3419 pars
676 3333 874 3416 obvenerat)
898 3334 1054 3400 celeriter
1069 3357 1113 3401 ex

133 3438 206 3503 looo
238 3438 409 3524 superiore
437 3435 616 3503 indumen
642 3437 876 3523 compulerunt
903 3448 937 3504 et
966 3438 1113 3504 mensim

133 3551 297 3606 conantes
310 3541 412 3607 insse
490 3536 499 3542 “
534 3536 906 3627 ‘''1msgnampartem
922 3560 1037 3607 eorum
1052 3541 1112 3607 im·
