2376 3924
453 210 529 262 cnr.
548 211 657 262 11-14.
979 212 1053 277 179

63 403 95 465 in
119 399 249 464 occultis
272 402 382 486 regiae
403 398 590 482 navalibus,
614 398 731 486 quibus
753 399 861 465 multis
884 403 977 466 annis
1000 402 1042 467 ad

63 502 284 588 navigandum
316 525 381 568 non
414 513 507 568 erant
539 504 604 569 usi:
643 503 703 568 has
735 503 940 588 reficiebant,
974 504 1043 571 illas

64 607 300 672 Alexandriam
328 607 535 673 revocabant.
580 607 729 671 Deerant
762 609 857 671 remi:
891 612 1065 695 porticus‚s

64 713 249 795 gymnasia,
280 711 409 798 publica
438 711 585 776 aedificia
614 710 825 796 detegebant3
850 733 975 777 asseres
997 735 1044 781 re·

64 836 190 879 morum
223 837 317 880 usum
347 815 552 881 obtinebant:
586 814 673 879 aliud
706 814 861 880 naturalis
895 814 1043 900 sollertia,

65 917 152 982 aliud
188 918 278 984 urbis
316 921 408 1005 copia
445 917 720 984 subministrabat.
777 919 943 984 Postremo
980 941 1066 988 nona

64 1019 196 1106 longam
224 1025 466 1107 navigationem
493 1022 663 1109 parabant,
687 1023 745 1089 sed
768 1025 946 1109 praesentis
968 1032 1045 1089 tem·

64 1127 150 1211 poris
179 1129 361 1191 necessitati
392 1125 577 1191 serviebant
605 1135 637 1190 et
664 1129 697 1190 in
724 1129 794 1214 ipso
823 1135 918 1213 portu
941 1127 1047 1192 confli·

64 1230 208 1314 gendum
229 1230 394 1296 videbant.
439 1231 554 1316 Itaque
578 1233 688 1317 paucis
711 1230 825 1296 diebus
848 1240 961 1296 contra
983 1253 1070 1297 oms

64 1337 154 1398 nium
182 1336 364 1421 opinionem
392 1333 614 1419 quadriremes
633 1352 724 1418 xxn,
748 1337 996 1421 quinqueremes
1025 1353 1047 1398 v

66 1438 289 1522 confecerunt3
324 1437 367 1503 ad
394 1438 454 1503 has
482 1440 622 1502 minores
651 1448 844 1525 apertasque
868 1438 1048 1524 complures

66 1540 255 1606 adiecerunt
298 1549 330 1606 et
366 1543 400 1605 in
436 1550 532 1627 portu
568 1541 739 1629 periclitati
776 1545 927 1628 remigio,
971 1540 1049 1627 quid

67 1666 215 1729 quaeque
245 1666 358 1710 earum
386 1645 516 1710 efficere
545 1655 666 1731 posset,
696 1645 828 1711 idoneos
850 1645 966 1711 milites
994 1648 1049 1709 im·

67 1758 243 1834 posuerunt
258 1770 357 1834 seque
373 1748 415 1814 ad
427 1749 667 1834 confligendum
682 1749 830 1815 omnibus
844 1749 942 1815 rebus
958 1770 1049 1835 para·

66 1861 192 1919 verunt.
238 1851 359 1918 Caesar
386 1852 530 1918 Rhodias
557 1876 658 1919 naves
681 1858 762 1910 V1111
785 1853 930 1919 habebat
958 1850 1072 1939 (namt

67 1959 180 2024 decem
202 1960 307 2024 missis
328 1980 395 2022 una
416 1961 450 2024 in
465 1980 562 2025 cursu
576 1959 668 2025 litore
681 1958 845 2046 Aegyptio
861 1953 1050 2046 defecerat),

67 2064 217 2128 Ponticas
240 2081 314 2147 vm,
337 2063 458 2149 Lycias
480 2081 524 2147 v,-
537 2085 580 2128 ex
602 2062 683 2128 Asia
705 2082 766 2128 ΧΗ.
810 2063 865 2128 Ex
886 2063 936 2128 his
959 2069 1052 2128 erant

68 2168 316 2251 quinqueremes
339 2175 371 2230 et
394 2166 616 2252 quadriremes
638 2185 672 2250 x,
695 2166 838 2252 reliquae
860 2167 945 2231 infra
967 2165 1052 2230 hanc

67 2268 324 2353 magnitudinem
347 2277 380 2332 et
401 2269 574 2355 pleraeque
597 2278 738 2356 apertae.
784 2271 910 2334 Tamen
932 2271 1074 2333 virtutes

68 2374 205 2439 militum
227 2373 367 2438 confisus
390 2375 525 2458 cognitis
548 2374 688 2440 hostium
716 2375 814 2459 copiis
837 2395 871 2436 se
895 2372 937 2437 ad
960 2370 1055 2435 dimi-

68 2477 208 2543 candum
229 2475 376 2563 parabat.

158 2581 207 2646 14.
241 2582 419 2667 Postquam
442 2590 638 2647 sorentum
667 2590 730 2663 est,
765 2587 801 2645 ut
829 2578 890 2644 sibi
916 2587 1054 2664 uterque

70 2685 264 2768 confideret,
299 2683 421 2750 Caesar
443 2685 575 2750 Pharon
603 2684 696 2750 classi
725 2681 978 2748 circumvehitur
1000 2682 1054 2746 ad.

69 2810 248 2874 versasque
270 2810 372 2853 naves
394 2787 540 2854 hostibus
563 2788 743 2853 constituit:
766 2788 799 2850 in
815 2784 932 2850 dextro
955 2807 1056 2850 cornu

70 2891 214 2956 Rhodias
248 2891 397 2975 collocat,
440 2893 473 2956 in
507 2891 636 2956 sinistro
668 2891 833 2955 Ponticas
874 2888 964 2955 Inter
996 2889 1056 2955 has

71 2998 212 3082 spatium
236 3011 320 3060 ccco
342 3016 497 3082 passuum
518 2994 687 3080 relinquit,
711 2992 798 3080 quod
821 2995 898 3059 satis
921 3014 991 3058 esse
1014 2991 1057 3057 ad

72 3099 283 3185 explicandas
316 3121 417 3165 naves
450 3098 633 3165 videbatur.
680 3098 759 3164 Post
791 3096 878 3163 hunc
912 3096 1078 3163 ordinema

71 3204 213 3290 reliquas
247 3225 349 3269 naves
382 3202 526 3270 subsidio
560 3201 739 3281 distribuit3
778 3222 862 3287 quae
896 3222 1059 3288 quamque

72 3330 185 3373 earum
213 3317 369 3394 sequatur
397 3317 430 3373 et
457 3309 509 3372 cui
543 3306 730 3389 subveniat,
765 3307 928 3370 constituit
960 3314 1058 3391 atque

72 3416 220 3499 imperat.
264 3413 338 3478 Non
366 3411 553 3478 dubitanter
580 3409 796 3477 Alexandrini
825 3407 961 3474 classem
988 3429 1080 3493 pros

76 3515 200 3581 ducunt
234 3524 333 3602 atque
366 3516 543 3583 instruunt:
579 3518 612 3581 in
645 3515 751 3580 fronte
784 3512 940 3579 collocant
973 3529 1059 3583 xxn.

848 3615 906 3666 sa*
