2376 3924
431 204 542 258 trusa
559 206 624 272 1111,
643 207 720 258 oar.
737 208 849 259 av-ao.
1065 209 1107 273 99

131 400 220 465 sario
237 398 382 466 adversa
397 409 498 467 nocte
513 403 548 465 in
564 401 670 466 altum
684 410 864 487 provectae
881 403 1108 466 continentem

128 504 310 589 petierunt.

216 604 268 670 29.
291 606 421 674 Eadem
442 618 543 673 nocte
566 608 704 693 accidit,
727 617 765 674 ut
788 617 877 674 esset
893 608 974 674 luna
996 609 1107 695 plena,

128 712 186 795 qui
204 708 277 775 dies
292 712 480 776 maritimos
504 720 618 777 aestus
641 713 808 778 maximos
825 714 859 777 in
877 712 1014 779 Oceano
1039 715 1108 779 effi·

128 836 206 879 cere
228 817 416 899 consuevit,
437 817 630 903 nostrisque
653 815 689 881 id
712 825 785 881 erat
809 818 1026 900 incognitum.
1055 819 1131 884 Itur

129 940 197 983 uno
221 928 370 1006 tempore
394 929 427 986 et
448 919 570 1005 longas
592 943 708 1004 naves,
732 918 852 1008 quibus
869 918 998 985 Caesar
1014 943 1108 985 exer-

129 1024 235 1088 citum
249 1023 549 1112 transportandum
566 1033 745 1089 curaverat
762 1046 911 1111 quasque
927 1026 961 1089 in
977 1025 1109 1090 aridum

129 1125 351 1210 subduxerat,
374 1135 490 1193 aestus
505 1126 744 1212 compleverat,
766 1135 798 1191 et
815 1128 1000 1211 onerarias,
1023 1149 1109 1214 quae

131 1228 177 1294 ad
199 1251 344 1296 ancoras
367 1239 463 1295 erant
488 1230 670 1315 deligatae,
700 1238 884 1315 tempestas
908 1228 1108 1313 afflictabat,

129 1356 239 1421 neque
261 1334 332 1400 ulla
355 1336 481 1399 nostris
504 1334 651 1399 facultas
681 1343 739 1399 aut
763 1333 1026 1401 administrandi
1050 1346 1108 1402 aut

130 1437 321 1507 auxiliandi
331 1437 487 1504 dabatur.
504 1436 738 1524 Compluribus
746 1437 891 1504 navibus
900 1440 1019 1505 fractis
1032 1440 1130 1505 reli÷s

130 1567 219 1631 quae
237 1565 313 1608 cum
328 1550 441 1608 essent
459 1541 605 1627 funibus,
629 1544 763 1608 ancoris
778 1542 984 1628 reliquisque
1000 1566 1108 1609 arma-

129 1649 254 1713 mentis
278 1647 412 1712 amissis
429 1645 474 1712 ad
489 1644 720 1730 navigandum
743 1647 891 1730 inutiles,
915 1668 1048 1732 magna,
1072 1648 1108 1713 id

130 1750 223 1838 quod
237 1771 376 1816 necesse
392 1757 466 1814 erat
483 1747 648 1827 accidere,
672 1748 776 1813 totius
794 1752 962 1815 exercitus
979 1760 1107 1837 pertur-

129 1854 225 1920 batio
245 1854 339 1919 facta
361 1862 423 1918 est.
457 1852 573 1937 Neque
588 1854 676 1917 enim
689 1874 793 1918 naves
808 1862 905 1918 erant
921 1853 1019 1936 aliae,
1037 1858 1130 1940 qui-r

129 1958 195 2024 bus
218 1958 385 2045 reportari
408 1965 557 2043 possent,
586 1964 619 2020 et
643 1958 754 2021 omnia
779 1957 929 2039 deerant,
954 1980 1040 2043 quae
1063 1958 1108 2023 ad

129 2061 332 2127 reficiendas
347 2081 454 2126 naves
471 2068 568 2125 erant
583 2060 669 2143 usui,
693 2069 736 2143 et,
753 2061 841 2145 quod
860 2059 1013 2126 omnibus
1030 2084 1107 2126 oon-

131 2163 248 2230 stabat
263 2163 405 2231 hiemari
421 2166 456 2229 in
473 2161 588 2229 Gallia
605 2173 769 2250 oportere,
785 2163 989 2231 frumentum
1004 2166 1055 2229 his
1073 2168 1107 2230 in

130 2268 216 2334 locis
239 2269 275 2333 iu
296 2267 438 2333 hiemem
459 2268 631 2354 provisum
652 2289 720 2332 non
743 2277 826 2333 erat.

217 2368 269 2435 30.
292 2369 423 2453 Quibus
439 2369 540 2436 rebus
557 2372 703 2454 cognitis
715 2372 884 2457 principes
897 2373 1107 2455 Britanniae,

130 2477 189 2562 qui
211 2484 288 2562 post
308 2474 472 2561 proelium
494 2475 539 2539 ad
555 2473 735 2540 Caesarem
759 2484 997 2559 convenerant,
1021 2478 1109 2541 inter

131 2602 168 2644 se
196 2576 373 2662 collocuti,
403 2601 480 2644 cum
503 2580 631 2667 equites
661 2588 693 2644 et
722 2602 828 2645 navos
852 2590 885 2645 et
908 2580 1108 2645 frumentum

130 2683 292 2748 Romanis
306 2682 425 2749 deesse
448 2681 685 2768 intellegerent
697 2691 731 2748 et
742 2685 950 2770 paucitatem
965 2684 1108 2749 militum

131 2808 175 2851 ex
187 2794 376 2852 castrorum
388 2788 577 2871 exiguitate
583 2797 837 2870 cognoscerent,
850 2788 1004 2872 quaehoc
1012 2800 1109 2854 erant

130 2891 236 2955 etiam
257 2892 473 2975 angustiora,
501 2891 590 2976 quod
615 2892 686 2955 sine
710 2891 958 2976 impedimentis
981 2891 1110 2958 Caesar

130 2995 283 3078 legiones
299 3001 602 3079 transportaverat,
628 2995 788 3079 optimum
803 2993 898 3060 factu
914 3017 988 3059 esse
1005 2995 1130 3060 duxea

129 3106 222 3182 runt,
233 3095 417 3163 rebellione
428 3096 523 3161 iacta
533 3096 700 3161 frumento
708 3107 961 3183 commeatuque
973 3107 1107 3163 nostros

129 3198 311 3287 prohibere
333 3208 368 3265 et
390 3222 461 3265 rem
483 3203 518 3266 in
541 3200 684 3265 hiemem
707 3200 907 3286 producere,
938 3202 1027 3288 quod
1055 3202 1106 3267 his

109 3328 113 3337 ·
131 3304 300 3391 superatis
316 3311 375 3370 au't
386 3302 498 3369 reditu
510 3303 702 3369 interclusis
716 3306 880 3370 neminem
893 3316 1010 3391 postea
1027 3304 1108 3371 belli

129 3406 300 3473 inferendi
322 3428 428 3473 causa
443 3410 476 3473 in
493 3408 707 3473 Britanniam
724 3393 946 3474 transiturum
961 3408 1107 3475 confide-

129 3509 227 3577 bant.
245 3508 371 3597 -Itaque
385 3532 503 3579 rursus
518 3513 753 3577 coniuratione
768 3512 861 3577 facta
884 3511 1048 3599 paulatim
1064 3538 1129 3583 exa

930 3616 966 3670 Ὶῖι
