2376 3924
412 240 522 292 mssa
538 241 560 302 1,
581 239 658 293 car.
675 240 786 298 ar-aa.
1046 241 1088 306 23

111 430 253 517 superbe
277 440 311 495 et
332 429 515 496 crudeliter
530 432 704 519 imperare,
729 431 864 498 obsides
885 432 1088 498 nobilissimi

110 537 271 621 cuiusque
294 533 418 600 liberos
442 556 580 621 poscere
603 543 637 601 et
658 539 693 602 in
716 558 772 602 eos
797 537 910 602 omnia
932 535 1088 621 exempla

109 640 345 725 cruciatusque
369 638 485 723 edere,
514 639 541 705 si
565 663 630 727 qua
654 665 708 707 res
731 663 798 706 non
821 640 866 705 ad
888 649 1005 706 nutum
1028 649 1088 705 aut

109 743 155 808 ad
178 742 385 808 voluntatem
402 744 471 809 eius
488 745 580 810 facta
603 748 656 810 sit.
680 746 858 811 Hominem
874 744 1122 811 essebarba·1s
1141 756 1147 836 J

108 869 197 927 rum,
222 845 436 930 iracundum,
459 851 692 933 temerarium
719 871 786 914 non
809 870 909 935 posse
932 849 1003 913 eius
1027 850 1085 913 im·

107 950 202 1034 peria
232 949 357 1016 diutius
389 954 558 1018 sustineri.
603 954 677 1018 Nisi
707 955 736 1017 si
766 952 846 1039 quid
874 954 909 1016 in
938 950 1086 1017 Caesare
1098 977 1122 1015 rs

109 1051 295 1138 populoque
309 1055 460 1120 Romano
478 1056 522 1120 sit
545 1056 676 1140 auxilii,
694 1055 847 1122 omnibus
864 1053 974 1120 Gallis
998 1054 1087 1120 idem

107 1179 182 1222 esse
213 1156 421 1241 faciendum,
451 1158 540 1244 quod
562 1158 709 1225 Helvetii
739 1159 899 1240 fecerint,
928 1167 965 1222 ut
989 1158 1085 1223 domo

110 1263 286 1346 emigrent,
311 1262 402 1327 aliud
427 1262 630 1347 domicilum,
654 1264 740 1328 alias
765 1263 872 1347 sedes,
896 1270 1041 1328 remotas
1065 1284 1085 1325 a

106 1364 296 1448 Germanis,
311 1375 428 1450 petant
440 1367 683 1453 fortunamque,
698 1389 927 1454 quaecumque
940 1363 1084 1447 aecidat,

105 1470 336 1555 experiantur.
360 1471 455 1535 Haec
472 1474 501 1535 si
518 1473 695 1536 enuntiata
718 1472 892 1536 Ariovisto
916 1471 995 1550 sint,
1017 1490 1119 1533 nonas

106 1571 273 1654 dubitare,
290 1575 370 1658 quin
388 1573 429 1639 de
446 1574 599 1639 omnibus
619 1573 804 1656 obsidibus,
828 1574 884 1660 qui
903 1572 994 1657 apud
1010 1594 1084 1636 eum

105 1679 185 1760 sint,
201 1679 439 1762 gravissimum
456 1679 655 1766 supplicium
672 1689 791 1745 sumat.
824 1676 1006 1742 Caesarem
1029 1676 1082 1742 vel
1093 1698 1118 1739 rs

103 1783 310 1848 auctoritate
329 1805 389 1847 sua
406 1791 507 1870 atque
524 1785 694 1849 exercitus
718 1782 771 1847 vel
789 1783 916 1847 recenti
939 1781 1083 1847 victoria

102 1885 158 1951 vel
174 1888 308 1951 nomine
324 1886 437 1973 populi
449 1888 591 1952 Romani
609 1885 777 1952 deterrere
792 1907 901 1971 posse,
918 1907 961 1948 ne
976 1885 1083 1948 maior

103 1986 1081 2069 multitudoGermanorumRhenumtradueatur,Galliam-

102 2113 167 2178 que
184 2114 312 2158 0mnem
329 2092 371 2158 ab
387 2094 552 2159 Ariovisti
577 2094 701 2157 iniuria
716 2113 816 2178 posse
833 2089 1023 2155 defendere.

189 2195 241 2261 32.
272 2196 347 2261 Hac
371 2198 523 2262 oratione
546 2195 590 2262 ab
613 2195 786 2260 Divitiaoo
815 2192 932 2258 habita
956 2214 1104 2275 omnes,

101 2300 330 2386 qui'aderant,
353 2321 475 2384 magno
491 2300 570 2365 fletu
587 2299 750 2365 auxilium
768 2320 788 2362 a
803 2296 951 2363 Caesare
967 2305 1080 2382 petere

101 2411 294 2490 coeperunt.
329 2404 579 2470 Animadvertit
602 2402 731 2469 Caesar
752 2424 837 2466 unos
861 2425 904 2466 ex
927 2400 1102 2466 omnibusr

100 2508 275 2594 Sequanos
303 2508 386 2574 nihil
416 2531 530 2575 earum
558 2531 668 2574 rerum
697 2508 827 2590 faeere,
861 2526 944 2591 quas
973 2508 1098 2571 ceteri

100 2613 261 2695 facerent,
287 2613 347 2679 sed
362 2614 478 2679 tristes
501 2615 614 2698 capite
638 2612 783 2677 demisso
805 2621 930 2676 terram
945 2612 1079 2676 intueri.

100 2714 183 2782 Eius
200 2718 248 2782 rei
265 2739 351 2804 quae
367 2739 471 2783 causa
490 2727 589 2799 esset,
606 2719 747 2782 miratus
765 2738 808 2781 ex
824 2717 905 2801 ipsis
923 2717 1101 2800 quaesiits

99 2819 192 2887 Nihil
216 2819 362 2906 Sequani
389 2820 608 2907 respondere,
637 2820 697 2886 sed
726 2822 759 2885 in
789 2819 907 2885 eadem
938 2820 1079 2884 tristitia

99 2926 199 2991 taciti
215 2947 419 3010 permanere.
448 2923 532 2990 Cum
548 2924 591 2991 ab
607 2925 659 2990 his
677 2927 811 3010 saepius
828 2932 1005 3010 quaereret
1021 2939 1102 2989 ned

100 3052 164 3116 que
192 3028 295 3094 ullam
320 3028 453 3094 omnino
482 3050 599 3093 vocem
623 3029 807 3114 exprimere
831 3036 960 3115 posset,
990 3027 1078 3093 idam

99 3134 293 3199 Divitiaeus
310 3131 448 3198 Aeduus
471 3132 662 3217 respondit:
686 3133 747 3197 hoe
775 3155 849 3198 esse
871 3132 1099 3197 miseriorem.

99 3245 132 3302 et
156 3238 347 3320 graviorem
369 3235 539 3301 fortunam
556 3234 785 3323 Sequanorum
809 3258 907 3323 quam
934 3234 1077 3320 reliquo·

98 3363 188 3423 rum,
219 3340 308 3427 quod
331 3339 395 3405 soli
418 3363 460 3405 ne
484 3341 518 3404 in
542 3339 672 3405 occulto
696 3340 830 3425 quidem
853 3340 946 3426 queri
970 3362 1077 3426 neque

97 3443 263 3509 auxilium
287 3443 466 3531 implorare
490 3443 653 3510 auderent
677 3443 894 3529 absentisque
911 3441 1076 3509 Ariovisti

95 3544 349 3629 crudelitatem,
377 3545 470 3612 velut
501 3549 530 3612 si
559 3568 673 3612 coram
702 3545 855 3628 adesset,
890 3544 1075 3630 horrerent,
