2376 3924
40 234 81 298 45
368 233 417 281 nn
436 232 556 283 nunno
577 231 690 282 enum

40 434 137 509 atque
160 447 203 487 ex
225 426 350 508 magnis
383 423 517 509 rupibus
549 433 664 489 noetus
693 425 864 511 planiciem
893 430 927 493 in
958 429 1025 496 hae

41 538 153 592 eontra
175 527 300 591 hostem
322 530 424 591 aeiem
439 528 576 591 instruit.
600 528 766 612 Afranius,
783 553 858 594 eum
873 530 916 596 ab
932 536 1025 618 equi·
1044 523 1049 531 ¹

40 641 110 696 tatu
132 632 341 695 novissimum
363 652 480 715 agmen
502 641 712 716 premeretur,
737 642 812 697 ante
835 655 870 698 se
893 634 1026 703 hostem

20 736 176 817 ¹svideret,
201 734 313 798 collem
336 734 499 819 quendam
521 744 635 800 nactus
657 735 703 800 ibi
718 740 868 802 constitit.
903 739 961 804 Ex
983 764 1025 806 eo

41 839 108 904 loeo
124 855 179 906 1111
196 847 392 903 cetratorum
414 838 561 902 cobortes
584 841 615 902 in
638 849 790 924 mentem,
815 843 870 926 qui
893 847 1026 910 eratin

42 952 215 1028 conspeetu
231 944 373 1006 omnium
388 941 633 1026 excelsissimus,
656 946 761 1008 mittit.
785 946 885 1010 Hune
900 968 1025 1034 magno

42 1071 138 1112 eursu
161 1049 336 1111 eoneitatos
358 1046 449 1110 iubet
471 1068 639 1132 occupare,
663 1070 701 1112 eo
717 1048 857 1132 oonsilio,
880 1052 929 1114 uti
952 1053 1025 1137 ipse

43 1151 156 1215 eodem
180 1148 327 1214 omnibus
350 1151 448 1236 eopiis
471 1151 681 1216 contenderet
703 1162 735 1216 et
757 1161 882 1217 mutate
905 1156 1025 1221 itinere

23 1256 124 1339 siugis
149 1257 343 1339 Oetegssam
365 1257 558 1340 perueniret.
603 1257 701 1320 Hune
724 1278 799 1320 eum
821 1255 952 1343 obliquo
975 1261 1025 1325 iti-

42 1382 119 1425 nere
143 1359 256 1423 cetrati
279 1367 435 1442 peterent,
460 1361 662 1445 conspicatus
685 1361 847 1444 equitatus
870 1361 1025 1429 Caesaris

42 1468 75 1529 in
108 1464 255 1528 eohortes
284 1464 438 1546 impetum
471 1463 561 1545 feeit3
600 1487 660 1528 nee
693 1467 859 1529 minimam
893 1476 1025 1551 partem

43 1571 195 1655 temporis
229 1569 373 1652 equiturn
406 1570 472 1631 vim
506 1571 620 1632 eetrati
654 1570 812 1633 sustinere
845 1579 1026 1655 potuerunt

43 1695 217 1759 omnesque
241 1670 282 1735 ab
306 1672 351 1733 eis
367 1672 577 1734 circumventi
599 1672 633 1735 in
656 1682 831 1757 conspeetu
852 1676 1025 1762 utriusque

43 1782 153 1846 exerei
154 1787 205 1841 tus
229 1781 275 1840 int
262 1776 473 1840 terfieiuntur.

131 1883 181 1946 71
206 1883 287 1945 Ean
274 1882 433 1944 toeeasie
456 1880 540 1944 bene
562 1866 706 1999 &tendas
721 1883 778 1946 rei
813 1883 927 1968 Neque
942 1906 1025 1951 vero

44 1988 77 2053 id
100 1988 273 2052 Caesarem
300 1984 461 2070 fugiebat,
489 1995 578 2049 taont
546 1956 667 2050 tosub
691 1984 789 2051 oeulis
812 1997 946 2074 aeeepte
969 1988 1024 2055 de·

45 2095 194 2157 trirnento
176 2092 424 2177 ‹wperterritum
447 2092 625 2154 exereitum
649 2092 806 2155 sustinere
829 2114 894 2156 non
917 2114 1024 2179 posse,

44 2199 233 2282 praesertim
263 2193 497 2259 circumdatum
524 2193 666 2279 undique
695 2196 857 2279 equitatu,
887 2218 963 2261 eum
989 2200 1024 2263 in

43 2303 112 2368 loeo
146 2323 249 2385 aequo
283 2309 380 2383 atque
419 2307 531 2382 aperto
565 2298 807 2383 confligeretur,
842 2298 940 2385 idque
980 2322 1025 2367 ex

23 2406 192 2472 romnibus
216 2403 362 2489 partibus
386 2401 427 2466 ab
451 2423 488 2465 ee
511 2403 730 2487 flagitabatur.
775 2402 1025 2471 Coneurrebant

44 2513 150 2595 legati,
175 2510 378 2573 centuriones
400 2504 585 2590 tribunique
608 2506 759 2571 militum:
794 2530 835 2572 ne
858 2508 1025 2575 dubitaret

45 2615 200 2701 proelium
229 2614 444 2692 committere;
475 2613 617 2674 omnium
640 2634 709 2676 esse
731 2611 868 2676 miiitum
890 2614 1024 2698 paratis·

23 2723 140 2784 ³simos
170 2719 301 2782 animos.
347 2714 543 2778 Afranianos
570 2724 682 2778 eontra
710 2714 818 2780 multis
846 2716 945 2783 rebus
973 2720 1024 2785 sui

45 2824 167 2887 timoris
196 2824 287 2905 signa
316 2822 456 2883 misisse:
491 2818 577 2903 quod
606 2821 671 2883 suis
699 2841 764 2883 nen
787 2820 1024 2907 subvenissent,

46 2924 132 3009 quod
161 2924 202 2988 de
231 2924 308 2988 eolle
341 2947 405 2987 non
435 2923 645 3006 deroderent,
680 2923 766 3008 quod
793 2927 852 2989 iix
879 2928 1025 3012 equitum

46 3033 192 3094 ineursus
216 3030 410 3091 sustinerent
434 3027 618 3111 collatisque
634 3030 666 3091 in
682 3050 783 3092 unum
803 3028 909 3095 leeum
923 3032 1025 3117 signis

24 3132 181 3199 aeonferti
203 3154 307 3217 neque
332 3131 459 3193 ordines
481 3153 586 3215 neque
610 3134 701 3216 signa
724 3143 902 3198 servarent.
926 3134 1026 3217 Quod

47 3241 71 3303 si
95 3236 296 3320 iniquitatem
320 3235 379 3298 loei
401 3237 541 3318 timeret,
571 3236 684 3301 elatum
710 3239 750 3302 iri
779 3247 889 3303 tamen
917 3238 1024 3325 aliquo

47 3347 115 3411 loco
137 3339 305 3426 pugnandi
328 3337 523 3420 facultatem,
548 3339 635 3424 quod
658 3351 745 3406 certe
768 3342 844 3407 inde
867 3342 1025 3408 deceden-

46 3449 125 3517 dum
147 3455 232 3512 esset
253 3443 389 3510 Afranio
412 3465 472 3508 nee
494 3445 562 3507 sine
585 3466 671 3530 aqua
693 3468 884 3531 permanere
906 3456 1025 3533 posset.
