2376 3924
369 254 418 302 AD
438 252 541 310 BELL.
559 251 639 300 ΔΕΒ.
658 251 769 299 46-61,
975 244 1063 298 LXXI

82 448 198 496 restare.
226 471 258 479 —
286 440 540 505 aqucipionem
561 456 610 504 pro
629 437 669 491 ad
687 453 716 490 se
735 455 802 489 corr.
822 439 959 492 Davisius.
979 467 1010 476 -
1029 453 1062 490 se

83 534 192 582 restare
210 529 290 593 posui
308 543 356 592 pro
375 525 474 576 tradito
495 524 565 577 secl.

187 633 209 665 e.
222 616 264 673 58,
277 617 306 664 i:
325 610 493 664 existimaus
505 609 581 662 ultro
595 609 784 671 aduersarios,
803 625 866 662 eum
881 614 940 661 taus
952 609 1062 678 mapriis

83 700 173 768 copiis
198 698 371 765 auxiliisque
393 696 468 766 repis
487 699 578 748 esseut
592 695 723 762 praeoliti
736 694 953 763 promptiusque
966 696 1063 764 prosi·

83 787 202 839 luisseut
227 790 319 853 aute,
347 799 458 837 seeum
480 796 668 834 concursuros
683 781 860 848 propiusque
883 796 912 833 se
937 797 1062 834 accessu·

82 871 157 942 ros]
177 875 215 923 sic
233 874 287 923 inm
305 874 334 921 in
352 888 392 937 pr.
407 871 470 920 edit.
487 868 636 919 secundum
656 866 732 918 codd.
752 867 815 922 aci
830 869 933 932 scripsi,
953 870 1062 933 quibus·

83 977 144 1010 curn
169 960 250 1009 etiam
275 958 313 1011 hl
340 958 451 1007 faciunt.
482 953 651 1019 Nipperdey,
673 954 798 1014 Ditbner,
823 954 921 1004 Dintsr
944 958 1011 1006 arete
1034 969 1063 1008 se

82 1051 243 1112 posuerunt,
274 1045 380 1094 Krener
406 1041 628 1091 Forchhammeri
656 1040 838 1090 coniecturam
867 1041 970 1104 recepit
996 1045 1063 1093 urite

83 1146 141 1185 eas
159 1146 259 1183 secum.

186 1218 269 1279 essb,
289 1217 318 1265 1:
346 1213 477 1268 Caesaris
505 1217 599 1266 autem
626 1211 700 1264 acies
723 1212 773 1265 hoo
795 1211 876 1265 modo
899 1212 958 1278 suit
980 1212 1062 1266 collo-

83 1308 162 1371 cata,
189 1307 223 1355 ut
242 1301 276 1354 ab
295 1300 414 1353 sinistro
432 1299 493 1352 cius
512 1314 600 1352 eoruu
618 1298 719 1351 ordiar
739 1299 774 1366 [et
793 1298 832 1350 ael
851 1299 981 1352 eleutrum
996 1316 1062 1368 per·

82 1387 224 1458 ueuiamffl
243 1404 327 1438 uncos
345 1388 424 1452 posui
441 1386 600 1436 Ditbnerum
619 1391 736 1436 secutus.

187 1492 209 1526 e.
228 1475 270 1536 61,
289 1475 318 1522 2:
347 1472 422 1526 duur·
440 1499 476 1512 -
493 1470 646 1541 coepisset]
674 1470 741 1524 dum
760 1473 852 1539 codd,
879 1473 962 1540 vulgo
989 1488 1059 1525 auus.

83 1563 116 1612 cf.
136 1560 371 1625 reprendere,
392 1564 414 1609 1.
439 1588 471 1596 —
496 1561 520 1621 ἓ.
539 1560 568 1607 5:
596 1573 650 1624 quo
668 1558 790 1610 secutiolo
812 1559 933 1625 equestri
953 1558 1061 1626 proelio

82 1645 160 1711 facto
180 1644 274 1712 Scipio
293 1643 383 1697 laetus
401 1644 433 1696 iu
451 1648 549 1697 castra
566 1648 646 1696 uoote
664 1643 761 1710 copias
779 1643 922 1714 reduxit]
948 1646 1061 1711 Nipper-

83 1734 136 1797 dey
155 1748 188 1782 ex
210 1748 263 1783 nno
287 1731 345 1782 cod.
371 1746 391 1785 a
414 1737 518 1782 mutato
537 1732 680 1781 verborum
699 1731 794 1781 ordine
813 1731 899 1782 edidit
917 1730 1012 1799 Scipio
1030 1732 1062 1785 iu

82 1822 180 1870 eastra
199 1816 290 1870 laetus
309 1833 329 1871 e.
348 1834 372 1884 q.
392 1832 414 1870 s.
432 1845 467 1856 -
484 1817 563 1868 ibid:
583 1816 658 1883 quool
671 1816 824 1884 proprium
841 1817 980 1886 pamelium
998 1818 1061 1871 bel-

82 1903 241 1956 lantibus
260 1902 382 1968 fortuma
402 1902 524 1956 tribuere
542 1917 600 1955 uou
620 1901 766 1972 decreuit]
797 1905 900 1968 primus
918 1904 960 1955 his
979 1904 1061 1956 libro·

81 2009 140 2041 rum
165 1992 256 2042 verbis
283 1992 336 2041 Ins.
363 1990 485 2056 Scaliger
514 1991 588 2040 litem
616 1990 735 2040 intendit
762 1995 789 2040 et
815 1990 958 2040 relativum
986 1991 1061 2058 quod

81 2084 145 2128 ante
166 2076 318 2144 proprium
340 2075 479 2144 pamelium
501 2076 586 2126 deleri
604 2077 698 2137 iussit,
716 2093 751 2127 ne
769 2077 857 2142 posito
876 2076 927 2126 hoc
947 2077 1060 2128 relativo

82 2165 229 2228 sententis,
258 2179 328 2228 ques
347 2162 381 2212 ed
401 2178 507 2225 omnes,
536 2164 700 2229 quicumque
718 2179 847 2228 umquam
864 2163 967 2213 bellum
986 2180 1061 2229 gere-

81 2255 149 2310 rent,
168 2250 324 2313 pertineret,
346 2248 381 2299 sd
399 2249 488 2298 solum
508 2248 663 2313 Scipionem
683 2248 834 2300 referretur.
866 2248 959 2298 sedem
978 2266 1061 2300 causa

81 2337 209 2386 commoti
226 2336 332 2386 Krener
350 2341 377 2385 et
395 2335 508 2385 Diibner
526 2333 586 2387 sed
604 2352 652 2400 pro
675 2333 749 2401 quod
767 2336 907 2400 scripsisse
925 2335 1060 2386 videntur.

81 2429 177 2474 contro
194 2422 351 2488 Nipperdey
375 2419 598 2473 bellantibus
621 2421 774 2471 eiciendum
794 2437 853 2471 esse
872 2422 991 2481 censuit,
1015 2421 1061 2470 ad·

81 2510 164 2559 ditum
184 2525 201 2559 e
218 2509 355 2574 magistre,
374 2513 405 2557 ut
423 2507 581 2568 declararet,
607 2509 652 2557 cui
670 2509 810 2573 proprium
828 2509 958 2573 gandium
975 2508 1060 2557 tribu-

80 2602 137 2645 tum
156 2611 210 2645 non
229 2600 310 2644 esset.
340 2595 433 2660 atqui
452 2593 480 2643 id
498 2609 607 2643 monere
626 2594 771 2658 voluisset,
795 2595 822 2643 in
845 2610 873 2644 re
892 2600 948 2644 tum
967 2599 1060 2659 aperta

80 2682 153 2732 haud
172 2681 255 2731 dubie
275 2681 409 2745 Scipionis
428 2696 525 2730 nomen
549 2680 692 2744 posuisset.
723 2681 832 2730 omnino
856 2685 945 2730 autern
970 2696 1060 2730 errare

80 2768 147 2817 mihi
169 2767 309 2830 videntur,
337 2767 383 2832 qui
409 2766 529 2816 dativum
553 2764 721 2818 bellantibus
745 2767 779 2815 ad
802 2767 916 2816 verbum
938 2765 1060 2819 tribuere

80 2854 215 2918 pertinere
228 2857 331 2917 putant,
351 2868 411 2902 cum
424 2852 478 2902 nisi
491 2852 657 2902 construitur
670 2868 730 2902 cum
746 2851 883 2903 adiectivo
899 2851 1059 2920 proprium,

81 2945 153 2989 certe
172 2939 206 2989 ad
224 2937 363 3006 qaudium
382 2937 539 2988 referendus
558 2939 600 2989 sit.
625 2937 727 2988 dictum
740 2944 830 2988 autem
843 2944 884 2989 est
901 2937 977 3006 quod
991 2954 1061 3007 pro·

76 3023 176 3092 prium
192 3023 331 3093 qauolium
349 3022 517 3076 bellantibus
541 3025 635 3074 eadem
660 3024 717 3074 iere
735 3029 867 3089 potestate
885 3031 967 3091 atque
986 3024 1059 3091 quod

76 3109 229 3178 proprium
254 3108 393 3179 qaudium
420 3108 583 3163 bellantium
610 3102 739 3175 (melche
763 3111 928 3176 eigentliche
951 3111 1059 3162 Frende

81 3197 124 3245 fiir
135 3189 386 3262 Kriegflihrende'),
405 3211 441 3246 sc.
460 3198 580 3248 secundo
598 3197 703 3263 proelio
721 3198 793 3248 iacto
813 3199 905 3263 copias
923 3197 951 3246 in
971 3203 1061 3247 cestre

78 3283 216 3333 reducere.
247 3284 294 3346 qni
317 3282 402 3333 dativi
425 3298 490 3334 usus
516 3283 582 3334 iicet
605 3300 622 3335 u
646 3285 826 3335 Ciceroniano
855 3300 977 3335 sermone
1001 3284 1058 3334 sere

79 3368 160 3431 absit,
179 3367 250 3433 apud
268 3373 361 3433 poetes
379 3373 469 3420 tumen
489 3375 516 3420 et
533 3371 606 3436 epud
624 3371 789 3422 recentiores
807 3371 940 3436 pedestris
959 3385 1058 3420 sermo-

77 3455 121 3505 nis
143 3455 303 3519 scriptores,
330 3455 463 3520 imprimis
487 3455 560 3522 opud
577 3457 685 3507 Livium
706 3461 733 3507 et
750 3456 875 3508 Tacitum
899 3456 1058 3521 saepissime

77 3542 216 3591 invenitur
233 3539 279 3606 (cf.
296 3539 400 3607 Reisig,
417 3539 502 3593 schol.
519 3543 545 3605 θ.
564 3541 636 3610 sis).
658 3570 694 3581 -
717 3545 741 3606 ξ.
761 3544 789 3592 7:
815 3539 921 3594 Caesar
943 3539 1059 3594 iuterim
