2376 3924
385 215 498 268 muna
519 215 575 280 vn,
596 215 673 268 cnr.
691 217 802 272 rt-eo.
1020 216 1079 283 189

101 409 229 496 dosqne
251 408 298 476 ad
320 430 398 474 suos
421 418 589 493 curarent,
613 430 698 495 quae
721 410 842 494 cuique
854 409 988 476 civitati
999 431 1078 495 pars

101 523 291 580 castrorum
314 512 358 578 ab
382 513 479 578 initio
503 512 698 579 obvenerat.

205 616 256 682 29.
279 617 418 683 Postero
444 616 498 682 die
513 616 657 682 concilio
681 626 868 683 convocato
885 617 1079 683 consolatus

100 721 363 806 cohortatusque
387 729 448 804 est,
472 742 514 785 ne
538 742 575 786 se
597 719 777 786 admodum
798 721 908 786 auimo
926 719 1078 785 demitte·

98 834 186 910 rent,
213 847 256 890 ne
278 822 558 910 perturbarentur
591 823 812 889 incommodo.
855 823 930 888 Non
953 825 1101 889 virtutes

98 950 207 1015 neque
223 929 257 994 in
274 928 350 995 acie
361 927 486 993 vicisse
497 927 676 1010 Romanos,
694 927 755 992 sed
770 927 915 992 artificio
933 926 1078 1015 quodam

98 1042 131 1098 et
149 1033 294 1098 seientia
318 1032 588 1118 oppugnationis,
612 1033 707 1096 cuius
723 1031 773 1096 rei
789 1030 915 1096 fuerint
937 1030 1003 1116 ipsi
1019 1031 1077 1095 im-

97 1137 209 1222 periti.
231 1135 365 1214 Errare,
382 1137 410 1200 si
427 1136 482 1222 qui
499 1137 532 1200 in
548 1134 638 1200 bello
655 1157 768 1200 omnes
786 1134 951 1200 secundos
967 1154 1099 1199 rerume

97 1248 281 1326 proventus
298 1249 507 1326 exspectent.
531 1238 603 1305 Sibi
616 1261 797 1326 numquam
808 1238 979 1325 placuisse
991 1237 1100 1303 Ara-4

97 1345 205 1410 ricum
230 1343 377 1429 defendi,
401 1345 497 1410 cuius
520 1345 570 1409 rei
593 1352 699 1409 testes
723 1344 813 1429 ipsos
836 1341 994 1426 haberet3
1017 1341 1078 1407 sed

97 1448 226 1513 factum
249 1448 477 1535 imprudentia
489 1447 681 1532 Biturigum
694 1456 726 1513 et
739 1447 844 1512 nimia
857 1445 1077 1532 obsequentia

96 1551 313 1639 reliquorum,
346 1553 397 1618 uti
419 1550 482 1617 hoc
506 1550 750 1617 incommodum
773 1551 992 1635 acciperetur.
1037 1548 1099 1614 Ide

96 1664 212 1721 tamen
235 1677 272 1721 se
294 1654 451 1721 celeriter
465 1653 649 1720 maioribus
666 1652 851 1719 commodis
869 1662 1076 1718 sanaturum.

95 1759 185 1824 Nam
209 1780 294 1845 quae
317 1757 361 1826 ab
384 1758 523 1844 reliquis
541 1755 650 1824 Gallis
668 1758 826 1824 civitates
845 1756 1098 1840 disseminante

96 1861 160 1929 has
184 1883 244 1928 sua
267 1861 447 1946 diligentia
476 1861 714 1928 adiuncturum
743 1871 844 1948 atque
872 1883 975 1926 unum
998 1883 1075 1926 oon-

96 1965 210 2032 silium
231 1966 336 2031 totius
350 1963 485 2032 Galliae
498 1965 702 2050 effecturum,
725 1966 820 2030 cuius
837 1966 1017 2031 consensui
1033 1987 1075 2031 ne

95 2069 186 2136 orbis
211 2068 346 2156 quidem
367 2077 533 2135 terrarum
557 2071 665 2156 possit
688 2068 869 2154 obsistere3
915 2068 1016 2156 idque
1039 2091 1075 2134 se

94 2195 198 2260 prope
222 2175 290 2240 iam
306 2174 459 2240 effectum
473 2172 610 2240 habere.
633 2175 768 2240 Interea
784 2196 927 2260 aequum
944 2196 1018 2240 esse
1030 2173 1095 2239 abt

95 2279 138 2344 iis
161 2279 348 2344 communis
383 2276 504 2344 salutis
539 2300 644 2344 causa
678 2279 864 2364 impetrari,
897 2287 934 2343 ut
959 2288 1074 2343 eastra

94 2382 225 2447 munire
248 2383 475 2466 instituerent,
492 2404 556 2469 quo
573 2382 706 2448 facilius
719 2384 914 2468 repentinos
926 2381 1074 2448 hostium

94 2487 240 2571 impetus
264 2488 483 2552 sustinerent.

196 2587 250 2652 30.
271 2588 354 2654 Fuit
380 2587 465 2654 haee
495 2591 602 2656 oratio
631 2613 699 2656 non
727 2591 864 2674 ingrata
889 2587 1010 2673 Gallis,
1040 2597 1072 2654 et

92 2693 252 2777 maxime,
275 2692 366 2779 quod
387 2694 461 2779 ipse
484 2693 596 2760 animo
618 2716 686 2760 non
710 2693 880 2760 defecerat
904 2702 1000 2758 tanto
1017 2716 1072 2759 ae·

92 2806 191 2882 cepto
213 2796 425 2863 incommodo
448 2819 557 2883 neque
581 2821 617 2863 se
641 2798 676 2863 in
698 2798 868 2863 oecultum
891 2796 1073 2863 abdiderat

93 2909 127 2967 et
149 2910 369 2988 conspectum
383 2900 610 2968 multitudinis
627 2901 778 2985 fugerat3
801 2902 942 2987 plusque
960 2902 1093 2968 animo2

91 3004 270 3092 providere
291 3014 325 3071 et
345 3006 556 3092 praesentire
573 3005 843 3091 existimabatur,
866 3006 955 3092 quod
970 3030 1006 3072 re
1023 3006 1071 3071 in·

91 3115 193 3193 tegre
213 3107 320 3197 primo
336 3107 585 3175 incendendum
599 3108 794 3192 Avaricum,
817 3119 893 3196 post
916 3109 1071 3176 descren-

92 3210 173 3279 dum
193 3221 384 3279 censuerat.
405 3213 525 3300 Itaque
548 3223 585 3280 ut
607 3213 812 3300 reliquorum
833 3214 1093 3300 imperatorume

90 3337 147 3383 res
180 3314 348 3383 adversae
380 3317 620 3384 auctoritatem
653 3318 816 3402 minuunt,
850 3317 899 3382 sic
929 3316 1004 3389 huis
1027 3339 1072 3382 ex
1098 3308 1132 3389 ,ἣν

90 3419 264 3487 contrario
277 3417 428 3506 dignitas
445 3420 656 3487 incommodo
673 3430 812 3507 accepto
829 3422 863 3484 in
880 3418 952 3484 dies
969 3412 1070 3503 auge·

90 3520 205 3593 batur.
238 3520 347 3591 Simul
370 3525 405 3591 in
428 3547 521 3611 spem
542 3525 726 3593 veniebant
749 3525 820 3591 eius
844 3523 1092 3589 affirmationes
