2376 3924
161 218 223 283 162
490 218 540 268 na
558 216 678 270 aurito
698 218 810 269 orvmr

158 409 217 490 his,
242 410 296 494 qui
319 418 412 474 erant
434 407 476 474 ab
499 431 537 474 eo
559 410 657 493 missi,
681 408 788 495 palam
810 408 984 474 liberaliter
1006 433 1138 498 respon-

137 512 277 585 2derunt
298 534 435 598 eumque
458 513 500 578 ad
521 535 632 598 regem
652 514 764 577 venire
779 514 954 597 iusserunt;
978 516 1039 600 ipsi
1054 515 1140 580 olam

159 618 288 683 consilio
311 619 389 682 inito
404 616 576 701 Achillam,
600 616 800 703 praefectum
822 620 957 702 regium,
981 618 1140 704 singulari

158 721 322 786 hominem
344 720 498 803 audacia,
521 729 554 784 et
576 721 615 785 L.
640 721 846 806 Septimium,
869 720 1037 786 tribunum
1059 722 1139 787 mili-

137 834 237 906 stum,
261 822 305 888 ad
326 823 586 890 interficiendum
607 825 798 910 Pompeium
819 826 985 889 miserunt.
1009 823 1064 890 Ab
1088 826 1139 891 his

159 926 334 994 liberaliter
355 929 424 1012 ipse
447 926 626 1013 appellatus
649 936 682 991 et
704 927 847 1012 quadam
861 930 974 993 notitia
990 929 1140 1014 Septimii

158 1032 351 1117 productus,
386 1029 474 1116 quod
500 1029 584 1095 bello
612 1029 814 1116 praedonum
842 1031 929 1116 apud
956 1053 1032 1096 eum
1054 1033 1140 1098 ordi-

157 1157 233 1199 nem
256 1133 410 1217 duxerat,
439 1132 622 1198 naviculam
649 1132 820 1219 parvulam
848 1136 1035 1201 conscendit
1063 1160 1140 1203 cum

158 1240 270 1323 paucis
300 1239 381 1302 suis:
414 1236 459 1303 ibi
487 1237 529 1302 ab
552 1236 680 1302 Achilla
702 1246 735 1302 et
757 1238 911 1323 Septimio
934 1240 1139 1307 interficitur.

126 1395 129 1401 .
158 1343 242 1406 Item
264 1343 303 1407 L.
321 1339 479 1406 Lentulus
503 1340 787 1425 comprehenditur
809 1340 851 1406 ab
873 1363 951 1428 rege
974 1346 1063 1410 etin
1086 1369 1140 1412 cu-

159 1445 263 1511 stodia
284 1454 429 1510 necatur.

146 1580 148 1584 ⁴
247 1548 316 1614 105.
341 1547 472 1633 Caesar,
496 1570 570 1615 cum
591 1547 751 1614 inAsiam
773 1551 929 1633 venisset,
952 1550 1141 1636 reperiebat

159 1656 196 1719 Τ.
220 1653 376 1740 Ampium
406 1661 558 1719 conatum
586 1674 656 1719 esse
684 1654 839 1740 pecunias
866 1652 977 1718 tollere
1005 1655 1140 1741 Epheso

159 1779 202 1821 ex
229 1757 306 1821 fano
328 1758 456 1822 Dianae
484 1759 616 1842 eiusque
644 1758 691 1820 rei
718 1778 816 1822 causa
838 1764 1003 1822 senatores
1025 1779 1140 1824 omnes

159 1882 202 1924 ex
236 1861 403 1945 provincia
436 1881 604 1944 evocasse,
639 1869 676 1926 ut
707 1861 757 1925 his
790 1860 926 1927 testibus
953 1864 988 1926 in
1010 1883 1140 1927 summa

159 1965 315 2049 pecuniae
342 1971 503 2047 uteretur,
537 1963 595 2029 sed
627 1963 864 2050 interpellatum
892 1964 1037 2031 adventu
1060 1964 1140 2031 an-

159 2068 239 2132 saris
272 2066 460 2152 profugisse.
504 2068 557 2132 Ita
589 2066 715 2133 duobus
748 2068 947 2155 temporibus
974 2068 1140 2155 Ephesiae

138 2172 315 2256 apecuniae
351 2170 473 2237 Caesar
509 2170 666 2236 auxilium
707 2171 787 2237 tulit.
847 2174 931 2237 Item
968 2171 1140 2239 constabat

158 2274 252 2340 Elide
274 2276 307 2338 in
328 2274 448 2361 templo
463 2276 632 2341 Minervae
654 2277 797 2361 repetitis
820 2285 919 2362 atque
941 2279 1139 2342 enumeratis

159 2377 283 2460 diebus,
307 2400 371 2464 quo
394 2378 446 2443 die
469 2377 626 2464 proelium
648 2378 827 2444 secundum
849 2377 970 2445 Caesar
996 2379 1138 2464 fecisset,

159 2481 366 2548 simulacrum
394 2483 575 2566 Victoriae,
602 2481 689 2568 quod
717 2492 792 2548 ante
820 2485 924 2569 ipsam
951 2484 1139 2550 Minervam

158 2586 348 2652 collocatum
376 2596 461 2652 esset
493 2595 526 2652 et
558 2596 633 2652 ante
663 2587 705 2652 ad
732 2586 940 2653 simulacrum
967 2587 1139 2655 Minervae

159 2692 384 2775 spectavisset,
418 2692 461 2757 ad
490 2691 604 2757 valvas
630 2713 665 2757 se
686 2691 798 2778 templi
819 2691 983 2777 limenque
1004 2713 1138 2759 conver-

137 2795 243 2857 atissc.
288 2793 478 2880 Eodemque
501 2795 553 2860 die
568 2786 760 2860 Antioohiae
782 2796 816 2859 in
839 2795 934 2880 syria
955 2793 1006 2861 bis
1026 2803 1138 2863 tantus

159 2899 320 2962 exercitus
349 2897 469 2963 clamor
497 2908 529 2963 et
557 2901 722 2984 signorum
749 2918 846 2963 sonus
874 2897 1048 2964 exauditus
1076 2909 1137 2984 est,

79 3085 87 3094 Ι
157 3001 248 3065 utin
277 3002 376 3067 muris
403 3010 529 3066 armata
558 3004 672 3067 civitas
700 3001 905 3068 discurreret.
949 3002 1023 3068 Hoc
1048 3001 1138 3069 idem

138 3103 357 3169 4Ptolemaide
387 3106 512 3171 accidit.
558 3107 710 3192 Pergami
738 3108 771 3171 in
799 3105 932 3173 occultis
960 3129 1001 3173 ac
1025 3128 1138 3173 recon-

159 3208 233 3274 ditis
255 3207 375 3294 templi,
399 3230 463 3294 quo
483 3219 613 3295 praeter
628 3210 812 3276 sacerdotes
827 3210 918 3276 adire
932 3210 982 3276 fas
995 3231 1063 3276 non
1077 3219 1137 3295 ost,

160 3334 244 3398 quae
267 3313 386 3379 Graeci
414 3308 523 3377 ἄδυτα
551 3313 730 3399 appellant,
764 3322 921 3401 tympana
949 3323 1137 3391 sonuerunt

137 3419 242 3483 sltem
276 3415 437 3484 Trallibus
470 3418 505 3481 in
536 3416 656 3503 templo
684 3419 863 3502 Victoriae,
896 3416 954 3482 ubi
986 3416 1138 3485 Caesaris

160 3531 300 3589 statuam
322 3529 607 3604 consecraverant,
636 3520 743 3607 palma
765 3541 824 3607 per
845 3542 901 3587 eos
923 3519 992 3587 dies
1014 3523 1139 3607 intacta
