2376 3924
125 230 164 295 12
449 233 498 282 nn
517 232 637 283 sunno
656 232 769 284 cuum

100 422 270 495 5duxerat.
316 422 362 487 At
385 422 505 488 Caesar
526 423 642 489 milites
665 404 815 490 Attianos
838 423 1014 508 collaudat,
1037 427 1100 492 Pu·

122 528 210 610 pium
232 526 370 608 dimittit,
390 526 620 592 Auximatibus
643 530 710 613 agit
724 531 845 613 gratias
868 551 966 614 seque
988 553 1102 596 eorum

121 629 197 694 iacti
220 651 394 693 memorem
417 630 484 694 fore
507 631 682 716 pollicetur.

210 733 257 797 14.
294 732 420 815 Quibus
450 734 547 798 rebus
575 737 712 800 Romam
740 738 893 801 nuntiatis
922 746 1030 803 tantus
1053 762 1100 804 re·

121 848 216 923 pente
250 848 353 902 terror
386 841 517 920 invasit,
552 850 602 921 ut,
637 862 711 904 cum
734 840 891 904 Lentulus
924 842 1035 906 consul
1058 842 1102 907 ad

121 943 331 1028 aperiendum
354 946 515 1008 aerarium
529 947 671 1008 venisset
694 944 736 1009 ad
759 947 930 1029 pecuniam
946 948 1100 1031 Pompeio

121 1070 162 1110 ex
207 1047 482 1112 senatusconsulto
521 1047 764 1132 proferendam,
807 1051 952 1133 protinus
986 1061 1101 1135 aperto

121 1153 279 1214 sanctiore
308 1153 432 1215 aerario
461 1174 503 1214 ex
526 1151 606 1216 urbe
629 1152 823 1236 profugeret.
869 1151 990 1217 Caesar
1012 1138 1099 1218 enim

120 1255 297 1318 adventare
327 1256 391 1318 iam
421 1255 550 1338 iamque
579 1264 611 1318 ct
639 1254 752 1318 adesse
781 1256 849 1318 cius
872 1257 996 1339 equites
1019 1255 1101 1320 falso

98 1357 359 1426 anuntiabantur.
404 1359 503 1421 Hunc
530 1357 703 1423 Marcellus
739 1358 861 1443 collega
894 1368 926 1422 et
955 1357 1100 1444 plerique

98 1464 326 1546 amagistratus
361 1463 523 1525 consecuti
557 1471 639 1525 sunt.
697 1460 754 1525 Cn.
789 1462 961 1547 Pompeius
996 1463 1100 1547 pridie

119 1568 186 1630 eius
210 1566 272 1629 diei
296 1587 337 1628 ex
360 1564 441 1629 urbe
464 1566 626 1650 profectus
641 1568 702 1629 iter
718 1565 760 1630 ad
781 1564 922 1650 legiones
944 1564 1101 1649 habebat,

120 1692 234 1754 quasa
250 1669 388 1733 Caesare
412 1677 562 1753 acceptas
584 1671 617 1732 in
633 1666 752 1753 Apulia
774 1667 984 1733 hibernorum
1000 1692 1099 1736 causa

97 1773 329 1858 rdisposuerat.
374 1771 529 1836 Delectus
563 1774 648 1836 circa
682 1771 796 1837 urbem
829 1774 1099 1858 intermittuntur,

119 1876 196 1941 nihil
230 1879 311 1940 citra
344 1875 489 1960 Capuam
522 1885 630 1940 tutum
668 1898 738 1940 esse
776 1876 924 1941 omnibus
958 1877 1098 1943 videtur.

119 1980 249 2065 Capuae
272 1982 410 2065 primum
434 2002 467 2042 sc
491 1980 683 2045 confirmant
706 1988 738 2044 et
760 1980 914 2064 colligunt
929 1981 1099 2046 delectum-

119 2106 181 2168 que
220 2083 418 2164 colonorum,
465 2085 519 2167 qui
557 2083 628 2168 lege
668 2083 749 2148 Iulia
786 2082 932 2170 Capuam
969 2085 1100 2153 deducti

118 2198 225 2269 erant,
258 2187 379 2252 habere
414 2188 597 2270 instituunt3
632 2187 906 2273 gladiatoresque,
942 2190 1021 2273 quos
1055 2189 1100 2254 ibi

118 2291 238 2356 Caesar
266 2294 298 2355 in
327 2290 402 2354 ludo
432 2289 589 2372 habebat,
620 2291 662 2354 ad
691 2290 797 2354 forum
820 2291 993 2375 productos
1015 2292 1099 2356 Len·

118 2395 203 2460 tulu's
231 2414 284 2474 spe
307 2394 463 2459 libertatis
490 2396 661 2459 confirmat
689 2404 786 2479 atque
816 2395 865 2462 his
889 2415 989 2480 equos
1011 2399 1098 2461 attri-

95 2499 187 2564 sbuit
210 2510 242 2563 et
265 2521 298 2563 sc
322 2501 412 2583 sequi
435 2499 540 2580 iussit3
566 2520 645 2582 quos
669 2508 780 2582 postea
795 2500 934 2564 monitus
957 2498 999 2563 ab
1022 2501 1098 2583 suis,

118 2603 203 2687 quod
232 2626 271 2668 ea
298 2625 350 2666 res
380 2604 521 2666 omnium
551 2602 668 2666 iudicio
697 2601 1012 2687 reprehendebatur,
1033 2605 1098 2669 ⁴oir-

118 2730 190 2770 cum
219 2706 355 2770 familias
383 2715 559 2769 conventus
583 2705 780 2790 Campaniae
811 2705 976 2771 custodiae
999 2729 1098 2772 causa

117 2810 287 2873 distribuit.
650 2875 653 2879 .

205 2911 253 2975 15.
288 2912 429 2976 Auximo
460 2912 580 2978 Caesar
610 2935 798 2998 progressus
827 2935 955 2978 omnem
982 2935 1098 2998 agrum

3 3084 6 3093 ,
117 3017 272 3080 Picenum
300 3019 467 3099 percurrit.
514 3016 658 3081 Cunctae
681 3039 793 3080 earum
816 3019 985 3101 regionum
1007 3038 1097 3102 prae·

116 3123 259 3184 secturae
290 3118 505 3184 libentissimis
534 3122 648 3185 animis
677 3143 751 3184 eum
782 3122 941 3205 recipiunt
974 3121 1095 3185 exerci-

3 3212 5 3217 ’
94 3234 248 3308 stumque
271 3225 339 3287 eius
362 3225 509 3288 omnibus
532 3225 629 3288 rebus
652 3227 773 3289 iuvant.
818 3225 927 3289 Etiam
949 3223 1096 3309 Cingulo,

116 3328 201 3415 quod
226 3328 378 3412 oppidum
394 3328 559 3392 Labienus
583 3330 791 3392 constituerat
814 3349 936 3412 suaque
959 3328 1098 3413 pecunia

116 3433 399 3512 exaedificaverat,
429 3431 471 3495 ad
494 3453 570 3495 eum
593 3431 689 3515 legati
712 3433 847 3495 veniunt
869 3451 1018 3516 quaeque
1039 3432 1097 3497 im·

115 3539 277 3621 peraverit
300 3558 333 3600 se
357 3535 560 3622 cupidissime
583 3536 725 3600 facturos
741 3534 938 3619 pollicentur.
976 3532 1097 3600 Milites
