2376 3924
398 240 509 290 urana
526 241 599 302 vin,
620 239 696 290 oar.
716 243 790 292 1-2.
1020 242 1079 306 231

103 429 272 495 videatur.
296 429 399 496 Cuius
424 441 536 496 tamen
561 433 611 496 rei
633 433 741 496 maior
757 441 874 496 nostra
891 453 990 517 quam
1006 431 1105 497 reli-o

103 555 245 620 quorum
262 542 314 598 est
326 533 525 599 admiratio:
542 536 646 599 ceteri
659 536 756 617 enim,
774 534 969 620 quambene
982 545 1083 621 atque

103 638 293 721 emendate,
322 660 384 704 nos
409 641 522 723 etiam,
554 661 653 725 quam
676 638 778 705 facile
802 649 904 725 atque
927 638 1083 703 celeriter

104 764 161 807 eos
186 741 375 827 perfecerit,
400 742 533 807 scimus.
555 742 641 806 Erat
665 751 776 807 autern
793 744 826 807 in
844 740 991 807 Caesare
1007 759 1103 806 euml

102 843 251 908 facultas
265 853 365 928 atque
379 842 549 927 elegantia
562 867 691 910 summa
704 844 885 929 scribendi,
901 854 970 909 tum
977 847 1082 909 veris·

103 949 190 1012 sima
220 948 362 1011 scientia
390 967 525 1012 suorum
549 948 766 1012 consiliorum
795 947 1082 1033 explicandorum.

101 1049 188 1115 Mihi
203 1072 247 1114 ne
262 1048 348 1113 illud
365 1049 499 1144 quidem
516 1050 653 1134 accidit,
676 1061 714 1116 ut
730 1050 963 1116 Alexandrino
980 1059 1104 1136 atquea

101 1154 267 1219 Africano
291 1152 380 1218 bello
404 1156 618 1236 interessem,
657 1176 743 1241 quae
765 1154 857 1220 bella
881 1176 1082 1240 quamquam

103 1281 146 1323 ex
162 1265 260 1344 parte
275 1256 373 1321 nobis
391 1255 549 1323 Caesaris
574 1280 726 1323 sermone
751 1268 827 1324 sunt
852 1268 944 1343 nota,
968 1269 1081 1324 tamen

102 1361 205 1427 aliter
221 1360 376 1425 audimus
394 1383 444 1444 ea,
461 1383 548 1446 qnae
563 1384 674 1427 rerum
690 1364 843 1427 novitate
860 1372 918 1428 aut
936 1362 1081 1428 admira·

100 1466 196 1530 tione
211 1486 272 1528 nos
289 1466 438 1551 capiunt,
455 1464 566 1550 aliter,
583 1489 669 1552 quae
681 1488 740 1551 pro
757 1467 950 1531 testimonio
968 1489 1081 1531 sumus

102 1569 239 1635 dicturi.
263 1566 331 1633 Sed
347 1589 410 1652 ego
426 1571 593 1654 nimirum,
618 1570 695 1635 dum
719 1592 832 1636 omnes
850 1572 1103 1636 excusationis9

101 1696 226 1740 causas
242 1672 378 1756 colligo,
401 1695 444 1737 ne
468 1694 542 1738 cum
559 1672 707 1739 Caesare
730 1673 897 1758 conterar,
920 1673 983 1739 hoc
1008 1675 1081 1758 ipso

101 1778 227 1843 crimen
252 1778 471 1860 arrogantiae
495 1776 609 1861 subeo,
634 1778 723 1864 quod
746 1799 798 1843 me
821 1777 946 1842 iudicio
971 1778 1081 1841 cuius·

101 1903 203 1967 quam
215 1882 404 1945 existimem
416 1902 515 1966 posse
528 1904 602 1948 cum
614 1880 760 1946 Caesare
772 1883 970 1967 comparari.
983 1880 1080 1946 Vale.

190 1984 218 2049 1.
235 1984 335 2050 Omni
352 1981 467 2049 Callia
486 1984 620 2051 devicta
637 1984 857 2051 Caesareum
874 2008 894 2050 a
911 1987 1081 2071 superiore

100 2096 235 2153 aestate
256 2087 385 2154 nullum
406 2087 559 2153 bellandi
583 2099 713 2174 tempus
737 2090 973 2154 intermisisset
997 2088 1080 2153 mili·

98 2202 219 2277 tesque
234 2190 448 2257 hibernorum
464 2191 576 2277 quiete
591 2193 728 2256 reficere
746 2215 765 2256 a
781 2194 886 2257 tantis
906 2190 1080 2257 laboribus

99 2294 215 2379 vellet,
238 2293 426 2380 complures
444 2294 560 2360 eodem
576 2304 725 2380 temporo
741 2297 900 2360 civitates
917 2316 1080 2358 renovare

98 2397 182 2464 belli
198 2397 343 2463 consilia
359 2397 607 2464 nuntiabantur
622 2400 939 2483 coniurationesque
955 2397 1077 2462 facere.

99 2500 204 2566 Cuius
228 2500 277 2565 rei
291 2500 485 2566 verisimilis
502 2523 608 2566 causa
623 2501 837 2583 afferebatur,
862 2500 951 2587 quod
967 2497 1100 2565 Callis2

100 2603 254 2671 omnibus
277 2605 451 2688 cognitum
475 2615 566 2671 esset
586 2627 695 2690 neque
718 2604 788 2670 ulla
812 2603 1028 2669 multitudine
1044 2605 1079 2667 in

99 2732 200 2775 unum
224 2707 334 2774 locum
357 2719 479 2775 coacta
501 2710 616 2774 resisti
639 2731 738 2796 posse
760 2709 931 2791 Romanis,
955 2729 1027 2790 nec,
1051 2709 1080 2771 si

100 2814 237 2879 diversa
259 2812 351 2879 bella
367 2802 555 2900 complures
573 2812 689 2878 eodem
713 2822 861 2896 tempore
885 2810 1079 2876 intulissent

98 2918 268 3000 civitates,
286 2919 369 2982 satis
387 2915 510 2982 auxilii
526 2925 584 2981 aut
602 2917 704 3001 spatii
721 2925 780 2980 aut
795 2916 968 3000 copiarum
985 2914 1079 2980 habi-

98 3030 211 3086 turum
242 3022 426 3085 exercitum
454 3019 568 3106 populi
590 3020 735 3084 Romani
760 3018 804 3084 ad
828 3020 939 3084 omnia
967 3040 1078 3103 perse·

99 3124 248 3211 quenda;
264 3144 331 3188 non
344 3146 418 3189 esse
430 3133 542 3189 autem
554 3123 658 3189 alicui
670 3124 804 3188 civitati
817 3132 940 3186 sortem
954 3124 1098 3186 iucem-³

98 3226 189 3293 modi
212 3227 447 3311 recusandam,
473 3229 502 3293 si
517 3227 580 3293 tali
595 3248 689 3293 mora
712 3226 862 3312 reliquae
885 3233 1022 3312 possent
1044 3247 1078 3289 se

96 3331 274 3397 vindicare
296 3332 331 3395 in
354 3329 559 3396 libertatem.

182 3434 213 3501 2.
236 3433 334 3517 Quae
366 3456 410 3499 ne
445 3435 557 3520 opinio
593 3431 768 3498 Gallorum
813 3432 1078 3514 confirmaretur,

98 3536 226 3605 Caesar
236 3537 388 3604 Marcum
400 3536 585 3604 Antonium
601 3545 813 3623 quaestorem
830 3537 898 3600 suis
913 3534 1078 3619 praefecit
