<?xml version="1.0" encoding="UTF-8"?>
<!DOCTYPE html PUBLIC "-//W3C//DTD XHTML 1.0 Transitional//EN"
    "http://www.w3.org/TR/xhtml1/DTD/xhtml1-transitional.dtd">
<html xmlns="http://www.w3.org/1999/xhtml" xml:lang="en" lang="en">
 <head>
  <title>
</title>
<meta http-equiv="Content-Type" content="text/html;charset=utf-8" />
  <meta name='ocr-system' content='tesseract 3.04.00' />
  <meta name='ocr-capabilities' content='ocr_page ocr_carea ocr_par ocr_line ocrx_word'/>
</head>
<body>
  <div class='ocr_page' id='page_1' title='image "./ciuliicaesarisc00hoffgoog/ciuliicaesarisc00hoffgoog_0059.png"; bbox 0 0 2376 3924; ppageno 0'>
   <div class='ocr_carea' id='block_1_1' title="bbox 126 233 793 305">
    <p class='ocr_par' dir='ltr' id='par_1_1' title="bbox 126 233 793 305">
     <span class='ocr_line' id='line_1_1' title="bbox 126 233 793 305; baseline 0 -15"><span class='ocrx_word' id='word_1_1' title='bbox 126 238 146 305; x_wconf 82' lang='lat'>6</span> <span class='ocrx_word' id='word_1_2' title='bbox 426 236 476 290; x_wconf 83' lang='lat' dir='ltr'><strong>on</strong></span> <span class='ocrx_word' id='word_1_3' title='bbox 494 235 615 293; x_wconf 81' lang='lat' dir='ltr'><strong>sumo</strong></span> <span class='ocrx_word' id='word_1_4' title='bbox 635 233 793 291; x_wconf 75' lang='lat' dir='ltr'><strong>ornmco</strong></span> 
     </span>
    </p>
   </div>
   <div class='ocr_carea' id='block_1_2' title="bbox 14 428 1150 3620">
    <p class='ocr_par' dir='ltr' id='par_1_2' title="bbox 102 428 1104 1758">
     <span class='ocr_line' id='line_1_2' title="bbox 124 428 1103 516; baseline 0.001 -23"><span class='ocrx_word' id='word_1_5' title='bbox 124 431 310 515; x_wconf 88' lang='lat' dir='ltr'><strong>prinoipem</strong></span> <span class='ocrx_word' id='word_1_6' title='bbox 327 430 436 495; x_wconf 84' lang='lat' dir='ltr'><strong>locum</strong></span> <span class='ocrx_word' id='word_1_7' title='bbox 452 428 661 513; x_wconf 84' lang='lat' dir='ltr'><strong>obtinebant,</strong></span> <span class='ocrx_word' id='word_1_8' title='bbox 686 433 741 516; x_wconf 92' lang='lat' dir='ltr'><strong>qui</strong></span> <span class='ocrx_word' id='word_1_9' title='bbox 759 432 921 514; x_wconf 80' lang='lat' dir='ltr'><strong>dicerent,</strong></span> <span class='ocrx_word' id='word_1_10' title='bbox 945 429 1010 495; x_wconf 92' lang='lat' dir='ltr'><strong>sibi</strong></span> <span class='ocrx_word' id='word_1_11' title='bbox 1027 453 1103 495; x_wconf 85' lang='lat' dir='ltr'><strong>essa</strong></span> 
     </span>
     <span class='ocr_line' id='line_1_3' title="bbox 125 532 1102 620; baseline 0.001 -23"><span class='ocrx_word' id='word_1_12' title='bbox 125 535 159 597; x_wconf 91' lang='lat' dir='ltr'><strong>in</strong></span> <span class='ocrx_word' id='word_1_13' title='bbox 184 534 295 598; x_wconf 92' lang='lat' dir='ltr'><strong>animo</strong></span> <span class='ocrx_word' id='word_1_14' title='bbox 320 534 392 598; x_wconf 90' lang='lat' dir='ltr'><strong>sine</strong></span> <span class='ocrx_word' id='word_1_15' title='bbox 421 532 489 598; x_wconf 92' lang='lat' dir='ltr'><strong>ullo</strong></span> <span class='ocrx_word' id='word_1_16' title='bbox 517 532 684 600; x_wconf 86' lang='lat' dir='ltr'><strong>maleficio</strong></span> <span class='ocrx_word' id='word_1_17' title='bbox 712 535 777 600; x_wconf 89' lang='lat' dir='ltr'><strong>iter</strong></span> <span class='ocrx_word' id='word_1_18' title='bbox 804 556 865 620; x_wconf 86' lang='lat' dir='ltr'><strong>per</strong></span> <span class='ocrx_word' id='word_1_19' title='bbox 893 534 1102 620; x_wconf 88' lang='lat' dir='ltr'><strong>provinciam</strong></span> 
     </span>
     <span class='ocr_line' id='line_1_4' title="bbox 125 635 1101 724; baseline 0.003 -24"><span class='ocrx_word' id='word_1_20' title='bbox 125 637 247 720; x_wconf 84' lang='lat' dir='ltr'><strong>facere,</strong></span> <span class='ocrx_word' id='word_1_21' title='bbox 270 645 447 722; x_wconf 86' lang='lat' dir='ltr'><strong>propterea</strong></span> <span class='ocrx_word' id='word_1_22' title='bbox 471 635 560 724; x_wconf 92' lang='lat' dir='ltr'><strong>quod</strong></span> <span class='ocrx_word' id='word_1_23' title='bbox 584 636 678 702; x_wconf 90' lang='lat' dir='ltr'><strong>aliud</strong></span> <span class='ocrx_word' id='word_1_24' title='bbox 693 638 759 703; x_wconf 92' lang='lat' dir='ltr'><strong>iter</strong></span> <span class='ocrx_word' id='word_1_25' title='bbox 774 636 939 703; x_wconf 82' lang='lat' dir='ltr'>haberent</span> <span class='ocrx_word' id='word_1_26' title='bbox 955 636 1101 703; x_wconf 91' lang='lat' dir='ltr'><strong>nullum:</strong></span> 
     </span>
     <span class='ocr_line' id='line_1_5' title="bbox 103 739 1101 825; baseline 0.005 -24"><span class='ocrx_word' id='word_1_27' title='bbox 103 761 256 824; x_wconf 71' lang='lat' dir='ltr'><strong>irogare,</strong></span> <span class='ocrx_word' id='word_1_28' title='bbox 269 748 305 804; x_wconf 92' lang='lat' dir='ltr'><strong>ut</strong></span> <span class='ocrx_word' id='word_1_29' title='bbox 316 739 571 806; x_wconf 86' lang='lat' dir='ltr'><strong>ciusvoluntate</strong></span> <span class='ocrx_word' id='word_1_30' title='bbox 583 740 618 806; x_wconf 91' lang='lat' dir='ltr'><strong>id</strong></span> <span class='ocrx_word' id='word_1_31' title='bbox 632 740 697 806; x_wconf 91' lang='lat' dir='ltr'><strong>sibi</strong></span> <span class='ocrx_word' id='word_1_32' title='bbox 710 742 822 808; x_wconf 87' lang='lat' dir='ltr'><strong>facere</strong></span> <span class='ocrx_word' id='word_1_33' title='bbox 835 740 946 806; x_wconf 89' lang='lat' dir='ltr'><strong>liceat.</strong></span> <span class='ocrx_word' id='word_1_34' title='bbox 963 739 1101 825; x_wconf 77' lang='lat' dir='ltr'><strong>Caesar,</strong></span> 
     </span>
     <span class='ocr_line' id='line_1_6' title="bbox 126 841 1100 929; baseline 0.001 -21"><span class='ocrx_word' id='word_1_35' title='bbox 126 843 214 929; x_wconf 93' lang='lat' dir='ltr'><strong>quod</strong></span> <span class='ocrx_word' id='word_1_36' title='bbox 227 844 388 908; x_wconf 89' lang='lat' dir='ltr'><strong>memoria</strong></span> <span class='ocrx_word' id='word_1_37' title='bbox 400 842 538 909; x_wconf 89' lang='lat' dir='ltr'><strong>tenebat</strong></span> <span class='ocrx_word' id='word_1_38' title='bbox 548 842 587 907; x_wconf 80' lang='lat'><strong>1..</strong></span> <span class='ocrx_word' id='word_1_39' title='bbox 596 841 752 910; x_wconf 81' lang='lat' dir='ltr'><strong>Cassium</strong></span> <span class='ocrx_word' id='word_1_40' title='bbox 765 843 938 910; x_wconf 90' lang='lat' dir='ltr'><strong>consulem</strong></span> <span class='ocrx_word' id='word_1_41' title='bbox 952 847 1100 911; x_wconf 86' lang='lat' dir='ltr'><strong>occisum</strong></span> 
     </span>
     <span class='ocr_line' id='line_1_7' title="bbox 126 946 1098 1034; baseline 0.002 -22"><span class='ocrx_word' id='word_1_42' title='bbox 126 947 376 1033; x_wconf 84' lang='lat' dir='ltr'><strong>exercitumque</strong></span> <span class='ocrx_word' id='word_1_43' title='bbox 389 948 459 1012; x_wconf 91' lang='lat' dir='ltr'><strong>eius</strong></span> <span class='ocrx_word' id='word_1_44' title='bbox 472 946 515 1012; x_wconf 90' lang='lat' dir='ltr'><strong>ab</strong></span> <span class='ocrx_word' id='word_1_45' title='bbox 528 947 708 1014; x_wconf 83' lang='lat' dir='ltr'><strong>Helvetiiis</strong></span> <span class='ocrx_word' id='word_1_46' title='bbox 718 948 849 1034; x_wconf 89' lang='lat' dir='ltr'><strong>pulsum</strong></span> <span class='ocrx_word' id='word_1_47' title='bbox 867 958 899 1013; x_wconf 85' lang='lat' dir='ltr'><strong>et</strong></span> <span class='ocrx_word' id='word_1_48' title='bbox 913 948 1098 1032; x_wconf 89' lang='lat' dir='ltr'><strong>subiugum</strong></span> 
     </span>
     <span class='ocr_line' id='line_1_8' title="bbox 102 1049 1102 1138; baseline 0.005 -26"><span class='ocrx_word' id='word_1_49' title='bbox 102 1052 273 1134; x_wconf 76' lang='lat' dir='ltr'><strong>omissum,</strong></span> <span class='ocrx_word' id='word_1_50' title='bbox 297 1049 548 1116; x_wconf 87' lang='lat' dir='ltr'><strong>concedendum</strong></span> <span class='ocrx_word' id='word_1_51' title='bbox 564 1073 631 1116; x_wconf 94' lang='lat' dir='ltr'><strong>non</strong></span> <span class='ocrx_word' id='word_1_52' title='bbox 647 1051 807 1138; x_wconf 79' lang='lat' dir='ltr'><strong>putabat3</strong></span> <span class='ocrx_word' id='word_1_53' title='bbox 829 1073 936 1137; x_wconf 84' lang='lat' dir='ltr'><strong>neque</strong></span> <span class='ocrx_word' id='word_1_54' title='bbox 951 1052 1102 1118; x_wconf 88' lang='lat' dir='ltr'><strong>homines</strong></span> 
     </span>
     <span class='ocr_line' id='line_1_9' title="bbox 124 1153 1102 1240; baseline 0.001 -21"><span class='ocrx_word' id='word_1_55' title='bbox 124 1155 260 1220; x_wconf 91' lang='lat' dir='ltr'><strong>inimico</strong></span> <span class='ocrx_word' id='word_1_56' title='bbox 274 1155 385 1219; x_wconf 91' lang='lat' dir='ltr'><strong>animo</strong></span> <span class='ocrx_word' id='word_1_57' title='bbox 401 1153 483 1219; x_wconf 88' lang='lat' dir='ltr'><strong>data</strong></span> <span class='ocrx_word' id='word_1_58' title='bbox 499 1153 663 1221; x_wconf 80' lang='lat' dir='ltr'><strong>facultate</strong></span> <span class='ocrx_word' id='word_1_59' title='bbox 673 1177 732 1240; x_wconf 89' lang='lat' dir='ltr'><strong>per</strong></span> <span class='ocrx_word' id='word_1_60' title='bbox 744 1157 954 1240; x_wconf 88' lang='lat' dir='ltr'><strong>provinciam</strong></span> <span class='ocrx_word' id='word_1_61' title='bbox 970 1156 1102 1221; x_wconf 89' lang='lat' dir='ltr'><strong>itineris</strong></span> 
     </span>
     <span class='ocr_line' id='line_1_10' title="bbox 124 1256 1101 1342; baseline 0.001 -20"><span class='ocrx_word' id='word_1_62' title='bbox 124 1258 276 1323; x_wconf 89' lang='lat' dir='ltr'><strong>faciundi</strong></span> <span class='ocrx_word' id='word_1_63' title='bbox 299 1265 545 1342; x_wconf 88' lang='lat' dir='ltr'><strong>temperaturos</strong></span> <span class='ocrx_word' id='word_1_64' title='bbox 569 1256 612 1322; x_wconf 88' lang='lat' dir='ltr'><strong>ab</strong></span> <span class='ocrx_word' id='word_1_65' title='bbox 636 1259 760 1322; x_wconf 91' lang='lat' dir='ltr'><strong>iniuria</strong></span> <span class='ocrx_word' id='word_1_66' title='bbox 784 1267 817 1323; x_wconf 89' lang='lat' dir='ltr'><strong>et</strong></span> <span class='ocrx_word' id='word_1_67' title='bbox 840 1257 1007 1324; x_wconf 91' lang='lat' dir='ltr'><strong>maleficio</strong></span> <span class='ocrx_word' id='word_1_68' title='bbox 1032 1260 1101 1323; x_wconf 85' lang='lat' dir='ltr'><strong>exi-</strong></span> 
     </span>
     <span class='ocr_line' id='line_1_11' title="bbox 102 1359 1103 1447; baseline 0.004 -24"><span class='ocrx_word' id='word_1_69' title='bbox 102 1360 296 1425; x_wconf 84' lang='lat' dir='ltr'><strong>ostimabat.</strong></span> <span class='ocrx_word' id='word_1_70' title='bbox 342 1359 480 1444; x_wconf 81' lang='lat' dir='ltr'><strong>Tamen,</strong></span> <span class='ocrx_word' id='word_1_71' title='bbox 508 1369 546 1424; x_wconf 93' lang='lat' dir='ltr'><strong>ut</strong></span> <span class='ocrx_word' id='word_1_72' title='bbox 561 1359 718 1447; x_wconf 61' lang='lat' dir='ltr'><strong>&#39;spatium</strong></span> <span class='ocrx_word' id='word_1_73' title='bbox 742 1362 953 1428; x_wconf 80' lang='lat' dir='ltr'><strong>intercedere</strong></span> <span class='ocrx_word' id='word_1_74' title='bbox 975 1371 1103 1447; x_wconf 91' lang='lat' dir='ltr'><strong>posset,</strong></span> 
     </span>
     <span class='ocr_line' id='line_1_12' title="bbox 126 1462 1102 1551; baseline 0 -22"><span class='ocrx_word' id='word_1_75' title='bbox 126 1464 203 1529; x_wconf 88' lang='lat' dir='ltr'><strong>dum</strong></span> <span class='ocrx_word' id='word_1_76' title='bbox 218 1462 355 1546; x_wconf 87' lang='lat' dir='ltr'><strong>milites,</strong></span> <span class='ocrx_word' id='word_1_77' title='bbox 372 1485 455 1549; x_wconf 90' lang='lat' dir='ltr'><strong>quos</strong></span> <span class='ocrx_word' id='word_1_78' title='bbox 471 1466 707 1551; x_wconf 85' lang='lat' dir='ltr'><strong>imperaverat,</strong></span> <span class='ocrx_word' id='word_1_79' title='bbox 724 1467 954 1549; x_wconf 85' lang='lat' dir='ltr'><strong>convenirent,</strong></span> <span class='ocrx_word' id='word_1_80' title='bbox 977 1465 1102 1548; x_wconf 85' lang='lat' dir='ltr'><strong>legatis</strong></span> 
     </span>
     <span class='ocr_line' id='line_1_13' title="bbox 123 1567 1104 1655; baseline 0 -23"><span class='ocrx_word' id='word_1_81' title='bbox 123 1567 313 1652; x_wconf 81' lang='lat' dir='ltr'><strong>respondit,</strong></span> <span class='ocrx_word' id='word_1_82' title='bbox 344 1567 432 1633; x_wconf 91' lang='lat' dir='ltr'><strong>diem</strong></span> <span class='ocrx_word' id='word_1_83' title='bbox 462 1590 497 1634; x_wconf 86' lang='lat' dir='ltr'><strong>se</strong></span> <span class='ocrx_word' id='word_1_84' title='bbox 528 1568 573 1634; x_wconf 90' lang='lat' dir='ltr'><strong>ad</strong></span> <span class='ocrx_word' id='word_1_85' title='bbox 598 1568 854 1635; x_wconf 90' lang='lat' dir='ltr'><strong>deliberandum</strong></span> <span class='ocrx_word' id='word_1_86' title='bbox 879 1576 1104 1655; x_wconf 89' lang='lat' dir='ltr'><strong>sumpturum:</strong></span> 
     </span>
     <span class='ocr_line' id='line_1_14' title="bbox 125 1670 969 1758; baseline 0.001 -23"><span class='ocrx_word' id='word_1_87' title='bbox 125 1674 152 1735; x_wconf 92' lang='lat' dir='ltr'><strong>si</strong></span> <span class='ocrx_word' id='word_1_88' title='bbox 177 1672 258 1756; x_wconf 88' lang='lat' dir='ltr'><strong>quid</strong></span> <span class='ocrx_word' id='word_1_89' title='bbox 280 1670 417 1753; x_wconf 87' lang='lat' dir='ltr'><strong>vellent,</strong></span> <span class='ocrx_word' id='word_1_90' title='bbox 442 1670 487 1737; x_wconf 93' lang='lat' dir='ltr'><strong>ad</strong></span> <span class='ocrx_word' id='word_1_91' title='bbox 509 1671 559 1737; x_wconf 90' lang='lat' dir='ltr'><strong>Id.</strong></span> <span class='ocrx_word' id='word_1_92' title='bbox 576 1671 683 1758; x_wconf 88' lang='lat' dir='ltr'><strong>April.</strong></span> <span class='ocrx_word' id='word_1_93' title='bbox 708 1681 969 1739; x_wconf 88' lang='lat' dir='ltr'><strong>reverterentur.</strong></span> 
     </span>
    </p>

    <p class='ocr_par' dir='ltr' id='par_1_3' title="bbox 123 1772 1105 2275">
     <span class='ocr_line' id='line_1_15' title="bbox 209 1772 1103 1860; baseline 0.002 -24"><span class='ocrx_word' id='word_1_94' title='bbox 209 1773 238 1838; x_wconf 85' lang='lat'><strong>8.</strong></span> <span class='ocrx_word' id='word_1_95' title='bbox 273 1775 407 1840; x_wconf 84' lang='lat' dir='ltr'><strong>interea</strong></span> <span class='ocrx_word' id='word_1_96' title='bbox 436 1797 475 1840; x_wconf 91' lang='lat' dir='ltr'><strong>ea</strong></span> <span class='ocrx_word' id='word_1_97' title='bbox 503 1774 646 1859; x_wconf 86' lang='lat' dir='ltr'><strong>legione,</strong></span> <span class='ocrx_word' id='word_1_98' title='bbox 677 1796 776 1860; x_wconf 88' lang='lat' dir='ltr'><strong>quam</strong></span> <span class='ocrx_word' id='word_1_99' title='bbox 807 1797 919 1840; x_wconf 86' lang='lat' dir='ltr'><strong>secum</strong></span> <span class='ocrx_word' id='word_1_100' title='bbox 942 1772 1103 1857; x_wconf 88' lang='lat' dir='ltr'><strong>habebat,</strong></span> 
     </span>
     <span class='ocr_line' id='line_1_16' title="bbox 124 1875 1105 1964; baseline 0.001 -22"><span class='ocrx_word' id='word_1_101' title='bbox 124 1877 362 1962; x_wconf 79' lang='lat' dir='ltr'><strong>militibusque,</strong></span> <span class='ocrx_word' id='word_1_102' title='bbox 387 1880 443 1964; x_wconf 93' lang='lat' dir='ltr'><strong>qui</strong></span> <span class='ocrx_word' id='word_1_103' title='bbox 461 1900 503 1943; x_wconf 85' lang='lat' dir='ltr'><strong>ex</strong></span> <span class='ocrx_word' id='word_1_104' title='bbox 524 1879 700 1963; x_wconf 85' lang='lat' dir='ltr'><strong>provincia</strong></span> <span class='ocrx_word' id='word_1_105' title='bbox 718 1888 957 1961; x_wconf 86' lang='lat' dir='ltr'><strong>convenerant,</strong></span> <span class='ocrx_word' id='word_1_106' title='bbox 981 1900 1001 1942; x_wconf 91' lang='lat' dir='ltr'><strong>a</strong></span> <span class='ocrx_word' id='word_1_107' title='bbox 1025 1875 1105 1943; x_wconf 88' lang='lat' dir='ltr'><strong>lacu</strong></span> 
     </span>
     <span class='ocr_line' id='line_1_17' title="bbox 123 1980 1104 2067; baseline 0 -22"><span class='ocrx_word' id='word_1_108' title='bbox 123 1982 307 2065; x_wconf 80' lang='lat' dir='ltr'><strong>Lemanno,</strong></span> <span class='ocrx_word' id='word_1_109' title='bbox 343 2004 409 2067; x_wconf 85' lang='lat' dir='ltr'><strong>qua</strong></span> <span class='ocrx_word' id='word_1_110' title='bbox 444 1984 478 2047; x_wconf 93' lang='lat' dir='ltr'><strong>in</strong></span> <span class='ocrx_word' id='word_1_111' title='bbox 511 1981 632 2047; x_wconf 89' lang='lat' dir='ltr'><strong>flumen</strong></span> <span class='ocrx_word' id='word_1_112' title='bbox 664 1981 864 2047; x_wconf 88' lang='lat' dir='ltr'><strong>Rhodanum</strong></span> <span class='ocrx_word' id='word_1_113' title='bbox 898 1981 1022 2064; x_wconf 90' lang='lat' dir='ltr'><strong>influit,</strong></span> <span class='ocrx_word' id='word_1_114' title='bbox 1058 1980 1104 2045; x_wconf 91' lang='lat' dir='ltr'><strong>ad</strong></span> 
     </span>
     <span class='ocr_line' id='line_1_18' title="bbox 124 2083 1103 2171; baseline -0.003 -20"><span class='ocrx_word' id='word_1_115' title='bbox 124 2096 270 2152; x_wconf 89' lang='lat' dir='ltr'><strong>montem</strong></span> <span class='ocrx_word' id='word_1_116' title='bbox 286 2085 409 2168; x_wconf 85' lang='lat' dir='ltr'><strong>iuram,</strong></span> <span class='ocrx_word' id='word_1_117' title='bbox 434 2087 490 2171; x_wconf 94' lang='lat' dir='ltr'><strong>qui</strong></span> <span class='ocrx_word' id='word_1_118' title='bbox 512 2085 596 2150; x_wconf 90' lang='lat' dir='ltr'><strong>fines</strong></span> <span class='ocrx_word' id='word_1_119' title='bbox 613 2083 843 2169; x_wconf 83' lang='lat' dir='ltr'><strong>Sequanorum</strong></span> <span class='ocrx_word' id='word_1_120' title='bbox 867 2084 911 2150; x_wconf 91' lang='lat' dir='ltr'><strong>ab</strong></span> <span class='ocrx_word' id='word_1_121' title='bbox 934 2083 1103 2149; x_wconf 88' lang='lat' dir='ltr'><strong>Helvetiis</strong></span> 
     </span>
     <span class='ocr_line' id='line_1_19' title="bbox 126 2185 1105 2275; baseline -0.004 -20"><span class='ocrx_word' id='word_1_122' title='bbox 126 2189 259 2273; x_wconf 84' lang='lat' dir='ltr'><strong>dividit,</strong></span> <span class='ocrx_word' id='word_1_123' title='bbox 276 2188 369 2253; x_wconf 92' lang='lat' dir='ltr'><strong>milia</strong></span> <span class='ocrx_word' id='word_1_124' title='bbox 385 2210 546 2275; x_wconf 85' lang='lat' dir='ltr'><strong>passuum</strong></span> <span class='ocrx_word' id='word_1_125' title='bbox 565 2188 680 2255; x_wconf 89' lang='lat' dir='ltr'><strong>decem</strong></span> <span class='ocrx_word' id='word_1_126' title='bbox 691 2210 811 2253; x_wconf 91' lang='lat' dir='ltr'><strong>novem</strong></span> <span class='ocrx_word' id='word_1_127' title='bbox 829 2209 958 2253; x_wconf 91' lang='lat' dir='ltr'><strong>murum</strong></span> <span class='ocrx_word' id='word_1_128' title='bbox 975 2189 1008 2252; x_wconf 93' lang='lat' dir='ltr'><strong>in</strong></span> <span class='ocrx_word' id='word_1_129' title='bbox 1026 2185 1105 2252; x_wconf 92' lang='lat' dir='ltr'><strong>alti·</strong></span> 
     </span>
    </p>

    <p class='ocr_par' dir='ltr' id='par_1_4' title="bbox 14 2290 1150 3620">
     <span class='ocr_line' id='line_1_20' title="bbox 103 2290 1102 2378; baseline -0.001 -21"><span class='ocrx_word' id='word_1_130' title='bbox 103 2293 276 2359; x_wconf 83' lang='lat' dir='ltr'><strong>2tudinem</strong></span> <span class='ocrx_word' id='word_1_131' title='bbox 304 2292 427 2378; x_wconf 88' lang='lat' dir='ltr'><strong>pedum</strong></span> <span class='ocrx_word' id='word_1_132' title='bbox 451 2291 598 2358; x_wconf 89' lang='lat' dir='ltr'><strong>sedecim</strong></span> <span class='ocrx_word' id='word_1_133' title='bbox 621 2293 813 2378; x_wconf 87' lang='lat' dir='ltr'><strong>fossamque</strong></span> <span class='ocrx_word' id='word_1_134' title='bbox 838 2290 1005 2377; x_wconf 89' lang='lat' dir='ltr'><strong>perducit.</strong></span> <span class='ocrx_word' id='word_1_135' title='bbox 1050 2290 1102 2356; x_wconf 85' lang='lat' dir='ltr'><strong>Eo</strong></span> 
     </span>
     <span class='ocr_line' id='line_1_21' title="bbox 125 2396 1102 2483; baseline 0.001 -22"><span class='ocrx_word' id='word_1_136' title='bbox 125 2419 224 2482; x_wconf 86' lang='lat' dir='ltr'><strong>opere</strong></span> <span class='ocrx_word' id='word_1_137' title='bbox 236 2398 384 2482; x_wconf 88' lang='lat' dir='ltr'><strong>perfecto</strong></span> <span class='ocrx_word' id='word_1_138' title='bbox 397 2398 570 2483; x_wconf 87' lang='lat' dir='ltr'><strong>praesidia</strong></span> <span class='ocrx_word' id='word_1_139' title='bbox 579 2397 738 2483; x_wconf 88' lang='lat' dir='ltr'><strong>disponit,</strong></span> <span class='ocrx_word' id='word_1_140' title='bbox 752 2396 896 2463; x_wconf 84' lang='lat' dir='ltr'><strong>castella</strong></span> <span class='ocrx_word' id='word_1_141' title='bbox 909 2397 1102 2480; x_wconf 89' lang='lat' dir='ltr'><strong>communit,</strong></span> 
     </span>
     <span class='ocr_line' id='line_1_22' title="bbox 124 2501 1104 2585; baseline -0.002 -20"><span class='ocrx_word' id='word_1_142' title='bbox 124 2522 187 2585; x_wconf 90' lang='lat' dir='ltr'><strong>quo</strong></span> <span class='ocrx_word' id='word_1_143' title='bbox 212 2501 357 2583; x_wconf 83' lang='lat' dir='ltr'><strong>facilius,</strong></span> <span class='ocrx_word' id='word_1_144' title='bbox 382 2503 410 2565; x_wconf 92' lang='lat' dir='ltr'><strong>si</strong></span> <span class='ocrx_word' id='word_1_145' title='bbox 435 2523 470 2565; x_wconf 89' lang='lat' dir='ltr'><strong>se</strong></span> <span class='ocrx_word' id='word_1_146' title='bbox 493 2502 599 2566; x_wconf 91' lang='lat' dir='ltr'><strong>invito</strong></span> <span class='ocrx_word' id='word_1_147' title='bbox 622 2503 769 2565; x_wconf 87' lang='lat' dir='ltr'><strong>transire</strong></span> <span class='ocrx_word' id='word_1_148' title='bbox 793 2508 1005 2582; x_wconf 89' lang='lat' dir='ltr'><strong>conarentur,</strong></span> <span class='ocrx_word' id='word_1_149' title='bbox 1028 2520 1104 2585; x_wconf 92' lang='lat' dir='ltr'><strong>pro·</strong></span> 
     </span>
     <span class='ocr_line' id='line_1_23' title="bbox 103 2603 1104 2690; baseline 0.004 -28"><span class='ocrx_word' id='word_1_150' title='bbox 103 2603 238 2668; x_wconf 85' lang='lat' dir='ltr'><strong>alribere</strong></span> <span class='ocrx_word' id='word_1_151' title='bbox 253 2607 369 2690; x_wconf 90' lang='lat' dir='ltr'><strong>possit.</strong></span> <span class='ocrx_word' id='word_1_152' title='bbox 393 2603 461 2670; x_wconf 91' lang='lat' dir='ltr'><strong>Ubi</strong></span> <span class='ocrx_word' id='word_1_153' title='bbox 485 2627 525 2669; x_wconf 85' lang='lat' dir='ltr'><strong>aa</strong></span> <span class='ocrx_word' id='word_1_154' title='bbox 550 2605 632 2687; x_wconf 86' lang='lat' dir='ltr'><strong>dies,</strong></span> <span class='ocrx_word' id='word_1_155' title='bbox 656 2625 756 2690; x_wconf 90' lang='lat' dir='ltr'><strong>quam</strong></span> <span class='ocrx_word' id='word_1_156' title='bbox 780 2606 1004 2670; x_wconf 86' lang='lat' dir='ltr'><strong>constituerat</strong></span> <span class='ocrx_word' id='word_1_157' title='bbox 1028 2624 1104 2667; x_wconf 85' lang='lat' dir='ltr'><strong>eum</strong></span> 
     </span>
     <span class='ocr_line' id='line_1_24' title="bbox 124 2706 1111 2791; baseline 0.001 -21"><span class='ocrx_word' id='word_1_158' title='bbox 124 2706 258 2790; x_wconf 87' lang='lat' dir='ltr'><strong>legatis,</strong></span> <span class='ocrx_word' id='word_1_159' title='bbox 281 2710 385 2790; x_wconf 87' lang='lat' dir='ltr'><strong>venit,</strong></span> <span class='ocrx_word' id='word_1_160' title='bbox 409 2717 443 2772; x_wconf 92' lang='lat' dir='ltr'><strong>et</strong></span> <span class='ocrx_word' id='word_1_161' title='bbox 466 2707 570 2791; x_wconf 87' lang='lat' dir='ltr'><strong>legati</strong></span> <span class='ocrx_word' id='word_1_162' title='bbox 595 2706 640 2771; x_wconf 88' lang='lat' dir='ltr'><strong>ad</strong></span> <span class='ocrx_word' id='word_1_163' title='bbox 663 2730 736 2771; x_wconf 92' lang='lat' dir='ltr'><strong>eum</strong></span> <span class='ocrx_word' id='word_1_164' title='bbox 753 2716 975 2790; x_wconf 85' lang='lat' dir='ltr'><strong>reverterunt,</strong></span> <span class='ocrx_word' id='word_1_165' title='bbox 999 2715 1111 2788; x_wconf 52' lang='lat' dir='ltr'><strong>negat*</strong></span> 
     </span>
     <span class='ocr_line' id='line_1_25' title="bbox 125 2807 1103 2897; baseline -0.002 -23"><span class='ocrx_word' id='word_1_166' title='bbox 125 2833 160 2874; x_wconf 90' lang='lat' dir='ltr'><strong>sa</strong></span> <span class='ocrx_word' id='word_1_167' title='bbox 183 2833 273 2876; x_wconf 88' lang='lat' dir='ltr'><strong>more</strong></span> <span class='ocrx_word' id='word_1_168' title='bbox 298 2820 330 2875; x_wconf 91' lang='lat' dir='ltr'><strong>et</strong></span> <span class='ocrx_word' id='word_1_169' title='bbox 353 2809 506 2895; x_wconf 82' lang='lat' dir='ltr'><strong>exemplo</strong></span> <span class='ocrx_word' id='word_1_170' title='bbox 529 2809 643 2896; x_wconf 92' lang='lat' dir='ltr'><strong>populi</strong></span> <span class='ocrx_word' id='word_1_171' title='bbox 665 2810 806 2876; x_wconf 90' lang='lat' dir='ltr'><strong>Romani</strong></span> <span class='ocrx_word' id='word_1_172' title='bbox 831 2833 931 2897; x_wconf 90' lang='lat' dir='ltr'><strong>posse</strong></span> <span class='ocrx_word' id='word_1_173' title='bbox 953 2811 1018 2875; x_wconf 86' lang='lat' dir='ltr'><strong>iter</strong></span> <span class='ocrx_word' id='word_1_174' title='bbox 1040 2807 1103 2873; x_wconf 93' lang='lat' dir='ltr'><strong>ulli</strong></span> 
     </span>
     <span class='ocr_line' id='line_1_26' title="bbox 124 2912 1104 3000; baseline -0.002 -22"><span class='ocrx_word' id='word_1_175' title='bbox 124 2937 183 2999; x_wconf 82' lang='lat' dir='ltr'><strong>per</strong></span> <span class='ocrx_word' id='word_1_176' title='bbox 205 2915 417 3000; x_wconf 90' lang='lat' dir='ltr'><strong>provinciam</strong></span> <span class='ocrx_word' id='word_1_177' title='bbox 440 2912 523 2977; x_wconf 90' lang='lat' dir='ltr'><strong>dare</strong></span> <span class='ocrx_word' id='word_1_178' title='bbox 554 2922 603 2996; x_wconf 88' lang='lat' dir='ltr'><strong>et,</strong></span> <span class='ocrx_word' id='word_1_179' title='bbox 638 2914 665 2976; x_wconf 93' lang='lat' dir='ltr'><strong>si</strong></span> <span class='ocrx_word' id='word_1_180' title='bbox 695 2914 763 2979; x_wconf 87' lang='lat' dir='ltr'><strong>vim</strong></span> <span class='ocrx_word' id='word_1_181' title='bbox 793 2913 906 2979; x_wconf 85' lang='lat' dir='ltr'><strong>faeere</strong></span> <span class='ocrx_word' id='word_1_182' title='bbox 929 2922 1104 2996; x_wconf 87' lang='lat' dir='ltr'><strong>conentur,</strong></span> 
     </span>
     <span class='ocr_line' id='line_1_27' title="bbox 103 3014 1105 3104; baseline -0.001 -23"><span class='ocrx_word' id='word_1_183' title='bbox 103 3017 371 3102; x_wconf 69' lang='lat' dir='ltr'><strong>aprohibiturum</strong></span> <span class='ocrx_word' id='word_1_184' title='bbox 396 3015 553 3080; x_wconf 88' lang='lat' dir='ltr'><strong>ostendit.</strong></span> <span class='ocrx_word' id='word_1_185' title='bbox 578 3014 727 3082; x_wconf 89' lang='lat' dir='ltr'><strong>Helvetii</strong></span> <span class='ocrx_word' id='word_1_186' title='bbox 752 3039 792 3082; x_wconf 95' lang='lat' dir='ltr'><strong>ea</strong></span> <span class='ocrx_word' id='word_1_187' title='bbox 817 3040 874 3104; x_wconf 90' lang='lat' dir='ltr'><strong>spe</strong></span> <span class='ocrx_word' id='word_1_188' title='bbox 900 3016 1022 3082; x_wconf 86' lang='lat' dir='ltr'><strong>deiecti</strong></span> <span class='ocrx_word' id='word_1_189' title='bbox 1045 3037 1105 3080; x_wconf 93' lang='lat' dir='ltr'><strong>na-</strong></span> 
     </span>
     <span class='ocr_line' id='line_1_28' title="bbox 125 3118 1104 3205; baseline -0.002 -19"><span class='ocrx_word' id='word_1_190' title='bbox 125 3120 225 3186; x_wconf 87' lang='lat' dir='ltr'><strong>vibus</strong></span> <span class='ocrx_word' id='word_1_191' title='bbox 255 3121 378 3185; x_wconf 87' lang='lat' dir='ltr'><strong>iunctis</strong></span> <span class='ocrx_word' id='word_1_192' title='bbox 407 3118 605 3204; x_wconf 87' lang='lat' dir='ltr'><strong>ratibusque</strong></span> <span class='ocrx_word' id='word_1_193' title='bbox 635 3118 862 3205; x_wconf 89' lang='lat' dir='ltr'><strong>compluribus</strong></span> <span class='ocrx_word' id='word_1_194' title='bbox 892 3119 1009 3203; x_wconf 88' lang='lat' dir='ltr'><strong>factis,</strong></span> <span class='ocrx_word' id='word_1_195' title='bbox 1044 3118 1104 3184; x_wconf 90' lang='lat' dir='ltr'><strong>alii</strong></span> 
     </span>
     <span class='ocr_line' id='line_1_29' title="bbox 14 3218 1104 3310; baseline 0.006 -29"><span class='ocrx_word' id='word_1_196' title='bbox 14 3218 21 3281; x_wconf 81' lang='lat'><strong>.&#39;</strong></span> <span class='ocrx_word' id='word_1_197' title='bbox 126 3224 223 3288; x_wconf 88' lang='lat' dir='ltr'><strong>vadis</strong></span> <span class='ocrx_word' id='word_1_198' title='bbox 247 3224 412 3307; x_wconf 88' lang='lat' dir='ltr'><strong>Rhodani,</strong></span> <span class='ocrx_word' id='word_1_199' title='bbox 437 3244 502 3310; x_wconf 88' lang='lat' dir='ltr'><strong>qua</strong></span> <span class='ocrx_word' id='word_1_200' title='bbox 525 3225 663 3289; x_wconf 90' lang='lat' dir='ltr'><strong>minima</strong></span> <span class='ocrx_word' id='word_1_201' title='bbox 687 3222 832 3288; x_wconf 91' lang='lat' dir='ltr'><strong>altitudo</strong></span> <span class='ocrx_word' id='word_1_202' title='bbox 850 3224 996 3289; x_wconf 91' lang='lat' dir='ltr'><strong>fluminis</strong></span> <span class='ocrx_word' id='word_1_203' title='bbox 1020 3233 1104 3305; x_wconf 91' lang='lat' dir='ltr'><strong>erat,</strong></span> 
     </span>
     <span class='ocr_line' id='line_1_30' title="bbox 125 3326 1150 3414; baseline 0 -23"><span class='ocrx_word' id='word_1_204' title='bbox 125 3350 375 3414; x_wconf 90' lang='lat' dir='ltr'><strong>nonnumquam</strong></span> <span class='ocrx_word' id='word_1_205' title='bbox 391 3326 548 3411; x_wconf 88' lang='lat' dir='ltr'><strong>interdiu,</strong></span> <span class='ocrx_word' id='word_1_206' title='bbox 566 3328 699 3412; x_wconf 89' lang='lat' dir='ltr'><strong>saepius</strong></span> <span class='ocrx_word' id='word_1_207' title='bbox 716 3334 828 3409; x_wconf 89' lang='lat' dir='ltr'><strong>noctu,</strong></span> <span class='ocrx_word' id='word_1_208' title='bbox 847 3328 874 3391; x_wconf 88' lang='lat' dir='ltr'><strong>si</strong></span> <span class='ocrx_word' id='word_1_209' title='bbox 890 3348 1104 3413; x_wconf 88' lang='lat' dir='ltr'><strong>perrumpere</strong></span> <span class='ocrx_word' id='word_1_210' title='bbox 1147 3398 1150 3402; x_wconf 55' lang='grc'>,</span> 
     </span>
     <span class='ocr_line' id='line_1_31' title="bbox 124 3431 1105 3516; baseline -0.001 -20"><span class='ocrx_word' id='word_1_211' title='bbox 124 3440 262 3516; x_wconf 89' lang='lat' dir='ltr'><strong>possent</strong></span> <span class='ocrx_word' id='word_1_212' title='bbox 292 3432 422 3515; x_wconf 91' lang='lat' dir='ltr'><strong>conati,</strong></span> <span class='ocrx_word' id='word_1_213' title='bbox 452 3432 561 3515; x_wconf 88' lang='lat' dir='ltr'><strong>operis</strong></span> <span class='ocrx_word' id='word_1_214' title='bbox 592 3431 777 3495; x_wconf 88' lang='lat' dir='ltr'><strong>munitione</strong></span> <span class='ocrx_word' id='word_1_215' title='bbox 800 3440 833 3495; x_wconf 87' lang='lat' dir='ltr'><strong>et</strong></span> <span class='ocrx_word' id='word_1_216' title='bbox 859 3431 1001 3497; x_wconf 92' lang='lat' dir='ltr'><strong>militum</strong></span> <span class='ocrx_word' id='word_1_217' title='bbox 1025 3451 1105 3495; x_wconf 90' lang='lat' dir='ltr'><strong>con·</strong></span> 
     </span>
     <span class='ocr_line' id='line_1_32' title="bbox 126 3534 1005 3620; baseline 0.002 -21"><span class='ocrx_word' id='word_1_218' title='bbox 126 3554 225 3600; x_wconf 89' lang='lat' dir='ltr'><strong>cursu</strong></span> <span class='ocrx_word' id='word_1_219' title='bbox 250 3544 282 3600; x_wconf 90' lang='lat' dir='ltr'><strong>et</strong></span> <span class='ocrx_word' id='word_1_220' title='bbox 306 3534 384 3600; x_wconf 87' lang='lat' dir='ltr'><strong>telis</strong></span> <span class='ocrx_word' id='word_1_221' title='bbox 408 3534 534 3620; x_wconf 85' lang='lat' dir='ltr'><strong>repulsi</strong></span> <span class='ocrx_word' id='word_1_222' title='bbox 558 3534 621 3600; x_wconf 91' lang='lat' dir='ltr'><strong>boc</strong></span> <span class='ocrx_word' id='word_1_223' title='bbox 645 3543 769 3599; x_wconf 89' lang='lat' dir='ltr'><strong>conatu</strong></span> <span class='ocrx_word' id='word_1_224' title='bbox 795 3535 1005 3601; x_wconf 88' lang='lat' dir='ltr'><strong>destiterunt.</strong></span> 
     </span>
    </p>
   </div>
   <div class='ocr_carea' id='block_1_3' title="bbox 0 0 1192 3924">
    <p class='ocr_par' dir='ltr' id='par_1_5' title="bbox 0 0 1192 3924">
     <span class='ocr_line' id='line_1_33' title="bbox 0 0 1192 3924; baseline 0 1"><span class='ocrx_word' id='word_1_225' title='bbox 0 0 1192 3924; x_wconf 95' lang='lat' dir='ltr'><strong> </strong></span> 
     </span>
    </p>
   </div>
  </div>
 </body>
</html>
