2376 3924
352 212 462 263 ummo
480 213 556 278 vm,
576 212 652 264 cnr.
672 215 782 266 ‹ra-ca
990 215 1052 280 257

77 403 257 483 concessit,
282 423 345 487 quo
368 403 527 468 testatior
556 412 644 467 esset
676 424 784 487 poena
817 404 1076 490 improborum.·2

76 506 242 591 Drappes,
266 527 362 591 quem
387 516 523 594 captum
548 528 621 571 esse
644 504 824 572 aOaninio
848 507 958 591 docui,
983 513 1055 576 sive

76 609 282 695 indignitate
298 620 332 675 et
349 610 462 676 dolore
474 610 683 677 vinculorum
701 613 772 676 sive
787 613 908 677 timore
920 617 1053 697 gravio-

76 717 123 779 ris
147 714 303 802 supplicii
327 717 443 802 paucis
469 714 586 780 diebus
611 714 686 780 cibo
712 737 747 780 se
770 715 935 781 abstinuit
952 728 1054 804 atque

76 819 125 883 ita
149 820 288 883 interiit.
324 817 453 883 Eodem
477 828 624 904 tempore
646 819 836 902 Lucterius,
861 842 957 906 quem
979 844 1075 907 pro-e

75 924 204 1006 fugisse
228 945 271 987 ex
293 921 420 1008 proelio
445 924 575 1009 scripsi,
611 946 685 990 cum
717 927 749 988 in
773 934 975 1010 potestatem
998 948 1053 991 ve-

75 1029 180 1092 nisset
203 1026 391 1113 Epasnacti
413 1023 558 1090 Arverni
595 1026 725 1109 (crebro
761 1030 847 1093 enim
882 1028 1053 1094 mutandis

75 1129 160 1195 locis
176 1129 355 1194 multorum
370 1129 449 1194 fidei
466 1151 502 1194 se
518 1130 759 1213 committebat,
785 1131 874 1217 quod
889 1154 1053 1218 nusquam

77 1232 201 1299 diutius
219 1235 291 1298 sine
302 1232 452 1318 periculo
476 1244 741 1299 commoraturus
764 1235 953 1319 videbatur,
978 1259 1053 1302 cum

75 1336 139 1402 sibi
152 1339 308 1403 conscius
323 1347 421 1421 esset,
434 1361 533 1425 quam
546 1341 717 1403 inimicum
727 1338 862 1405 deberet
872 1338 1053 1405 Caesarem

74 1441 224 1525 habere),
256 1439 345 1506 hunc
373 1440 588 1527 Epasnactus
612 1441 796 1526 Arvernus,
830 1444 1052 1509 amicissimus

73 1545 186 1632 populi
213 1545 366 1622 Romani,
397 1546 469 1610 sine
501 1543 712 1611 dubitatione
739 1545 810 1610 ulla
834 1548 984 1611 vinctum
1008 1546 1053 1611 ad

74 1646 254 1714 Caesarem
278 1648 429 1714 deduxit.

160 1751 211 1817 45.
235 1751 408 1817 Labienus
421 1753 556 1818 interim
568 1753 602 1816 in
615 1752 772 1817 Treveris
789 1763 945 1837 equestre
956 1775 1051 1838 proe-

74 1857 155 1921 lium
170 1856 253 1922 facit
271 1855 455 1921 secundum
473 1855 766 1941 compluribusque
782 1855 938 1921 Treveris
950 1857 1051 1922 inter·

73 1960 170 2025 fectis
194 1970 227 2025 et
251 1956 441 2042 Germanis,
476 1960 532 2045 qui
562 1959 664 2024 nullis
694 1959 856 2024 adversus
881 1960 1050 2026 Romanos

74 2063 202 2129 auxilia.
227 2063 452 2146 denegabant,
475 2065 645 2150 principes
670 2086 783 2129 eorum
806 2064 902 2129 vivos
926 2064 1051 2148 redigit

72 2169 223 2232 insuam
247 2175 448 2253 potestatem
472 2175 573 2252 atque
602 2168 636 2231 in
666 2165 719 2230 his
744 2165 863 2232 Surum
887 2166 1072 2247 Aeduum,2
1096 2168 1099 2173 ’

73 2273 129 2356 qui
145 2280 185 2335 *et
200 2271 338 2337 virtutis
363 2279 395 2334 et
420 2272 553 2354 generis
578 2291 739 2334 summam
762 2268 975 2334 nobilitatem
992 2270 1049 2334 ha·

71 2371 175 2438 bebat
206 2372 362 2458 solusque
393 2397 435 2438 ex
458 2371 586 2437 Aeduis
616 2372 661 2436 ad
685 2371 719 2436 id
742 2381 872 2458 tempus
896 2394 1048 2457 perman-

74 2485 166 2542 serat
188 2478 223 2541 in
247 2478 361 2542 armis.

158 2578 209 2642 46.
231 2578 284 2644 Ea
312 2602 349 2644 re
379 2580 517 2662 cognita
545 2577 684 2663 Caesar,
718 2601 793 2644 cum
827 2581 860 2642 in
896 2578 1049 2644 omnibus

72 2683 225 2769 partibus
242 2681 378 2749 Galliac
401 2683 487 2749 bene
503 2706 557 2749 res
573 2686 644 2769 geri
661 2683 793 2750 videret
818 2683 1049 2770 iudicaretque

73 2786 298 2873 superioribus
310 2789 450 2853 aestivis
464 2785 612 2852 Galliam
626 2787 794 2852 devictam
808 2786 1050 2873 subactamque

72 2912 156 2974 esse,
190 2890 412 2978 Aquitaniam
435 2914 615 2978 numquam
641 2891 779 2975 adisset,
813 2914 872 2978 per
895 2891 1049 2958 Publium

72 2993 232 3060 Crassum
256 2995 403 3081 quadam
425 3019 468 3063 ex
490 3006 587 3084 parte
611 2997 802 3079 devicisset,
826 3018 902 3061 cum
919 2995 1049 3063 duabus

71 3097 261 3183 legionibus
278 3101 313 3164 in
330 3122 403 3166 eam
424 3110 557 3187 partem
574 3097 710 3165 Galliae
734 3109 785 3165 est
808 3100 989 3185 profectus,
1013 3109 1050 3165 ut

72 3200 119 3267 ibi
136 3211 323 3270 extremum
338 3213 468 3293 tempus
484 3213 697 3271 consumeret
710 3205 923 3269 aestivorum.
942 3203 1071 3284 Quama

70 3326 140 3369 rem
152 3307 252 3373 sicuti
264 3318 379 3374 cetera
391 3308 548 3374 celeriter
559 3307 769 3393 feliciterque
782 3306 937 3371 confecit.
950 3307 1050 3372 Nam·

72 3430 135 3494 que
147 3430 261 3477 omnes
274 3410 481 3498 Aquitaniae
492 3413 652 3478 civitates
666 3411 797 3496 legatos
808 3409 857 3475 ad
867 3407 1050 3476 Caesarem

70 3511 234 3579 miserunt
249 3513 452 3601 obsidesque
461 3515 491 3579 ei
499 3515 673 3582 dederunt.
696 3511 934 3596 Quibusrebus
942 3515 1071 3598 gestias

123 3620 208 3665 cunr.
223 3621 240 3664 1.
255 3623 276 3666 b.
292 3622 317 3665 d.
907 3615 943 3667 Ἦ
