2376 3924
135 239 198 304 292
440 238 549 288 annm
570 238 819 290 111011111111010

170 431 314 491 lacessunt,
331 447 415 482 naves
434 431 591 491 incendunt,
618 431 707 497 ipsum
731 430 859 481 occidunt
877 447 900 480 0.
918 430 960 482 40.
996 430 1111 483 Interim

169 517 271 567 Fabius
289 518 423 568 Maximus
442 517 477 568 ad
488 517 618 568 Mundam
637 516 814 568 obsidendam
833 532 850 566 a
863 516 980 568 Caesare
999 518 1113 569 relictus

172 604 296 669 oppidum
317 608 467 669 expugnat3
498 603 560 653 inde
579 602 729 654 Ursaonem
749 602 873 653 obsidere
890 603 1009 654 instituit
1027 619 1050 654 c.
1069 607 1113 655 41.

172 689 277 751 Contio,
296 705 375 756 quam
396 690 497 740 Caesar
515 689 624 754 Hispali
643 688 841 739 1101011042.

226 847 253 910 1.
277 847 447 910 Pharnace
476 853 628 930 superato
642 894 734 907 .....
759 843 872 909 Africa
901 855 1034 931 recepta
1057 851 1113 932 qui

138 973 180 1014 ex
210 950 259 1014 his
287 948 415 1034 proeliis
444 971 517 1013 cum
546 947 753 1013 adulescente
776 948 834 1013 On.
859 950 1012 1037 Pompeio
1041 973 1114 1036 pro·

138 1053 304 1138 fugissent,
325 1103 417 1116 .....
442 1074 517 1116 cum
544 1061 577 1116 01
605 1051 764 1117 ulterioris
786 1053 965 1139 Hispaniae
993 1057 1114 1140 potitus

139 1164 232 1237 esset,
262 1155 340 1219 dum
362 1153 484 1220 Caesar
513 1155 701 1220 muneribus
724 1155 839 1220 dandis
862 1158 896 1220 in
917 1156 1013 1222 Italia
1035 1158 1114 1222 deti-

139 1269 243 1341 netur,
271 1280 334 1343 quo
357 1259 481 1323 facilius
497 1259 659 1345 praesidia
675 1270 788 1323 contra
803 1270 1007 1345 compararet
1021 1261 1115 1325 Porn-

140 1364 240 1447 peius,
274 1366 308 1426 in
341 1363 439 1426 fidem
475 1365 726 1448 uniuscuiusque
763 1365 902 1427 civitatis
939 1364 1115 1448 confugere

118 1468 254 1551 ²coepit.
291 1466 343 1530 lta
373 1467 491 1550 partim
520 1464 671 1552 precibus
693 1468 812 1552 partim
834 1468 867 1530 vi
889 1466 972 1531 bene
995 1490 1115 1552 magna

119 1579 328 1655 3comparata
365 1592 464 1633 manu
500 1571 701 1655 provinciam
734 1579 874 1634 vastare.
921 1570 1049 1653 Quibus
1082 1574 1116 1635 in

140 1675 238 1739 rebus
260 1673 431 1738 nonnullae
455 1676 602 1739 civitates
631 1696 689 1738 sua
717 1682 830 1759 sponte
864 1673 985 1737 auxilia
1012 1676 1115 1740 mitte·

119 1777 229 1859 ⁴bant,
257 1781 334 1842 item
361 1778 534 1843 nonnullae
561 1787 671 1863 portas
699 1787 812 1843 contra
841 1776 1023 1842 eludebant.
1061 1778 1116 1843 Ex

141 1881 258 1965 quibus
281 1883 306 1944 si
329 1903 394 1965 qua
418 1882 536 1967 oppida
558 1884 590 1945 vi
612 1890 753 1966 ceperat,
777 1903 851 1946 cum
873 1880 988 1966 aliquis
1011 1903 1117 1946 exea

141 1985 270 2050 civitate
294 1987 411 2069 optime
435 1981 487 2070 [de
509 1984 568 2049 Cn.
585 1982 749 2070 Pompeio]
772 1986 905 2049 meritus
920 1987 1000 2050 civis
1022 1993 1116 2066 esset,

141 2096 272 2173 propter
294 2090 450 2173 pecuniae
472 2087 728 2172 magnitudinem
749 2087 857 2173 aliqua
872 2089 902 2151 ci
916 2087 1117 2153 inferebatur

142 2214 250 2274 causa,
274 2200 310 2256 ut
332 2213 369 2255 eo
393 2192 434 2256 de
463 2191 570 2256 medic
594 2190 718 2256 sublato
748 2213 791 2254 cx
818 2192 887 2256 eius
914 2192 1053 2278 pecunia
1075 2190 1118 2256 la-

120 2305 272 2360 stronum
304 2295 431 2380 largitio
463 2296 566 2361 fieret.
611 2295 663 2360 Ita
700 2297 789 2381 pacis
827 2294 994 2362 commodo
1028 2294 1117 2358 1110110

142 2400 242 2463 hostis
264 2399 370 2463 furato
399 2402 537 2464 maiores
565 2398 770 2484 augebantur
798 2401 918 2485 copiae.
956 2399 1029 2463 Hoc
1052 2420 1119 2462 cre·

142 2502 232 2567 brius
259 2504 380 2567 nuntiis
403 2505 436 2566 in
458 2502 585 2566 Italiam
617 2503 722 2565 missis
757 2505 903 2567 civitates
937 2503 1118 2566 contrariae

143 2607 297 2693 Pompeio
321 2606 443 2671 auxilia
466 2604 527 2670 sibi
549 2605 808 2692 depostulabant.

230 2711 259 2774 2.
298 2709 419 2775 Caesar
455 2710 593 2775 dictator
637 2713 742 2791 tertio,
788 2707 895 2773 00110111
932 2709 1119 2794 designatus

144 2823 258 2898 quarto
287 2813 394 2878 multis
423 2823 497 2878 ante
525 2815 587 2877 iter
614 2812 712 2878 rebus
740 2814 893 2877 confectis
922 2835 993 2877 cum
1024 2812 1121 2878 celeri

144 2919 347 2982 festinatione
376 2918 418 2982 ad
448 2917 568 2983 bellum
602 2917 839 2982 conficiendum
865 2918 900 2980 in
926 2915 1120 3001 Hispaniam

146 3018 241 3106 [curn]
272 3023 423 3102 venisset,
461 3020 624 3105 legatique
653 3017 889 3099 Cordubenses,
927 3020 982 3102 qni
1011 3040 1030 3081 a
1060 3016 1119 3082 On.

123 3125 298 3210 2P0mpeio
327 3123 557 3204 discessissent,
592 3121 723 3187 Caesari
752 3120 882 3185 obviam
904 3121 1076 3203 venissent,
1101 3145 1121 3186 a

146 3227 263 3312 quibus
285 3227 496 3292 nuntiabatur
518 3235 676 3291 nocturno
699 3236 844 3311 tempore
868 3224 1022 3309 oppidum
1044 3225 1120 3290 Ocr-

147 3331 269 3396 ‹lubam
291 3333 363 3416 capi
386 3353 489 3417 posse,
520 3330 607 3415 quod
630 3328 897 3414 necopinantibus
924 3328 1121 3394 adversariis

147 3437 215 3497 cius
238 3436 424 3520 provinciae
452 3435 572 3518 potitus
594 3442 688 3516 esset,
723 3430 881 3515 simulque
907 3430 995 3518 quod
1022 3430 1121 3495 tabel-

148 3536 243 3620 lariis,
279 3540 333 3622 qui
366 3561 385 3600 a
419 3535 476 3601 Cn.
500 3536 654 3621 Pompeio
689 3535 832 3621 dispositi
866 3532 1013 3599 omnibus
1044 3532 1121 3598 locis
