2376 3924
128 220 191 285 248
433 221 484 271 DE
502 219 622 271 BELLO
643 220 801 272 GALLIOO

128 421 241 476 tamen
266 410 385 476 doctus
409 411 453 476 ab
476 413 530 495 iis,
553 414 609 498 qui
638 411 787 478 locorum
814 423 979 479 noverant
1008 424 1105 480 natu·

127 537 210 596 ram,
245 515 456 599 potissimum
489 514 635 581 credidit
661 515 775 581 hostes
804 517 1001 602 perterritos
1031 540 1106 584 eum

106 618 250 702 dorum,
274 639 373 703 quem
387 616 560 704 petebant,
576 620 751 705 petituros.
772 619 891 706 Itaque
907 642 982 684 cum
998 623 1104 707 copiis

128 721 172 786 ad
197 721 338 787 eundem
361 730 495 807 pontem
511 722 686 787 contendit
704 725 955 810 equitatumque
971 735 1105 792 tantum

126 825 309 910 procedere
333 835 412 890 ante
435 846 556 909 agmen
581 828 724 912 imperat
746 826 926 912 legionum,
943 837 1103 913 quantum

127 949 203 993 cum
237 931 468 1016 processisset,
498 931 571 994 sine
609 930 854 1014 defatigatione
883 952 1042 1017 equorum
1070 933 1105 995 in

105 1032 246 1098 academ
276 1054 312 1096 se
344 1033 506 1117 reciperet
530 1041 655 1097 castra.
686 1031 944 1118 Consequuntur
974 1035 1103 1119 equites

126 1137 245 1218 nostri,
268 1144 305 1199 ut
329 1145 402 1200 erat
424 1143 651 1221 praeceptum,
675 1135 906 1222 invaduntque
934 1136 1104 1201 Dumnaci

126 1259 248 1322 agmen
272 1248 305 1304 et
327 1238 497 1322 fugientes
525 1240 789 1324 perterritosque
813 1239 875 1304 sub
900 1241 1044 1304 sarcinis
1069 1241 1104 1304 in

125 1343 247 1408 itinere
259 1343 414 1426 aggressi
430 1363 555 1426 magna
571 1343 700 1429 praeda
712 1342 826 1407 multis
843 1342 1030 1408 interfectis
1045 1365 1102 1428 po·

125 1448 265 1512 tiuntur.
288 1447 343 1511 Ita
365 1469 402 1512 re
425 1445 511 1511 bene
534 1456 632 1530 gesta
656 1469 692 1512 se
721 1448 887 1532 recipiunt
912 1448 946 1511 in
975 1454 1102 1511 castra.

211 1549 262 1614 28.
278 1551 474 1636 Insequenti
497 1559 596 1615 nocte
619 1549 748 1616 Fabius
770 1551 898 1636 equites
914 1551 1103 1636 praemittit

126 1656 174 1719 sio
197 1664 347 1740 paratos,
371 1665 408 1720 ut
431 1654 649 1737 confligerent
666 1663 768 1740 atque
785 1676 881 1719 omne
897 1675 1018 1738 agmen
1033 1676 1103 1719 mo·
1160 1669 1161 1672 ’

103 1768 290 1840 2rarentur,
315 1757 393 1822 dum
408 1766 670 1843 consequeretur
689 1760 769 1844 ipse.
794 1756 896 1822 Cuius
912 1759 1101 1844 praeceptis

127 1871 241 1926 utres
264 1870 447 1944 gereretur,
471 1859 616 1942 Quintus
640 1859 739 1926 Atius
761 1860 884 1944 Varus,
907 1860 1101 1947 praefectus

124 1966 280 2050 equitum,
306 1963 488 2048 singularis
506 1974 539 2029 et
558 1965 661 2028 animi
679 1973 711 2029 et
726 1963 927 2050 prudentiae
943 1965 1006 2048 vir,
1022 1985 1100 2029 suos

122 2068 1101 2153 hortaturagmenquehostiumconseoutusturmaspartim

123 2172 254 2237 idoneis
270 2169 354 2236 locis
372 2170 530 2258 disponit,
546 2181 643 2258 parte
662 2173 810 2258 equitum
832 2171 995 2257 proelium
1011 2191 1100 2235 com-

101 2276 237 2341 amittit.
261 2272 420 2359 Confligit
444 2275 607 2340 audacius
632 2277 801 2361 equitatus
825 2274 970 2341 hostium
987 2296 1099 2340 succe·

125 2380 282 2446 dentibus
296 2380 361 2445 sibi
373 2379 544 2466 peditibus
554 2403 562 2462 3
574 2380 630 2465 qui
643 2388 714 2443 toto
728 2379 863 2462 agmine
875 2377 1099 2443 subsistentes

102 2484 292 2571 4equitibus
317 2485 385 2549 suis
409 2491 528 2548 contra
550 2492 685 2548 nostros
709 2482 822 2547 ferunt
845 2480 1018 2547 auxilium.
1041 2480 1099 2546 Fit

123 2588 286 2673 proelium
302 2588 374 2676 acri
390 2588 584 2652 certamine.
600 2585 753 2671 Namque
769 2586 877 2650 nostri
898 2586 1099 2670 contemptis

122 2692 230 2777 pridie
262 2692 429 2779 superatis
460 2690 623 2774 hostibus,
654 2712 728 2754 cum
760 2688 920 2774 subsequi
947 2687 1099 2773 legiones

121 2797 362 2879 meminissent,
380 2806 413 2861 et
425 2794 553 2881 pudore
569 2793 712 2859 cedendi
735 2804 768 2859 et
784 2792 971 2879 cupiditate
986 2813 1046 2877 per
1063 2813 1098 2857 se

121 2899 321 2964 conficiendi
343 2897 462 2984 proelii
485 2899 667 2964 fortissime
696 2906 815 2961 contra
843 2896 975 2982 pedites
1002 2917 1098 2982 proe-

100 3002 537 3089 sliantur,hostesquenihil
545 3001 687 3087 amplius
700 3003 871 3087 copiarum
883 3021 1098 3065 accessurum

122 3106 309 3190 credentes,
332 3115 368 3170 ut
391 3105 501 3192 pridie
517 3114 758 3189 cognoverant,
776 3103 910 3169 delendi
927 3104 1097 3189 equitatus

121 3212 227 3276 nostri
249 3210 344 3275 nacti
368 3210 582 3274 occasionem
605 3208 819 3273 videbantur.

223 3312 274 3377 29.
298 3311 382 3378 Cum
398 3311 606 3397 aliquamdiu
623 3332 751 3375 summa
767 3311 983 3377 contentione
1000 3308 1096 3374 dimi-

121 3427 266 3501 caretur,
289 3416 485 3481 Dumnacus
510 3415 647 3479 instruit
671 3414 788 3491 aciem,
812 3435 898 3500 quae
913 3413 983 3478 suis
1007 3421 1096 3477 esset

122 3519 291 3610 equitibus
308 3522 343 3584 in
358 3519 467 3584 vicem
482 3516 664 3608 praesidio,
680 3538 755 3582 oum
769 3525 908 3603 repente
924 3515 1096 3581 confertae
