2378 3922
94 223 136 287 92
423 222 472 272 ΒΕ
490 220 611 271 nauto
630 219 742 270 ClVILl

129 411 254 475 mittunt3
272 409 366 460 eodem
385 413 506 473 tempore
525 421 587 472 pars
601 405 697 456 classis
710 406 893 470 Pompeianae
912 409 1075 469 tempestate

129 495 235 546 deletur
253 510 276 545 c.
295 493 404 544 as-a'l.
440 492 519 542 Duae
538 491 719 543 Caesarianae
743 507 840 552 naves,
869 505 937 556 quae
965 505 1076 540 cursum

130 597 184 631 non
212 584 365 642 tenuerant,
388 579 422 627 ab
440 575 560 644 ¹Otacilio
584 575 690 639 Crasso,
717 576 828 642 Pompei
856 575 1001 641 praefecto,
1030 589 1076 624 ca·

130 669 253 733 piuutur;
282 667 329 732 qui
347 680 375 715 se
395 663 557 714 dediderunt
575 663 684 726 milites,
711 679 760 728 per
786 661 866 712 tidem
893 660 1075 725 trucidantur,

130 753 230 818 reliqui
257 758 367 803 strenue
386 766 415 800 se
434 749 609 800 defendentes
629 747 663 798 sd
682 764 745 798 suos
764 764 793 799 se
811 751 973 814 receperunt
990 765 1014 798 c.
1033 749 1075 798 28.

130 840 242 890 Antonii
262 845 290 889 et
308 837 433 889 Caesaris
452 836 587 887 exercitus
605 837 769 901 iunguntur3
797 834 868 900 quod
896 851 956 885 cum
975 834 1077 884 frustra

130 925 261 992 impedire
289 929 402 974 conatus
431 927 511 984 esset,
540 922 685 988 Pompeius
704 922 739 972 ad
757 922 937 987 Asparagium
960 922 988 971 iu
1007 936 1074 987 agro

131 1010 381 1077 Dyrrhachinorum
410 1013 500 1061 castra
526 1009 603 1075 pouit
629 1021 652 1060 c.
676 1010 717 1059 29.
736 1011 777 1059 30.
814 1007 890 1070 Quae
918 1007 981 1058 dum
1007 1007 1078 1058 fiunt

132 1098 223 1163 Scipio
243 1098 270 1146 in
290 1095 369 1162 Syria
388 1111 455 1161 quas
474 1100 564 1161 potest
581 1092 711 1161 pecunias
731 1094 827 1160 erigit,
856 1094 1003 1144 exercitum
1022 1092 1075 1144 lar-

132 1183 280 1249 gitionibus
302 1187 329 1233 et
353 1183 457 1248 rapinis
475 1182 630 1247 provinciae
650 1182 676 1230 in
698 1180 787 1231 cilicio
805 1181 933 1231 continet.
969 1180 1076 1230 Dianae

131 1270 268 1337 Ephesiae
292 1269 424 1335 pecunias
443 1268 597 1335 direpturus
621 1268 718 1318 litteris
737 1269 849 1333 Pompei
875 1284 935 1318 cum
956 1268 1076 1317 exercitu

132 1358 159 1406 iu
172 1356 360 1407 Macedoniam
380 1359 510 1407 avocatur
528 1370 550 1405 c.
564 1355 674 1405 31-33.
695 1354 795 1405 Caesar
809 1354 931 1404 Cassium
951 1355 977 1403 in
991 1353 1075 1402 Thes·

133 1440 244 1503 saliam,
272 1441 421 1493 Calvisium
446 1442 474 1491 in
492 1441 640 1502 Aetoliam,
668 1441 817 1491 Domitium
840 1441 869 1490 in
887 1438 1076 1490 Macedoniarn

132 1530 215 1579 mittit
232 1544 255 1578 c.
268 1529 311 1578 34.
328 1527 371 1577 35.
390 1527 482 1594 Scipio
494 1527 682 1578 Macedoniam
697 1528 835 1592 ingressus
855 1526 924 1578 male
937 1543 993 1577 reru
1007 1526 1078 1592 gerit

132 1619 228 1665 contra
245 1614 394 1664 Domitium
413 1628 436 1668 c.
454 1614 564 1664 dli-88.
596 1613 707 1678 Pompei
726 1612 806 1675 filius,
826 1612 906 1663 classi
925 1613 1076 1678 Aegyptiae

132 1700 294 1766 praefectus,
314 1699 424 1750 Oricum
444 1704 472 1750 et
483 1699 591 1749 Lissum
610 1703 724 1765 temptat
742 1715 765 1749 c.
778 1699 819 1749 39.
832 1698 874 1750 40.
894 1698 961 1748 Cum
975 1698 1078 1748 Caesar

119 1791 222 1839 castra
240 1787 354 1851 Pompei
377 1785 574 1837 munitionibus
597 1786 716 1851 ingentis
740 1785 934 1850 magnitudinis
961 1785 1075 1834 circum-

136 1872 267 1937 cluderet,
285 1887 396 1923 annona
414 1873 523 1938 quidem
542 1873 627 1937 ipsius
646 1873 780 1922 exercilus
798 1870 949 1938 laborabat,
968 1873 1078 1938 gravius

131 1965 222 2010 tamen
250 1959 409 2025 Pompeiani
437 1973 524 2024 aquae
552 1959 645 2024 iuopia
663 1959 853 2024 affligebantur
879 1958 1035 2009 fluminibus
1050 1963 1078 2007 et

133 2047 213 2108 rivis,
238 2045 309 2095 unde
336 2047 432 2110 aquari
459 2050 581 2112 possent,
610 2061 627 2095 a
646 2045 763 2095 Caesare
792 2047 895 2097 aversis
923 2063 945 2095 c.
965 2045 1077 2095 41-49.

132 2133 292 2198 Pompeiani
310 2132 422 2185 castella
442 2133 567 2183 Caesaris
592 2135 712 2198 aggressi
731 2133 899 2199 repelluntur
921 2149 945 2182 c.
963 2130 1076 2182 50-54.
1110 2182 1112 2186 ,

133 2219 254 2280 Aetolia,
273 2219 441 2285 Acarnania,
459 2219 646 2284 Amphilochis
669 2236 718 2284 per
736 2219 859 2270 Cassium
883 2224 910 2269 et
928 2218 1076 2268 Calvisium

134 2306 249 2370 receptis
268 2305 382 2371 aliisque
402 2320 451 2370 per
465 2305 600 2367 ,Calenum
620 2306 773 2356 conciliatis
796 2306 963 2367 civitatibus,
988 2305 1078 2355 denuo

135 2391 168 2440 ad
188 2391 341 2457 Scipionem
362 2391 395 2441 de
417 2393 611 2458 compositione
634 2391 740 2458 legatus
767 2393 893 2455 mittitur3
921 2391 1021 2440 infecta
1049 2407 1078 2439 re

136 2476 169 2527 ad
189 2476 331 2526 Caesarem
352 2477 423 2527 redit
441 2494 463 2528 c.
482 2476 592 2530 bb-b’l.
628 2479 772 2543 Pompeius
796 2477 889 2543 pabuli
908 2478 1000 2541 inopia
1018 2492 1077 2540 pre-

135 2564 228 2623 mitur3
254 2563 288 2613 ab
310 2563 458 2629 transfugis
477 2563 670 2629 Allobrogibus
695 2565 728 2614 de
747 2563 873 2613 Caesaris
897 2563 1081 2612 munitionum.

136 2650 294 2700 condicione
320 2649 432 2701 edoctus
457 2656 529 2701 terra
552 2652 673 2716 marique
698 2652 861 2701 munitiones
887 2652 914 2699 iu
934 2651 1013 2700 litore
1032 2665 1078 2714 po·

135 2736 201 2785 sitas
220 2737 374 2801 aggreditur
389 2753 488 2803 easque
502 2744 639 2803 expugnat
652 2753 674 2787 c.
688 2738 797 2788 58-64.
818 2739 902 2799 Quem
917 2738 964 2786 ubi
978 2735 1079 2785 Caesar

135 2822 298 2872 munitiones
323 2838 461 2888 egressum
482 2830 562 2889 atque
587 2824 728 2874 obsidione
748 2823 893 2874 liberatum
912 2822 995 2883 vidit,
1023 2821 1079 2871 alia

135 2912 224 2957 caetra
251 2910 279 2957 in
307 2911 366 2975 ipso
396 2910 474 2960 litore
500 2911 576 2960 iuxta
594 2912 752 2976 Pompeium
772 2912 870 2960 muniri
889 2911 968 2960 iussit
992 2925 1015 2959 c.
1036 2909 1079 2958 65.

136 2993 193 3044 Iam
223 3000 326 3045 mutata
353 2996 461 3047 fortuna
484 2997 585 3047 Caesar
607 2996 748 3047 castellum
773 2997 981 3062 aPompeianis
1000 3011 1079 3045 occu-

135 3087 227 3144 patum
241 3097 385 3146 aggressus
405 3085 482 3148 gravi
501 3082 578 3133 clade
599 3082 740 3148 repellitur
758 3100 780 3137 c.
795 3085 904 3133 66-70.
932 3083 1079 3148 Pompeius

135 3167 281 3231 imperator
305 3169 471 3234 appellatur,
500 3171 601 3235 captivi
626 3185 642 3219 a
660 3170 783 3220 Labieno
803 3170 933 3220 trucidari
952 3169 1080 3219 iubentur

137 3268 159 3301 c.
173 3254 213 3302 71.
238 3254 343 3315 Quibus
355 3255 436 3304 rebus
449 3270 509 3305 cum
523 3241 696 3322 Pompeianih
714 3257 820 3307 animus
839 3262 982 3323 augeretur
1001 3273 1024 3307 c.
1038 3259 1079 3320 72,

137 3338 244 3402 Caesar,
264 3358 298 3391 ue
317 3343 373 3391 suis
392 3343 565 3404 minueretur,
588 3343 659 3408 apud
679 3344 778 3393 milites
797 3346 969 3394 contionatur
991 3360 1013 3393 c.
1033 3345 1080 3406 733

136 3425 204 3476 locis
228 3426 358 3477 excedere
382 3429 467 3477 tutius
491 3434 565 3478 ratus
589 3430 617 3477 iu
637 3430 805 3480 Thessaliam
830 3432 881 3480 iter
903 3430 982 3488 facim
1006 3430 1080 3496 apud

135 3513 280 3578 Aeginium
300 3514 448 3563 Domitium
470 3515 578 3564 obvium
598 3514 688 3579 habet,
708 3518 754 3580 qui
774 3532 854 3581 aegre
873 3517 986 3581 Pompei
1005 3531 1079 3566 exer-
