2376 3924
143 234 207 303 230
480 234 590 286 naum
607 233 780 286 lrnrcsm

141 431 329 493 resisterent
343 429 440 512 vique
456 427 658 491 continerent
678 424 804 508 milites,
826 446 869 489 ne
884 427 1007 490 iniussu
1022 428 1120 514 impe-

143 533 258 596 ratoris
282 538 522 612 concurrerent,
545 530 804 614 necquicquam
827 528 1032 614 proficerent.

230 635 280 698 83.
305 633 401 716 Quod
431 642 602 719 postquam
631 631 753 698 Caesar
779 633 945 716 intellexit,
980 635 1120 699 incitatis

143 739 279 804 mihtum
302 739 417 802 animis
439 739 544 801 resisti
567 737 652 801 nullo
675 736 771 802 modo
794 759 898 823 posse,
922 740 1014 823 signo
1038 739 1120 804 Feh-

144 846 249 909 citatis
265 843 340 908 dato
364 863 446 927 equo
470 841 610 906 admisso
633 843 666 905 in
688 841 814 906 hostem
830 849 943 907 contra
957 845 1120 930 principes

122 951 190 1012 rire
214 945 386 1012 contendit.
433 943 464 1009 A
495 945 610 1010 dextro
644 946 773 1010 interim
806 968 907 1010 cornu
940 945 1120 1012 funditores

144 1050 366 1135 sagittariique
396 1051 522 1113 concita
549 1047 613 1113 tela
645 1049 678 1113 in
712 1049 899 1135 elephantos
934 1050 1120 1135 frequentes

121 1155 285 1217 siniciunt.
332 1153 405 1234 Quo
428 1153 513 1217 facto
536 1150 659 1217 bestiae
682 1152 819 1217 stridore
846 1153 1022 1218 fundarum
1044 1154 1120 1241 lapi·

144 1255 286 1342 dumque
309 1257 500 1342 perterritae
527 1277 597 1321 sese
627 1264 817 1320 convertere
840 1265 872 1320 et
895 1277 968 1320 suos
990 1266 1064 1343 post
1086 1280 1120 1322 se

143 1359 328 1445 frequentes
362 1361 558 1444 stipatusque
592 1368 756 1444 proterere
789 1368 822 1423 et
850 1360 883 1422 in
912 1368 1022 1444 portas
1045 1360 1121 1425 valli

122 1463 326 1527 lsemifactas
360 1485 455 1526 ruere
489 1461 697 1526 contendunt.
736 1462 819 1526 Item
841 1463 950 1527 Mauri
984 1465 1119 1548 equites,

145 1568 254 1651 quiin
277 1567 392 1631 eodem
414 1588 514 1631 cornu
537 1588 611 1629 cum
633 1565 810 1651 elephantis
834 1574 935 1647 erant,
960 1566 1121 1650 praesidio

122 1669 264 1734 odeserti
297 1671 458 1756 principes
492 1669 627 1753 fugiunt.
665 1669 716 1732 Ita
750 1667 895 1732 celeriter
929 1667 1040 1733 bestiis
1063 1672 1121 1734 cir·

144 1773 270 1838 cumitis
293 1773 434 1858 legiones
449 1773 533 1837 vallo
556 1773 696 1837 hostium
712 1782 786 1837 sunt
808 1775 938 1858 potitae,
962 1783 995 1838 et
1008 1778 1120 1860 paucis

144 1877 261 1940 acriter
283 1874 539 1961 repugnantibus
562 1875 804 1960 interfectisque
832 1875 947 1961 reliqui
970 1881 1121 1943 concitati

143 1980 176 2042 in
200 1987 316 2061 castra,
339 1978 427 2041 unde
449 1977 553 2063 pridie
576 1986 670 2041 erant
693 1980 824 2061 egressi,
849 1979 1049 2064 confugiunt.

230 2081 279 2146 84.
304 2082 377 2146 Non
401 2080 528 2145 videtur
551 2103 620 2145 esse
649 2082 972 2166 praetermittendum
995 2083 1036 2147 de
1059 2087 1121 2149 vir-

142 2195 211 2250 tute
233 2185 340 2250 militis
363 2186 509 2249 veterani
533 2204 563 2249 v.
588 2185 730 2269 legionis.
754 2185 839 2250 Nam
855 2207 928 2251 cum
943 2188 976 2250 in
992 2189 1120 2254 sinistro

143 2312 243 2353 cornu
266 2289 418 2374 elephans
441 2289 574 2354 vulnere
596 2292 678 2354 ictus
701 2299 733 2355 et
756 2289 864 2355 dolore
887 2292 1065 2357 concitatus
1088 2295 1122 2358 in

143 2393 243 2458 lixam
266 2397 422 2459 inermem
444 2396 600 2480 impetum
622 2396 750 2460 fecisset
772 2416 910 2480 eumque
927 2393 986 2459 sub
1003 2395 1121 2480 pedem

144 2497 309 2562 subditum
324 2498 399 2562 dein
421 2519 507 2582 genu
530 2499 661 2563 innixus
684 2498 826 2583 pondere
849 2520 906 2562 suo
929 2496 1133 2584 proboscide

131 2610 252 2665 'erecta
274 2601 480 2685 vibrantique
503 2601 640 2665 stridore
668 2603 809 2664 maximo
838 2610 1000 2686 premeret
1023 2610 1121 2687 atque

105 2765 108 2772 ,
144 2715 305 2787 enecaret,
328 2705 419 2770 miles
441 2705 494 2769 hic
516 2727 581 2768 non
603 2706 706 2790 potuit
727 2705 804 2788 pati,
828 2706 906 2787 quin
927 2726 962 2767 se
977 2713 1122 2771 armatus

123 2807 268 2871 abestiae
292 2810 430 2873 offerret.
455 2810 562 2890 Quem
584 2816 755 2892 postquam
778 2805 931 2890 elephans
947 2807 990 2871 ad
1006 2829 1040 2872 se
1057 2808 1120 2874 telo

145 2910 260 2974 infesto
273 2914 384 2975 venire
407 2911 645 2992 animadvertit,
669 2909 779 2974 relicto
804 2908 964 2974 cadavere
987 2911 1121 2976 militem

146 3011 336 3099 proboscide
381 3014 560 3079 circumdat
604 3023 700 3099 atque
737 3014 770 3077 in
807 3013 942 3078 sublime
987 3016 1120 3082 extollit.

124 3113 310 3197 sArmatust,
341 3117 395 3201 qui
418 3117 451 3179 in
474 3115 629 3180 eiusmodi
652 3115 793 3201 periculo
817 3125 1002 3180 constanter
1025 3141 1122 3205 agen·

147 3218 224 3282 dum
246 3217 306 3282 sibi
329 3219 465 3301 videret,
488 3217 595 3301 gladic
618 3218 853 3304 proboscidem,
883 3243 947 3306 qua
970 3231 1040 3286 erat
1063 3227 1121 3288 cir·

146 3322 325 3405 cumdatuS,
350 3320 485 3386 caedere
509 3329 665 3405 quantum
687 3320 810 3386 viribus
833 3332 959 3408 poterat
981 3347 1046 3389 non
1069 3326 1122 3391 de-

145 3428 234 3491 stitit.
275 3426 348 3507 Quo
372 3425 481 3490 dolore
505 3423 665 3489 adductus
689 3424 844 3511 elephans
872 3426 1123 3495 milite'abiecto
