2376 3924
158 232 221 296 252
491 228 601 279 BELLI
619 226 791 278 AFRICANI

137 424 222 488 16116
244 420 441 506 fugientibus
469 421 632 505 suppetias
655 421 702 483 ire
726 417 900 483 contendit.
947 419 1046 502 Quod
1075 419 1136 485 ubi

159 525 279 593 ansar
313 526 489 610 conspexit,
523 523 706 588 Labienum
728 522 777 588 ab.
793 525 859 586 suis
879 518 980 608 copiis
1008 523 1138 609 longius

158 633 223 695 iam
245 629 448 711 abscessisse,
472 630 633 713 equitatus
657 628 706 692 sui
728 625 814 691 alam
836 627 999 691 sinistram
1022 627 1067 692 ad
1090 630 1137 692 in-

159 732 386 797 tercludendos
408 731 517 795 hostes
539 732 679 795 immisit.

245 835 298 900 40.
321 837 404 900 Erat
426 837 459 899 in
482 857 519 899 eo
542 856 667 920 campo,
701 833 759 899 ubi
791 857 830 898 ea
857 854 915 898 ‘res
949 834 1137 920 gerebatur,

159 939 234 1007 villa
257 961 434 1025 permagna
449 937 592 1002 turribus
620 954 675 1003 1111
702 940 873 1016 instructa3
898 959 981 1022 quae
997 936 1139 1002 Labieni

160 1051 367 1129 prospectum
399 1039 605 1128 impediebat,
639 1064 680 1105 ne
710 1051 818 1127 posset
851 1033 1003 1106 animum
1023 1041 1138 1106 adver-

140 1158 230 1212 2tere
253 1146 295 1211 ab
319 1148 465 1231 equitatu
488 1144 636 1210 Caesaris
659 1167 693 1210 se
715 1145 895 1211 intercludi.
933 1147 1050 1230 Itaque
1072 1168 1138 1210 non

162 1253 251 1335 prius
273 1248 355 1314 vidit
377 1259 501 1313 turmas
523 1248 674 1331 Iulianas,
699 1269 797 1333 quam
812 1270 886 1314 suos
902 1249 994 1314 caedi
1010 1273 1030 1313 a
1045 1258 1138 1334 tergo

163 1356 270 1418 sensit.
315 1354 369 1417 Ex
402 1374 467 1437 qua
503 1373 539 1415 re
577 1351 681 1416 subito
717 1354 751 1416 11
787 1361 944 1418 terrorem
981 1375 1139 1419 converso

162 1460 308 1542 equitatu
341 1456 566 1538 Numidarum,
601 1465 691 1519 recta
718 1458 750 1519 in
780 1464 887 1519 castra
918 1457 1031 1541 fugere
1066 1479 1139 1521 661-

141 1561 273 1626 atendit.
309 1559 394 1626 Galli
429 1559 658 1642 Germanique,
697 1559 752 1642 qui
785 1559 980 1641 restiterant,
1017 1580 1061 1623 ex
1090 1581 1140 1624 su·

163 1667 289 1750 periore
311 1664 380 1728 loco
404 1671 436 1727 61
458 1670 530 1747 post
549 1658 680 1746 ¹tergum
709 1663 921 1726 circumventi
948 1662 1140 1748 fortiterque

141 1777 321 1832 1166161166
350 1765 563 1831 conciduntur
590 1767 742 1830 universi.
788 1765 885 1847 Quod
913 1765 969 1830 ubi
997 1766 1141 1851 legiones

164 1872 331 1954 Scipionis,
355 1890 438 1953 quae
460 1891 518 1953 pro
537 1870 649 1932 castris
673 1879 766 1934 61611
786 1871 972 1953 instructae,
996 1873 1141 1936 animum

165 1972 385 2054 adverterunt,
420 1980 508 2035 metu
541 1994 579 2034 66
606 1961 729 2036 terrore
763 1972 957 2038 obcaecatae
991 1973 1141 2039 omnibus

143 2079 265 2161 sportis
293 2077 326 2139 in
354 2096 413 2139 sua
446 2083 553 2139 castra
586 2075 698 2160 fugere
733 2085 917 2163 coeperunt.
962 2077 1141 2162 Postquam

166 2181 314 2264 Scipione
349 2181 482 2262 eiusque
516 2180 615 2265 copiis
652 2201 767 2264 campo
801 2178 999 2266 collibusque
1032 2190 1142 2247 extur-

164 2283 248 2348 batis
264 2291 361 2368 atque
377 2284 409 2345 in
426 2290 533 2346 castra
548 2282 718 2367 compulsis
741 2279 838 2370 [cum]
859 2285 1004 2369 receptui
1019 2282 1143 2351 Caesar

165 2390 236 2453 cani
265 2389 408 2451 iussisset
436 2388 679 2470 equitatumque
708 2408 835 2451 omnem
862 2389 948 2453 intra
976 2410 1052 2453 6166
1074 2411 1142 2455 mu-

164 2496 301 2557 nitiones
344 2492 528 2577 recepisset,
573 2511 686 2574 campo
731 2499 868 2576 purgato
913 2491 1145 2558 animadvertit

165 2597 301 2661 mirifica
345 2616 481 2678 corpora
517 2592 685 2658 Gallorum
722 2593 1041 2681 Germanorumqu03
1087 2598 1144 2680 qui

165 2703 283 2786 partim
320 2701 388 2763 eius
425 2699 649 2762 auctoritatem
686 2706 779 2761 erant
812 2720 855 2762 ex
887 2697 994 2765 Gallia
1030 2703 1144 2784 secuti,

166 2805 284 2888 partim
306 2804 408 2888 pretio
431 2798 775 2887 pollicitationibusque
798 2800 930 2866 adducti
953 2801 996 2867 ad
1017 2823 1094 2867 eum
1109 2825 1144 2867 66

167 2904 378 2985 contulerant,
412 2902 564 2986 nonnulli,
600 2906 654 2989 qui
677 2926 720 2968 ex
743 2903 891 2969 Curionis
913 2903 1033 2989 proelio
1056 2908 1146 2993 capti

168 3009 413 3091 conservatique
435 3029 547 3091 parem
569 3010 708 3093 gratiam
729 3011 763 3073 in
785 3008 850 3073 fide
872 3010 994 3094 pariter
1021 3009 1147 3076 tuenda

145 3120 333 3197 opraestare
355 3110 533 3175 voluerant.
571 3113 700 3178 Horum
722 3135 857 3198 corpora
879 3112 1015 3180 mirifica
1037 3118 1146 3201 specie

168 3213 442 3302 amplitudineque
458 3236 553 3279 caesa
572 3224 638 3281 toto
654 3238 768 3303 campo
784 3239 823 3281 ac
838 3227 1001 3303 prostrata
1015 3216 1146 3286 diverse

167 3317 328 3383 iacebant.
556 3407 558 3410 Ι
840 3342 844 3352 ’

253 3423 304 3487 41.
328 3424 389 3490 Η16
426 3423 524 3488 rebus
561 3425 660 3508 gestis
695 3422 816 3488 Caesar
853 3432 981 3510 postero
1014 3423 1068 3490 dio
1102 3448 1147 3490 ex

170 3526 318 3592 omnibus
352 3527 520 3613 praesidiis
554 3526 700 3592 cohortes
734 3526 872 3593 deduxit
899 3536 1003 3615 ¹atquo
1034 3549 1147 3595 omnes
