2376 3924
148 239 211 302 242>
489 239 597 290 secur
615 237 789 289 tunicam

150 439 242 492 turus
276 428 544 513 proficisceretur,
577 430 647 514 ipse
675 449 732 493 suo
761 449 861 514 regno
890 427 1044 514 expulsus
1067 429 1132 494 for·

126 533 235 595 ositan
254 539 394 615 utraque
417 552 452 594 re
469 529 695 616 expelleretur.
718 531 835 617 Itaque
857 551 971 597 rursus
993 553 1028 597 se
1049 535 1132 597 reoi-

149 657 235 720 pere,
270 644 368 719 atque
397 633 518 698 auxilia
547 636 645 699 etiam
667 632 709 699 ab
733 634 882 720 Scipione
905 633 1044 699 abduxit
1067 635 1131 699 sibi

149 740 279 823 suisque
301 737 400 802 rebus
423 739 549 821 timens,
573 737 816 823 elephantisque
832 755 907 802 xxx
921 738 1041 803 relictis
1063 741 1132 804 suis

149 842 268 907 finibus
292 841 481 928 oppidisque
505 843 670 927 suppetias
692 841 856 926 profectus
878 849 936 906 cst.

238 946 289 1010 26.
314 943 434 1009 Caesar
456 947 594 1027 interim,
630 966 704 1009 cum
727 944 768 1009 de
791 966 848 1010 suo
871 944 1016 1011 adventu
1038 945 1132 1012 dubi·

149 1053 227 1114 tatio
253 1052 284 1114 in
307 1052 474 1135 provincia
508 1058 601 1132 esset,
635 1070 742 1135 neque
776 1051 948 1135 quisquam
980 1050 1133 1117 crederet

150 1157 264 1239 ipsum,
299 1153 356 1217 sed
379 1152 520 1239 aliquem
542 1153 685 1238 legatum
707 1156 741 1218 in
763 1153 910 1219 Africam
933 1177 1006 1220 cum
1029 1158 1132 1242 copiis

151 1260 286 1340 venisse,
311 1260 499 1344 conscriptis
520 1258 635 1322 litteris
657 1260 779 1323 circum
802 1262 1002 1345 provinciam
1017 1281 1132 1324 omues

128 1364 296 1427 scivitatcs
319 1362 397 1426 facit
419 1362 460 1426 de
483 1384 540 1426 suo
564 1363 708 1427 adventu
732 1365 894 1428 certiores.
917 1364 1053 1428 Interim
1076 1387 1131 1428 no·

149 1465 230 1530 biles
252 1466 397 1530 homines
421 1488 464 1530 ex
486 1467 552 1530 suis
575 1466 700 1551 oppidis
724 1466 895 1551 profugere
918 1469 1006 1531 etin
1021 1475 1132 1532 castra

151 1567 300 1634 Caesaris
323 1569 478 1634 devenire
501 1577 533 1634 et
555 1569 597 1633 de
620 1569 881 1635 adversariorum
915 1572 983 1635 eius
1016 1569 1132 1634 crude-

127 1673 239 1736 alitate
263 1671 505 1757 acerbitateque
529 1694 781 1737 commemorare
812 1681 996 1759 coeperunt.
1043 1673 1131 1755 Quo-

148 1797 221 1840 rum
258 1775 397 1840 lacrimis
436 1774 638 1860 querelisque
676 1774 796 1840 Caesar
840 1785 1017 1840 commotus
1055 1798 1131 1840 cum

151 1889 247 1944 antea
284 1881 501 1942 constituisset
533 1899 551 1941 e
585 1881 709 1943 stativis
744 1881 858 1944 castris
891 1887 1014 1944 aestate
1048 1881 1130 1944 inita

152 1984 274 2046 cunctis
309 1983 407 2066 copiis
441 1981 632 2067 auxiliisque
666 1985 776 2046 accitis
809 1980 929 2046 bellum
957 2003 1031 2046 cum
1060 1985 1127 2046 suis

151 2084 346 2150 adversariis
381 2081 495 2163 facere,
532 2084 599 2146 tam
637 2103 724 2147 auae
760 2105 874 2168 gerere
911 2086 1050 2150 instituit
1077 2085 1125 2151 lit·

153 2193 231 2255 teris
254 2189 401 2255 celeriter
434 2191 468 2253 in
490 2187 631 2255 Siciliam
664 2187 707 2252 ad
729 2186 882 2253 Alienum
904 2197 938 2268 et
958 2185 1130 2254 Rabirium

151 2294 342 2358 Postumum
378 2289 579 2380 [conscriptis
612 2287 655 2376 et]
693 2312 751 2376 per
774 2299 980 2377 catascopum
1013 2294 1129 2376 missis,

151 2407 188 2461 ut
210 2399 278 2463 sine
301 2418 392 2461 mora
415 2418 454 2460 ac
476 2393 563 2459 nulla
586 2395 795 2457 excusatione
817 2393 931 2458 hiemis
946 2404 1130 2461 ventorum-

151 2522 215 2586 que
238 2521 336 2586 quam
359 2499 525 2564 celerrime
559 2497 721 2560 exercitus
749 2495 810 2561 sibi
837 2505 1130 2584 transportaretur:

129 2605 298 2670 rAfn'eam
331 2606 531 2690 provinciam
565 2603 672 2688 perire
705 2600 915 2687 funditusque
950 2604 1053 2677 everti
1087 2602 1130 2668 ab

152 2711 217 2772 suis
250 2709 400 2791 inimicis3
440 2705 527 2792 quod
559 2707 621 2770 nisi
654 2703 801 2770 celeriter
829 2708 923 2770 sociis
949 2706 1035 2772 foret
1056 2707 1130 2773 sub-

150 2821 294 2894 ventum,
328 2820 458 2897 praeter
491 2813 598 2895 ipsam
630 2808 778 2874 Africam
810 2818 933 2876 terram
964 2809 1054 2895 nihil,
1088 2833 1131 2877 ne

151 2924 273 2979 tectum
289 2914 429 2998 quidem,
453 2934 516 2999 quo
539 2935 574 2977 se
595 2915 786 2999 reciperent,
810 2912 852 2978 ab
867 2912 994 2979 illorum
1007 2913 1130 2981 scelere

129 3019 339 3103 sinsidiisque
372 3016 532 3100 reliquum
560 3016 713 3081 futurum.
758 3017 870 3103 Atque
891 3019 960 3103 ipse
983 3020 1017 3082 in
1038 3026 1132 3084 tanta

152 3132 224 3187 erat
256 3121 461 3185 festinatione
495 3129 527 3184 et
560 3123 811 3206 exspectatione,
845 3130 882 3186 ut
909 3131 1038 3208 postero
1066 3121 1130 3204 die,

153 3247 251 3311 quarn
274 3228 412 3289 misisset
441 3223 563 3289 litteras
592 3228 814 3311 nuntiumque,
850 3224 986 3291 classem
1008 3229 1131 3292 exerci-

151 3340 284 3415 tumque
308 3331 427 3394 morari
450 3328 581 3412 diceret,
616 3331 685 3395 dies
707 3339 883 3415 noctesque
912 3328 1019 3395 oculos
1042 3352 1132 3399 men-

129 3443 281 3519 otemque
305 3435 347 3498 ad
369 3455 459 3497 mare
482 3433 651 3520 dispositos
667 3433 870 3518 directosque
891 3431 1037 3498 haberet.
1060 3433 1134 3503 Nec

147 3540 278 3602 mirum.
325 3537 618 3619 Animadvertebat
651 3539 736 3601 enim
769 3536 861 3601 villas
895 3538 999 3620 exuri,
1033 3557 1133 3623 agros
