2376 3924
342 209 453 259 amna
469 208 530 272 vu,
550 207 627 259 cnr.
646 210 756 259 rra-eo.
969 209 1030 273 193

52 401 121 464 iam
145 421 190 464 ex
212 397 279 462 diei
302 405 451 484 tempore
467 399 697 463 coniecturam
712 406 848 484 ceperat
866 399 900 462 in
915 409 1030 466 castra

53 511 260 588 perventum,
277 501 398 567 iisdem
410 502 561 587 sublicis,
577 524 717 588 quarum
732 524 812 588 pars
828 501 966 568 inferior
982 505 1030 567 in-

54 615 155 690 tegra
177 605 383 689 remanebat,
407 615 542 692 pontem
565 606 702 671 reficere
724 607 844 693 coepit.
868 604 1053 674 Celeriters

55 710 173 775 effecto
191 732 289 796 opere
304 708 562 797 legionibusque
578 710 746 776 traductis
763 720 797 776 et
811 709 886 775 loco
907 713 1030 776 castris

54 815 176 880 idoneo
202 812 331 880 delecto
348 812 497 901 reliquas
513 815 628 899 copias
644 815 828 880 revocavit.
848 815 1053 898 Vercingea

54 922 147 985 torix
169 942 206 984 re
230 920 380 1002 cognita,
403 940 446 983 ne
462 927 582 983 contra
599 940 694 983 suam
710 918 919 984 voluntatem
936 918 1032 983 dimi-

53 1044 135 1089 care
158 1031 347 1106 cogeretur,
371 1023 503 1106 magnis
526 1021 704 1087 itineribus
728 1025 923 1089 antecessit.

159 1123 210 1190 36.
224 1123 353 1191 Caesar
364 1147 409 1191 ex
421 1146 459 1189 eo
472 1124 546 1192 loco
561 1126 684 1211 quintis
697 1128 819 1192 castris
828 1124 1033 1210 Gergoviam

54 1229 209 1317 pervenit
233 1230 447 1316 equestrique
471 1251 509 1294 eo
534 1229 588 1294 die
610 1229 738 1316 proelio
762 1228 830 1295 levi
852 1229 943 1295 facto
959 1253 1033 1317 per·

57 1343 172 1420 specto
195 1332 289 1399 urbis
315 1334 391 1417 situ,
415 1355 501 1419 quae
523 1335 635 1420 posita
659 1335 693 1398 in
723 1334 891 1399 altissimo
920 1345 1033 1400 monte

57 1459 171 1502 omnes
195 1436 310 1502 aditus
335 1435 491 1502 difficiles
521 1436 679 1520 habebat,
711 1436 752 1501 de
782 1440 1033 1522 expugnatione

58 1541 262 1627 desperavit,
277 1541 318 1607 de
331 1540 527 1607 obsessione
542 1562 610 1605 non
621 1542 715 1627 prius
728 1540 897 1624 agendum
910 1544 1034 1606 consti·

55 1646 135 1729 tuit,
159 1666 259 1731 quam
281 1668 352 1711 rem
374 1645 630 1711 frumentariam
654 1644 858 1731 expedisset.
882 1644 929 1710 At
950 1645 1056 1714 Ver-a

57 1750 252 1833 cingetorix
274 1749 398 1814 castris
413 1770 518 1835 prope
539 1748 697 1835 oppidum
713 1745 759 1836 [in
774 1745 900 1839 monte]
914 1751 1034 1836 positis

58 1851 284 1918 mediocribus
293 1854 421 1918 circum
434 1875 470 1917 se
483 1850 675 1917 intervallis
689 1854 873 1938 separatim
885 1853 1033 1937 singula-

58 1978 132 2022 rum
155 1956 333 2022 civitatum
355 1956 471 2042 copias
495 1953 724 2020 collocaverat
747 1964 849 2040 atque
881 1956 1033 2021 omnibus

60 2061 131 2125 eius
154 2060 225 2143 iugi
254 2057 398 2125 collibus
429 2059 614 2145 occupatis,
644 2079 710 2144 qua
734 2057 863 2143 despici
890 2068 1034 2144 poterat,

59 2162 256 2230 horribilem
280 2163 427 2248 speciem
449 2161 638 2248 praebebat
661 2163 897 2248 principesque
921 2184 1056 2233 earume

58 2268 247 2351 civitatum,
271 2288 354 2354 quos
371 2265 437 2332 sibi
461 2266 507 2332 ad
529 2264 708 2332 consilium
723 2264 927 2352 capiendum
947 2266 1035 2332 dele·

60 2380 169 2456 gerat,
213 2372 299 2437 rima
321 2368 396 2436 luce
418 2369 544 2436 cotidie
567 2369 613 2434 ad
637 2392 672 2434 se
688 2370 869 2435 convenire
886 2368 1036 2456 iubebat,

61 2495 121 2540 seu
132 2473 214 2561 quid
225 2472 549 2558 communicandum,
563 2495 622 2539 seu
635 2473 717 2560 quid
730 2473 1036 2541 administrandum

60 2577 243 2662 videretur,
257 2599 367 2664 neque
381 2576 486 2644 ullum
501 2577 571 2645 fere
588 2578 676 2644 diem
689 2576 945 2656 intermittebat,
957 2580 1060 2664 quini

61 2683 208 2769 equestri
214 2680 356 2768 proelio,
362 2682 549 2748 interiectis
558 2682 760 2767 sagittariis,
775 2681 897 2769 quidin
907 2703 1037 2769 quoque

61 2794 151 2852 esset
174 2785 280 2851 animi
302 2805 344 2851 ac
366 2786 503 2852 virtutis
527 2808 662 2853 suorum
676 2785 936 2872 periclitaretur.
952 2787 1059 2855 Erato

62 2912 81 2955 e
104 2889 243 2973 regione
266 2887 382 2975 oppidi
404 2887 502 2955 collis
527 2888 589 2954 sub
612 2891 696 2976 ipsis
711 2889 886 2958 radicibus
902 2894 1037 2977 montis,

61 2996 198 3081 egregie
220 2995 369 3061 munitus
394 3002 496 3082 atque
520 3017 563 3061 ex
580 2997 669 3061 omni
686 3004 784 3082 parte
800 2997 1038 3080 circumcisum

60 3120 159 3187 quem
183 3100 212 3165 si
235 3107 390 3165 tenerent
412 3100 531 3184 nostri,
555 3108 589 3165 et
612 3122 721 3187 aquae
743 3121 868 3184 magna
890 3110 988 3188 parte
1005 3109 1038 3166 et

60 3200 282 3290 pabulatione
288 3202 397 3269 libera
405 3202 608 3289 prohibituri
620 3204 734 3270 hostes
743 3203 958 3270 videbantur.
972 3203 1060 3270 Sede

61 3308 91 3372 is
114 3305 209 3374 locus
225 3305 396 3393 praesidio
411 3304 522 3372 abhis
537 3329 605 3373 non
620 3309 729 3374 minus
741 3308 836 3374 firmo
847 3307 1037 3374 tenebatur.

61 3408 192 3477 Tamen
214 3408 350 3477 silentio
373 3410 485 3476 noctis
509 3407 638 3476 Caesar
660 3433 704 3476 ex
725 3412 848 3477 castris
872 3433 1060 3497 egressus,r

61 3514 258 3601 priusquam
274 3511 428 3580 subsidio
444 3535 488 3579 ex
503 3514 625 3600 oppido
641 3515 751 3581 veniri
765 3524 891 3601 posset,
909 3515 1039 3583 deiecto

113 3630 202 3675 θυαε.
213 3628 300 3675 tao.
848 3619 885 3671 ib
