2376 3924
94 243 132 292 VI
394 239 605 291 ADNOTATIO
625 241 769 292 CRITICA

197 447 220 480 c.
234 430 274 493 25,
289 431 317 482 t:
335 427 485 481 reortuullos
497 427 663 481 nouissimos
676 428 785 482 deserto
796 429 904 496 proelio
917 430 1074 501 excedere]

95 530 156 564 cum
173 511 305 566 nonnulli
322 513 373 575 illi,
400 515 447 579 qui
470 513 574 578 proelio
593 519 774 578 excesserunt,
799 517 907 566 nonnisi
924 516 1073 570 nouissimi

95 615 153 652 esse
172 601 317 666 potuerint,
345 600 384 649 sic
411 600 501 665 potius
530 600 634 650 scibere
658 600 751 662 malui,
778 617 859 666 quam
888 603 1009 668 recipere
1027 604 1074 654 vel

94 688 165 752 quod
184 703 217 738 ex
235 703 289 738 uno
308 687 393 752 Bong.
411 687 519 753 vulgari
538 688 608 737 solet
624 685 775 740 rtonnulloe
793 687 828 740 ab
845 687 1007 742 nouissimis
1027 689 1075 743 de-

93 778 167 827 serto
183 772 292 840 proelio
313 773 442 826 excedere
461 773 505 823 vel
525 774 596 838 quod
614 773 712 838 reliqui
730 773 795 824 libri
810 774 910 824 habent
921 774 1075 829 nonnullos

95 859 129 912 ab
147 858 308 912 nouissimis
327 858 450 912 desertos
465 874 511 927 pr.
525 873 597 926 euc.;
614 875 708 924 parum
721 859 812 925 placet
824 860 1073 925 quodKlussmsnn

95 947 218 1007 coniecit,
233 947 427 1011 Dittenberger
444 946 547 1010 recepit
563 943 714 997 nonnullos
732 945 767 998 ol)
784 945 946 999 nouissimis
964 946 1076 1001 deserto

95 1030 152 1083 loco
166 1029 276 1097 proelio
295 1029 438 1093 enceclere3
458 1034 536 1096 grata
554 1030 661 1094 quidem
682 1030 730 1081 sed
742 1030 873 1082 audacior
880 1033 988 1083 videtur
1001 1032 1074 1083 Guil.

93 1117 176 1167 Pauli
194 1118 351 1167 coniectura
372 1115 565 1181 desperato
581 1114 698 1182 proelio.
716 1144 751 1155 —
769 1117 792 1182 ξ.
813 1119 841 1165 2:
860 1120 939 1170 scuto
960 1116 1006 1185 [ub
1023 1131 1074 1171 no-

96 1202 217 1255 vissimis
235 1200 298 1269 uni]
317 1200 403 1253 militi
421 1199 566 1270 detracto]
590 1202 697 1252 Kraner
713 1208 823 1253 auctore
841 1203 1005 1254 Vielhabero
1020 1203 1075 1257 uni

95 1289 206 1349 delevit,
226 1289 324 1337 Dinter
352 1287 457 1337 Holder
483 1285 570 1338 militi
595 1288 777 1348 incluserunt3
813 1289 974 1355 gravissime
1008 1306 1076 1342 vero

95 1375 205 1425 offensio
223 1375 315 1424 verbis
335 1372 550 1426 obscenissimis
572 1375 651 1437 inest,
679 1390 740 1424 cum
764 1376 874 1425 nonnisi
892 1390 974 1426 sensu
991 1377 1074 1441 perti·

94 1463 150 1511 tivo
170 1463 258 1526 accipi
286 1461 397 1525 possint.
428 1461 521 1524 itaque
547 1459 621 1510 hunc
644 1459 794 1510 ablativum
813 1465 840 1510 et
858 1460 938 1510 simul
957 1462 1074 1512 otiosum

94 1547 164 1598 illud
181 1546 235 1600 uui
252 1546 361 1596 inclusi.
379 1574 414 1585 —
432 1547 575 1612 sequentia
594 1547 678 1596 verba
697 1545 771 1612 quod
789 1545 850 1612 ipse
866 1560 896 1599 eo
914 1545 976 1599 siue
993 1551 1075 1600 scuto

94 1637 209 1686 emerui
235 1634 377 1698 interpreti
402 1633 509 1682 cuidam
538 1632 639 1696 deberi,
669 1634 728 1682 iure
754 1632 894 1683 contendit
912 1632 985 1683 Guil.
1003 1633 1074 1685 Paul

94 1719 207 1788 (Ztschr.
227 1719 245 1768 f.
266 1719 291 1768 d.
310 1719 431 1783 Gymnw.
453 1720 527 1780 1878,
545 1723 566 1771 t.
585 1720 626 1780 32,
645 1736 671 1784 p.
691 1719 738 1768 161
753 1720 819 1784 sqq.)

198 1823 220 1856 c.
240 1809 281 1868 27,
300 1809 330 1856 i:
349 1805 449 1858 horunc
467 1804 592 1857 aduentu
616 1809 700 1857 tauta
722 1819 817 1857 rerum
835 1803 1015 1858 conmutatio
1032 1811 1075 1859 est

93 1892 181 1960 tacto,
201 1897 234 1946 ut
251 1892 345 1945 uestri
362 1892 447 1945 etium
466 1891 515 1958 qui
532 1890 694 1944 ouluerrbus
712 1889 833 1955 corefecti
846 1890 1075 1959 procubuissent,

93 1979 182 2031 scutis
200 1978 296 2031 iureiui
311 1977 450 2045 proelium
462 1977 704 2046 redinteprureut5
716 1981 775 2030 tum
784 1976 895 2030 caurus
904 1978 1076 2044 perterritae

93 2065 184 2118 hostes
202 2063 360 2132 couepicuti
378 2063 463 2116 etium
480 2061 599 2115 inermes
618 2062 739 2115 ornatis
751 2066 950 2130 occurrerunt;
968 2063 1076 2131 equites

93 2165 157 2203 uero
185 2155 218 2204 ut
245 2148 453 2217 turpitudinem
480 2148 567 2217 suque
593 2148 698 2201 uirtute
725 2147 860 2215 delerent,
887 2149 1015 2204 curtibus
1041 2150 1076 2204 in

94 2237 162 2290 locis
177 2239 352 2306 puqnuut,
379 2249 443 2301 quo
467 2249 496 2288 se
521 2234 685 2303 leqioueriis
706 2234 844 2288 militibus
859 2235 1076 2308 praeferrent]

94 2330 195 2389 repeto,
215 2339 284 2389 quae
304 2322 337 2372 de
360 2321 490 2373 hocloco
509 2322 574 2372 olim
597 2328 692 2372 contra
710 2321 904 2387 Nipperdeium
927 2322 1075 2388 disputavi,

94 2409 141 2474 qui
160 2425 192 2459 ex
211 2409 391 2459 deterioribus
411 2407 488 2458 codd.
500 2411 679 2460 occurrerent
691 2409 794 2473 recepit
807 2413 834 2457 et
845 2408 930 2458 verbs
939 2414 1076 2477 pnpnuret

94 2509 148 2562 quo
167 2494 277 2545 exulare
296 2495 384 2544 iussit.
403 2488 509 2556 ‘Qualis
527 2494 625 2559 proelii
644 2495 817 2544 commutatio
837 2494 872 2544 sit
888 2494 962 2545 lacta
979 2501 1008 2545 et
1026 2496 1073 2561 qui

93 2580 234 2648 pugnandi
253 2579 333 2629 ardor
351 2580 484 2629 militibus
504 2579 611 2629 additus
630 2580 674 2641 sit,
693 2579 756 2628 inde
776 2579 842 2628 eatis
856 2580 984 2644 aperitur,
1003 2580 1074 2645 quod

92 2666 179 2721 etium
204 2665 253 2732 qni
276 2665 438 2718 uulneribus
461 2664 581 2729 corsfeeti
600 2664 833 2731 procubuissent,
863 2664 953 2718 scutis
976 2664 1073 2718 inuicti

90 2752 231 2821 proelium
258 2751 499 2820 redinteyrureut3
518 2765 606 2817 neque
628 2766 683 2816 eos,
705 2751 752 2816 qui
776 2750 895 2800 nondum
913 2752 1073 2804 vulneribus

94 2841 238 2905 quominus
258 2843 412 2904 pugnarent
423 2837 649 2903 impediebantur,
669 2836 820 2900 conspectis
838 2836 991 2902 legionibus
1009 2838 1074 2889 sub·
1143 2857 1146 2863 ·

94 2926 163 2976 sidio
174 2924 457 2990 appropinquantibus
467 2925 520 2974 iam
531 2923 642 2989 segnius
651 2936 795 2988 pugnasse,
805 2937 854 2988 per
865 2938 894 2973 se
904 2928 986 2988 petet
1000 2923 1074 2989 quod

93 3028 154 3061 cum
173 3011 307 3061 continuo
327 3015 399 3060 esset
425 3009 535 3070 factum,
554 3013 585 3059 ut
611 3023 681 3058 novo
705 3008 800 3058 ardore
824 3007 969 3072 legionarii
990 3010 1074 3060 etiam

91 3098 251 3148 vulneribus
268 3111 356 3161 paene
378 3095 495 3145 conlecti
513 3095 646 3159 proelium
665 3095 864 3156 continuarent,
883 3094 911 3144 id
927 3094 998 3160 quod
1015 3096 1071 3147 iam

95 3184 204 3234 calones
224 3186 251 3232 et
270 3183 374 3246 equites
392 3182 594 3246 praestiterunt,
614 3180 708 3231 eodem
720 3181 849 3246 temporis
867 3186 1001 3231 momento
1014 3180 1074 3232 fieri

94 3269 257 3335 nequivisse,
276 3270 323 3317 vix
346 3273 387 3318 est
406 3283 453 3318 cur
472 3268 660 3318 demonstrem.
691 3267 800 3318 calones
826 3268 900 3316 enim
924 3271 951 3316 et
969 3267 1076 3331 equites

94 3355 158 3422 fuga
177 3357 205 3403 in
225 3370 317 3404 omnes
336 3359 427 3419 partes
451 3353 596 3418 dissipatos
620 3369 675 3403 non
692 3354 768 3418 prius
786 3354 815 3401 in
833 3353 965 3418 proelium
984 3368 1074 3404 rever-

93 3441 158 3492 tisse
178 3456 259 3506 quam
277 3441 328 3490 illa
347 3441 401 3490 iam
419 3439 492 3490 facte
510 3445 581 3490 esset
599 3455 689 3490 rerum
702 3439 885 3502 commutatio,
903 3439 970 3503 ipsis
981 3438 1076 3489 verbis

93 3528 152 3580 turn
170 3525 281 3580 culorres
297 3524 464 3593 perterritos
481 3523 572 3578 hostes
596 3523 755 3592 conspicati
774 3525 871 3580 elucet.
903 3527 995 3589 itaque
1013 3529 1075 3576 tan-
