2376 3924
364 214 475 265 LIBER
492 214 529 278 II,
556 214 633 264 CAP.
653 215 763 264 21-24.
1013 213 1055 277 55

67 406 220 491 peditam
236 405 488 468 interfecerunt.
511 404 581 489 Ipsi
605 404 752 468 transire
773 404 893 468 flumen
910 426 978 468 non
995 404 1076 468 du·2

70 511 266 575 bitaveruut
283 516 316 572 et
332 509 366 571 in
382 506 493 572 loeum
517 509 667 593 iniquum
682 509 854 593 progressi
870 529 987 571 rursus
1004 530 1053 573 re·

69 616 231 679 sistentes
245 612 360 677 hostes
373 611 605 696 redintegrato
618 610 745 696 proelio
762 611 796 675 in
813 612 927 694 fugam
941 613 1054 677 oonie·

69 725 197 784 eerunt.
221 717 308 782 Item
331 714 400 779 alia
423 717 457 779 in
480 726 578 800 parte
601 714 755 780 diversae
781 715 866 781 duae
889 715 1075 798 legionesa

67 821 249 887 undecima
274 829 307 885 et
331 828 463 902 ooteva,
487 819 675 905 profligatis
697 818 957 901 Veromanduis,
981 821 1054 903 qui·

68 925 211 990 buseum
228 934 324 989 erent
347 925 531 1006 congressi,
556 945 599 988 ex
622 922 696 988 loeo
719 925 890 1009 superiore
914 924 947 987 in
971 924 1053 1008 ipsis

69 1029 218 1093 fluminis
241 1029 323 1113 ripis
345 1026 612 1112 proeliabantur.
636 1026 683 1092 At
706 1028 787 1093 totis
811 1027 881 1091 fere
905 1049 925 1090 a
944 1025 1077 1090 frontet

70 1142 101 1196 et
124 1132 170 1197 ab
196 1133 336 1196 sinistra
359 1140 456 1216 perte
472 1130 609 1195 nudatis
629 1132 765 1213 eastris,
788 1154 863 1196 eum
881 1131 915 1194 in
933 1130 1052 1195 dextro

68 1258 173 1301 cornu
190 1234 280 1319 legio
306 1234 505 1299 duodecima
529 1244 562 1298 et
586 1256 651 1298 non
671 1255 794 1318 magno
819 1234 862 1298 ab
887 1256 926 1298 ea
951 1237 1052 1299 inter-

68 1339 157 1404 vallo
167 1338 543 1424 septimaoonstitisset,
557 1337 1074 1402 omnesNerviioonfsrtissimos

69 1445 207 1527 agmine
224 1440 309 1507 duee
322 1439 563 1523 Boduognato,
587 1441 643 1526 qui
668 1461 829 1505 summam
849 1442 981 1525 imperii
1004 1450 1052 1504 te-

67 1545 189 1628 nebat,
213 1544 258 1610 ad
281 1565 356 1608 eum
379 1542 490 1608 looum
512 1543 779 1625 contenderunt3
808 1566 947 1629 quorum
972 1567 1052 1628 pars

69 1658 187 1735 aperto
212 1648 322 1713 latere
345 1645 495 1731 legiones
512 1649 765 1730 eircumvenire,
789 1669 867 1731 pars
891 1670 1053 1713 summum

69 1764 259 1820 castrorum
281 1751 392 1817 loeum
415 1761 529 1836 petere
552 1754 672 1838 eoepit.

154 1855 206 1920 24.
231 1855 360 1920 Eodem
381 1865 529 1940 ternpore
552 1857 681 1941 equites
698 1857 805 1920 nostri
822 1857 972 1941 levisque
996 1879 1047 1921 ar-

69 1972 224 2026 maturae
236 1958 379 2044 pedites,
396 1958 452 2043 qui
466 1981 541 2024 eum
553 1959 595 2023 iis
608 1981 675 2022 une
689 1959 833 2041 fuerant,
847 1982 930 2044 quos
943 1963 1050 2046 primo

69 2063 219 2128 hostium
242 2064 368 2148 impetu
390 2061 504 2147 pulsos
530 2061 692 2145 dixeram,
721 2087 796 2128 oum
821 2066 912 2128 sein
938 2073 1052 2128 eastra

67 2171 266 2253 reciperent,
291 2166 444 2231 adversis
468 2166 620 2232 hostibus
641 2168 863 2232 occurrebant
879 2191 919 2232 ao
936 2190 1051 2232 rursus

68 2271 173 2337 aliam
190 2273 370 2355 in-partem
385 2271 501 2354 fugam
517 2271 690 2356 petebant,
714 2281 746 2334 et
763 2271 910 2352 calones,
935 2273 991 2356 qui
1007 2270 1072 2334 abs

69 2376 260 2441 decumana
283 2383 380 2460 porta
404 2396 444 2439 ae
463 2397 589 2439 summo
614 2377 693 2459 iugo
718 2375 815 2439 oollis
830 2386 965 2440 nostros
982 2378 1051 2439 vie·

67 2490 160 2545 tores
172 2478 729 2564 flumentransisseconspexerant,
742 2479 930 2564 praedandi
943 2503 1047 2544 eausa

67 2583 211 2666 egressi,
227 2603 302 2645 oum
314 2583 545 2665 respexissent
558 2592 591 2646 et
602 2581 716 2646 hostes
734 2584 768 2646 iu
780 2586 905 2648 nostris
923 2585 1046 2648 eastris

64 2685 198 2750 versari
213 2684 387 2767 vidissent,
403 2687 606 2770 praecipites
619 2686 719 2768 fugae
736 2709 809 2751 sese
825 2687 1043 2751 mandebant.

66 2787 175 2854 Simul
212 2806 339 2870 eorum,
374 2790 429 2874 qui
464 2810 538 2853 oum
573 2790 821 2875 impedimentis
855 2792 1073 2880 veniebant,s

66 2892 423 2978 olamorfremitusque
431 2892 613 2977 oriebatur,
626 2894 751 2979 aliique
765 2895 866 2960 aliam
880 2897 911 2960 in
922 2907 1053 2983 partem

66 2996 242 3083 perterriti
253 2995 458 3062 ferebantur.
476 2997 606 3079 Quibus
624 2998 778 3063 omnibus
793 2999 893 3065 rebus
909 3005 1073 3086 permotis
1145 3080 1149 3085 ι

70 3101 203 3186 equites
218 3097 368 3183 Treveri,
388 3122 527 3185 quorum
544 3103 632 3166 inter
649 3100 768 3166 Gallos
785 3104 921 3169 virtutis
939 3106 1050 3189 opinio

67 3211 119 3267 est
154 3200 356 3286 singularis,
398 3205 455 3288 qui
489 3204 609 3269 auxilii
644 3227 748 3270 eausa
778 3230 798 3270 a
833 3209 973 3271 civitate
1005 3208 1051 3272 ad

67 3302 252 3372 Gaesarem
267 3306 362 3370 missi
378 3317 552 3390 venerant,
576 3330 651 3372 eum
673 3307 889 3373 multitudine
905 3310 1050 3375 hostium

66 3420 183 3477 eastra
206 3409 385 3496 compleri,
413 3420 549 3476 nostras
579 3411 729 3495 legiones
759 3414 863 3498 premi
886 3422 919 3476 et
943 3435 1049 3498 paene

66 3514 319 3581 ciromventas
341 3514 466 3597 teneri,
495 3514 649 3598 oalones,
675 3517 819 3599 equites,
848 3515 1048 3600 funditores,
