2376 3924
64 233 125 298 122
367 235 416 284 on
435 233 555 284 nanno
576 198 734 283 cronico

63 446 149 508 cere,
174 446 312 511 quorum
329 424 416 491 alter
437 423 531 490 milia
547 447 707 511 passuum
723 426 860 491 circiter
875 425 1037 511 quinqua-

28 545 53 582 10
63 529 170 611 ginta,
194 527 281 592 alter
303 527 403 614 paulo
428 527 569 614 amplius
600 528 643 594 ab
673 530 714 593 iis
745 528 845 593 absit.
890 527 980 594 Illud
1003 551 1040 592 se

63 631 216 717 polliceri
240 642 272 698 et
297 633 512 698 iureiurando
529 633 738 715 confirmare,
761 641 871 698 tntum
895 633 958 698 iter
980 653 1041 717 per

30 737 146 801 ulines
172 736 337 802 daturum.
384 735 480 817 Quod
504 758 578 800 cum
601 736 716 819 faeiat,
752 745 784 800 et
807 737 940 801 civitati
965 757 1040 799 sese

64 840 249 923 consulere,
284 840 372 926 quod
399 838 549 905 hibernis
578 839 718 924 levetur,
754 850 787 906 et
815 839 956 907 Caesari
980 860 1040 923 pro

65 946 136 1008 eius
160 944 288 1009 meritis
312 945 460 1027 gratiam
483 943 617 1008 referre.
647 943 723 1009 Hac
746 945 899 1021 oratione
921 941 1041 1006 habita

66 1045 211 1111 discedit
234 1045 421 1111 Ambiorix.

167 1147 218 1213 28.
235 1147 415 1234 Arpineius
432 1157 465 1213 et
480 1150 608 1233 Iunius,
625 1170 711 1235 quae
728 1149 918 1233 audierunt,
935 1149 980 1215 ad
995 1148 1042 1213 le·

65 1261 162 1335 gatos
189 1251 352 1315 deferunt.
376 1250 431 1315 Illi
448 1253 623 1336 repentina
640 1274 676 1316 re
693 1251 893 1337 perturbati,
917 1254 981 1317 etsi
998 1251 1042 1317 ab

65 1356 161 1420 hoste
185 1378 224 1419 ea
249 1353 458 1438 dicebantur,
482 1364 594 1420 tamen
616 1377 682 1421 non
698 1355 909 1439 neglegenda
926 1357 1045 1421 existi·

66 1457 206 1522 mebant
230 1459 442 1542 maximeque
470 1457 535 1522 hac
565 1481 600 1523 re
629 1459 920 1544 permovebantur‚
951 1459 1045 1544 ¹quod

66 1564 239 1628 civitatem
261 1559 444 1645 ignobilem
468 1571 569 1646 atque
591 1561 748 1627 humilem
764 1562 958 1628 Eburonum
982 1584 1045 1628 sua

68 1675 187 1752 sponte
214 1665 336 1752 populo
365 1665 515 1730 Romano
547 1663 673 1729 bellum
701 1667 813 1731 facero
842 1689 961 1732 ausam
984 1668 1046 1731 vix

47 1780 142 1837 2erat
166 1769 379 1835 credendum.
404 1770 522 1854 ltaque
539 1769 584 1834 ad
600 1768 777 1834 consilium
793 1792 863 1836 rem
879 1769 1046 1853 deferunt,

46 1892 257 1960 tmagnaqne
281 1875 448 1938 intereos
473 1874 609 1937 exsistit
632 1875 872 1939 controversia.
917 1873 1047 1938 Lucius

67 1977 314 2043 Aurunculeius
339 1977 591 2062 compluresque
614 1976 741 2041 tribuni
765 1976 908 2042 militum
931 1985 964 2041 et
980 1979 1048 2062 pri-

68 2104 196 2147 morum
221 2081 373 2147 ordinum
390 2082 604 2145 centuriones
628 2079 713 2144 nihil
736 2089 861 2144 temere
878 2079 1048 2162 agendum

68 2207 175 2270 neque
206 2208 248 2249 ex
277 2183 427 2249 hibernis
462 2185 592 2249 iniussu
615 2181 773 2247 Caesaris
805 2182 1049 2249 discedendum

47 2286 311 2354 texistimabaut
320 2304 329 2367 ;
345 2287 543 2372 quantasvis
559 2287 675 2371 copias
689 2287 790 2350 etiam
804 2283 1050 2354 Germanorum

69 2393 229 2459 sustineri
251 2412 351 2476 posse
374 2391 511 2455 munitis
535 2388 686 2455 hibernis
704 2388 959 2484 docebantprem
974 2413 1051 2456 esse

68 2497 272 2578 testimonio,
307 2495 395 2583 quod
418 2497 559 2580 primum
583 2493 730 2560 bostium
753 2495 910 2582 impetum
933 2495 1051 2561 multis

50 2599 158 2664 cultro
181 2597 379 2665 vulneribus
403 2597 509 2664 illatis
533 2599 716 2664 fortissime
740 2599 979 2682 sustinuerint3
1014 2621 1051 2663 re

71 2703 291 2769 frumentaria
304 2725 370 2768 non
383 2704 503 2788 premi3
520 2703 651 2767 interea
664 2710 697 2766 et
710 2724 753 2766 ex
764 2702 928 2787 proximis
940 2700 1052 2767 hiber-

50 2809 123 2872 ruis
137 2817 168 2871 et
182 2831 202 2871 a
216 2805 364 2872 Caesare
376 2815 585 2872 conventura
601 2802 769 2887 subsidia3
785 2813 953 2890 postremo
969 2805 1053 2891 quid

73 2932 146 2975 esse
180 2909 287 2976 levius
322 2919 380 2975 aut
415 2911 555 2994 turpius,
590 2931 690 2995 quam
718 2917 858 2974 anctore
886 2908 985 2973 hoste
1010 2908 1053 2973 de

74 3016 207 3078 summis
232 3013 331 3079 rebus
356 3035 476 3098 capere
500 3012 700 3078 consilium?

53 3108 60 3121 ³
174 3115 224 3181 29.
239 3116 366 3183 Contra
380 3140 420 3183 ea
430 3117 582 3182 Titurius
596 3139 669 3182 sero
682 3117 832 3182 facturos
840 3112 1055 3199 clamitabat,

72 3243 148 3286 cum
177 3222 320 3287 maiores
350 3242 469 3285 manus
498 3219 645 3285 hostium
674 3219 846 3284 adiunctis
871 3214 1054 3285 Germanis

74 3326 322 3407 convenissent,
347 3333 406 3389 aut
429 3344 503 3387 cum
520 3321 649 3408 aliquid
665 3321 873 3388 calamitatis
889 3321 923 3385 in
939 3322 1056 3407 proxi·

54 3429 137 3491 amis
165 3427 315 3492 hibernis
340 3436 429 3492 esset
454 3435 639 3511 acceptum.
685 3425 827 3491 Brevem
854 3422 1057 3507 consulendi

75 3553 148 3596 esse
172 3532 393 3597 occasionem.
417 3528 599 3596 Caesarem
622 3527 786 3595 arbitrari
808 3527 998 3615 profectum
1015 3528 1058 3597 :in
