2376 3924
139 245 202 311 212
445 246 496 297 mo
513 248 633 299 nunno
652 247 811 300 eunuco

139 438 262 523 broges
286 438 413 505 crebris
443 438 489 505 ad
510 439 711 507 Rhodanum
735 440 907 527 dispositis
936 440 1118 528 praesidiis

138 563 262 626 magna
291 565 366 608 cum
393 565 475 608 cura
499 552 533 608 et
556 542 734 627 diligentia
764 566 841 610 suos
864 545 948 610 fines
972 555 1119 612 tuentur.

118 644 276 730 cansar,
294 648 383 735 quod
398 648 512 714 hostes
529 651 682 735 equitatu
700 651 888 735 superiores
901 672 976 715 esse
988 649 1120 715 intelle·

140 749 243 835 gebat
266 760 298 817 et
322 752 516 818 interclusis
539 750 692 818 omnibus
715 751 892 818 itineribus
913 753 1008 818 nulla
1023 776 1061 818 re
1077 776 1120 820 ex

139 854 1121 941 provinciaatqueItaliasublevaripoterat,transRhenum

140 960 174 1023 in
186 957 403 1025 Germaniam
414 961 518 1024 mittit
531 959 646 1025 adeas
660 959 829 1042 civitates,
843 980 927 1046 quas
941 961 1121 1049 superiori·

140 1062 203 1128 bus
227 1063 325 1127 annis
348 1071 544 1148 pacaverat,
569 1064 763 1149 equitesque
786 1061 829 1127 ab
853 1062 904 1127 his
926 1053 1121 1129 arcessit‘et

141 1167 227 1231 levis
243 1174 436 1231 armaturae
451 1166 593 1253 pedites,
616 1168 672 1254 qui
689 1168 778 1232 inter
794 1188 851 1231 eos
867 1165 1027 1252 proeliari
1043 1188 1120 1233 con-

119 1278 288 1335 eeuerant.
311 1271 436 1336 Eorum
459 1270 617 1352 adventu,
642 1270 730 1357 quod
750 1272 860 1336 minus
876 1270 1007 1336 idoneis
1025 1273 1121 1358 equis

140 1372 332 1458 utebantur,
363 1398 383 1440 a
406 1374 551 1442 tribunis
574 1376 717 1441 militum
739 1375 945 1462 reliquisque
977 1373 1049 1458 [sed
1073 1375 1118 1459 et]

142 1477 309 1565 equitibus
326 1479 486 1544 Romanis
506 1488 608 1566 atque
623 1480 773 1544 evocatis
796 1500 897 1565 equos
919 1479 1021 1544 sumit
1037 1475 1122 1544 Ger·

141 1584 316 1669 manisque
341 1582 525 1649 distribuit.

227 1687 279 1753 66.
295 1689 440 1771 Interea,
458 1688 537 1753 dum
552 1688 636 1753 haec
652 1697 825 1772 geruntur,
842 1687 987 1752 hostium
1002 1687 1124 1771 copiae

143 1815 185 1857 ex
200 1791 363 1858 Arvernis
381 1794 585 1880 equitesque,
602 1795 659 1879 qui
675 1793 739 1858 toti
756 1789 890 1858 Galliae
907 1798 1006 1856 erant
1021 1791 1124 1877 impe-

121 1897 219 1980 erati,
236 1899 452 1963 conveniunt.
468 1897 592 1982 Magno
608 1897 727 1962 horum
745 1905 865 1963 coacto
880 1917 1029 1978 numero,
1045 1916 1124 1961 cum

142 1997 271 2064 Caesar
293 2002 328 2064 in
352 1999 525 2087 Sequanos
549 2024 608 2087 per
631 2010 799 2067 extremos
822 1999 1016 2083 Lingonum
1036 1999 1123 2065 fines

143 2104 207 2169 iter
229 2104 366 2187 iaceret,
390 2127 453 2191 quo
470 2105 605 2171 facilius
627 2104 815 2170 subsidium
830 2104 1026 2191 provinciae
1040 2101 1126 2184 ferri

141 2216 266 2293 posset,
290 2209 426 2274 circiter
448 2208 542 2274 milia
564 2231 725 2295 passuum
754 2208 869 2273 decem
893 2207 937 2274 ab
959 2207 1124 2273 Romanis

119 2313 241 2379 etrinis
265 2314 389 2377 castris
405 2312 668 2396 Vercingetorix
688 2311 841 2378 consedit
859 2311 1125 2396 convocatisque

143 2416 187 2480 ad
203 2416 383 2481 concilium
398 2416 578 2501 praefectis
595 2418 744 2503 equitum
759 2416 893 2481 venisse
907 2423 1037 2501 tempus
1053 2415 1125 2480 vic·

142 2521 251 2584 toriae
275 2519 495 2585 demonstrat.
517 2520 652 2604 Fugere
676 2521 709 2585 in
727 2520 938 2605 provinciam
953 2519 1125 2584 Romanos

120 2621 325 2708 eGalliaque
342 2622 517 2689 excedere.
539 2623 581 2688 Id
597 2622 663 2689 sibi
679 2623 723 2689 ad
739 2631 951 2709 praesentem
969 2620 1125 2687 obtinen-

145 2726 222 2791 dam
234 2724 427 2792 libertatem
441 2728 524 2792 satis
538 2750 627 2810 esse3
644 2727 689 2793 ad
700 2727 821 2813 reliqui
832 2726 992 2813 temporis
1003 2746 1125 2811 pacem

144 2838 245 2915 atque
262 2831 366 2895 otium
381 2851 498 2915 parum
521 2832 654 2917 profici,
678 2829 862 2896 maioribus
887 2831 975 2895 enim
993 2830 1126 2896 coactis

144 2933 250 3019 copiis
280 2956 475 2999 reversuros
507 2957 616 3022 neque
652 2935 752 3000 finem
780 2932 932 2999 bellandi
960 2934 1125 3000 facturos.

122 3035 289 3101 rProinde
312 3040 447 3121 agmine
469 3039 647 3124 impeditos
671 3039 894 3105 adorirentur.
929 3037 966 3104 Si
988 3036 1126 3123 pedites

146 3141 215 3204 suis
239 3140 403 3206 auxilium
425 3142 537 3208 ferant
559 3151 661 3228 atque
683 3144 718 3208 in
735 3164 773 3207 eo
790 3149 971 3224 morentur,
995 3140 1145 3227 iterius
1175 3172 1181 3185 ·

145 3265 223 3310 cere
238 3266 305 3308 non
322 3266 437 3330 posse,
461 3247 499 3328 si,
520 3246 555 3310 id
570 3246 659 3332 quod
674 3247 783 3330 magis
799 3246 946 3312 futurum
963 3244 1052 3311 eonii

144 3346 274 3417 relictis
298 3348 543 3434 impedimentis
568 3372 648 3415 suae
672 3350 774 3416 saluti
797 3349 1042 3433 consulante*
1099 3334 1103 3341 ⁵

124 3474 255 3525 ererum
266 3453 534 3518 necessariarum
546 3462 578 3517 et
592 3453 760 3537 dignitate
773 3453 953 3540 spoliatum
967 3451 1014 3519 iri

148 3555 189 3622 de
219 3556 388 3643 equitibus
416 3559 572 3641 hostium,
603 3560 682 3644 quin
704 3579 801 3623 nemo
828 3556 939 3625 eorum
