2376 3924
369 241 480 291 nrnnu
498 242 529 304 v,
555 240 630 290 cnr.
650 240 761 290 42-44.
996 239 1053 303 131¹

78 444 221 517 ceretur,
244 442 280 497 ut
305 455 340 498 se
364 431 426 497 sub
449 432 521 518 ipso
539 430 629 496 vallo
647 433 924 517 constipaverant
949 452 1057 495 reces-

77 559 215 624 sumque
236 535 353 623 primis
376 534 484 600 ultimi
506 556 573 600 non
597 533 735 599 dabant.
758 533 901 598 Paulum
923 532 1089 619 quidems-

76 642 271 707 intermissa
293 640 427 704 flamma
452 649 485 704 et
501 638 645 725 quodam
669 637 743 704 loco
768 640 851 704 turri
876 637 1000 703 adacta
1025 647 1058 703 et

74 747 296 828 contingente
311 743 438 808 vallum
461 731 583 809 tertiae
607 743 755 809 cohortis
779 743 992 808 centuriones
1017 764 1059 806 ex

75 872 130 932 oo,
161 869 225 934 quo
251 845 406 929 stabant,
434 845 508 912 loeo
537 856 750 911 recesserunt
774 867 917 931 suosque
946 867 1059 910 omnes

74 959 300 1033 removerunt,
316 958 400 1015 nutu
415 948 624 1035 vocibusque
639 949 764 1033 hostes,
783 951 812 1014 si
836 950 975 1013 introire
990 947 1059 1012 vel-

76 1057 157 1137 lent,
172 1076 297 1120 vocare
320 1061 520 1137 coeperunt3
544 1074 683 1138 quorum
699 1051 857 1138 progredi
882 1074 983 1117 ausus
1008 1061 1073 1116 ese

75 1180 183 1224 nemo.
199 1157 284 1223 Tum
301 1180 343 1223 ex
359 1157 448 1222 omni
464 1165 561 1242 parte
577 1154 747 1242 lapidibus
765 1157 929 1221 coniectis
947 1154 1082 1224 detur-v

76 1263 162 1346 bati,
186 1263 357 1348 turrisque
381 1282 544 1326 succensa
569 1269 630 1324 est.

71 1430 73 1435 ,
164 1364 218 1430 44.
240 1365 349 1432 Erant
372 1367 406 1430 in
431 1388 470 1430 ea
494 1364 626 1448 legione
649 1365 823 1431 fortissimi
847 1365 922 1447 viri,
946 1372 1058 1427 eentu-

76 1472 200 1555 riones,
225 1472 281 1557 qui
303 1471 418 1555 primis
436 1468 612 1535 ordinibus
631 1470 947 1555 appropinquarent,
964 1467 1061 1531 Titus

78 1573 176 1640 Pulio
209 1583 242 1638 et
270 1574 397 1640 Lucius
421 1573 585 1639 Vorenus.
630 1573 676 1637 Hi
704 1582 885 1659 perpetuas
914 1573 1003 1636 inter
1027 1593 1084 1640 sea

79 1679 331 1744 controversias
347 1676 529 1760 habebant,
547 1679 681 1763 quinam
706 1677 941 1759 anteferretur,
958 1676 1061 1740 omni-

77 1784 209 1869 busque
232 1783 330 1846 annis
348 1781 389 1847 de
412 1781 496 1847 locis
521 1783 657 1846 summis
675 1778 902 1846 simultatibus
926 1788 1062 1844 eonten-

84 1886 221 1952 debant.
245 1884 299 1951 Ex
314 1885 366 1951 his
383 1884 490 1968 Pulio,
514 1906 591 1949 eum
613 1886 775 1949 acerrime
799 1884 844 1948 ad
859 1884 1083 1950 munitionesa

77 1998 297 2076 pugnaretur,
309 1981 402 2076 ‘quid
414 1987 571 2072 dubitas',
585 1984 881 2076 inquit,‘Vorene?
894 1997 951 2051 aut
959 2008 1056 2073 quem

78 2095 190 2160 locum
201 2103 281 2160 tuae
292 2093 487 2180 probandae
495 2094 631 2159 virtutis
644 2092 846 2179 exspectas?
856 2092 922 2155 Hie
936 2090 1006 2155 dies
1016 2089 1058 2154 de

79 2199 205 2263 nostris
221 2199 461 2263 controversiis
486 2195 672 2262 iudicabit?
697 2196 792 2261 Haec
817 2218 890 2260 eum
910 2195 1088 2277 dixissent

75 2299 234 2386 procedit
265 2310 361 2368 extra
385 2301 603 2384 munitiones,
635 2295 787 2386 quaeque
817 2322 896 2385 pars
919 2299 1065 2364 hostium

79 2403 331 2470 confertissima
347 2413 400 2470 est
415 2405 500 2487 visa,
517 2404 683 2489 irrumpit.
700 2403 912 2468 NeVorenus
931 2401 1088 2490 quideme

85 2529 159 2572 sese
181 2505 273 2573 vallo
296 2508 462 2591 eontinet,
489 2507 549 2573 sed
573 2509 719 2573 omnium
742 2510 869 2573 veritus
894 2508 1065 2572 existima·

83 2612 210 2676 tionem
233 2608 457 2697 subsequitur.
502 2610 666 2676 Mediocri
694 2613 804 2696 spatio
828 2609 946 2676 relicto
970 2608 1088 2675 Pulios

81 2714 187 2800 pilum
210 2715 245 2779 in
259 2714 373 2780 hostes
390 2716 540 2781 immittit
559 2724 659 2800 atque
675 2738 776 2780 unum
794 2737 835 2779 ex
851 2713 1066 2780 multitudine

83 2825 336 2904 procurrentem
364 2820 498 2902 traicit3
528 2840 592 2905 quo
622 2840 781 2904 percusso
813 2826 844 2882 et
873 2820 1066 2885 exanimato

82 2923 173 2989 hunc
197 2924 302 2990 scutis
318 2932 511 3010 protegunt,
528 2925 561 2987 in
577 2923 708 2988 hostem
723 2921 793 2988 tela
809 2924 957 2988 universi
975 2924 1067 2987 eoni-

81 3028 178 3093 ciunt
208 3048 316 3113 neque
345 3025 427 3092 dant
456 3025 670 3110 regrediendi
695 3025 904 3092 facultatem.
942 3026 1089 3093 Trans-r

79 3131 199 3217 figitur
214 3137 346 3196 scutum
356 3129 489 3195 Pulloni
506 3137 538 3194 et
550 3139 705 3195 verutum
722 3132 756 3195 in
769 3130 884 3197 balteo
899 3130 1066 3215 defigitur.

82 3235 219 3301 Avertit
234 3233 289 3299 hic
312 3254 411 3299 casus
433 3235 605 3318 vaginam,
628 3243 660 3299 et
679 3233 829 3318 gladium
854 3234 996 3299 educere
1012 3255 1089 3299 coa

81 3340 179 3405 nanti
188 3337 344 3405 dextram
355 3347 506 3404 moratur
517 3360 664 3420 manum,
682 3339 943 3425 impeditumque
952 3337 1066 3403 hostes

71 3442 345 3508 circumsistunt.
359 3439 534 3507 Succurrit
546 3444 701 3508 inimicus
709 3441 920 3509 illiVorenus
929 3451 961 3507 et
971 3440 1089 3508 labo-s

71 3546 174 3613 'nanti
196 3544 364 3612 subvenit.
407 3543 463 3611 Ad
490 3545 578 3612 hunc
609 3570 644 3611 se
672 3546 848 3612 confestim
881 3545 1102 3614 aPulione¹0

880 3647 913 3702 (ᾖ
