2376 3924
406 227 516 278 LIBER
533 228 584 289 111,
603 227 680 280 OAP.
700 226 808 276 'ts-78.
1030 226 1092 291 143

116 419 246 481 tissimis
280 415 448 481 itineribus
485 416 608 481 nullum
645 417 806 501 acciperet
830 416 1090 498 incommodum.

116 523 289 606 Pompeius
311 522 412 606 ,primi
440 519 503 585 diei
531 543 623 585 mora
644 518 733 585 illata
755 529 788 582 et
809 518 1006 604 reliquorum
1028 520 1113 586 die-³

116 647 189 688 rum
211 625 331 690 frustra
353 623 463 690 labore
493 634 651 711 suscepto,
686 647 760 690 cum
788 647 823 688 se
850 626 976 708 magnis
1003 625 1092 688 itine-

116 727 206 792 ribus
240 729 433 794 extenderet
461 738 493 794 et
521 751 729 816 praegressos
763 730 916 814 consequi
949 736 1091 811 cuperet,

116 842 233 916 quarto
267 831 319 897 dio
351 833 450 897 finem
484 832 642 918 sequendi
674 833 751 898 fecit
784 840 881 918 atque
915 829 1002 894 aliud
1032 828 1093 894 sibi

116 935 284 999 consilium
306 936 500 1022 capiendum
522 939 729 1001 existimavit.

203 1040 253 1104 78.
277 1040 411 1107 Caesari
433 1042 475 1107 ad
498 1044 623 1107 saucios
645 1042 863 1128 deponendos,
897 1040 1093 1126 stipendium

115 1147 272 1209 exercitui
294 1144 449 1228 dandum,
486 1147 588 1224 socios
610 1144 857 1227 confirmandos,
896 1142 1092 1229 praesidium

114 1247 249 1312 urbibus
271 1249 520 1335 relinquendum
541 1271 674 1315 necesse
690 1259 761 1314 erat
775 1249 865 1314 adire
877 1247 1090 1334 Apolloniam.

115 1351 181 1416 Sed
214 1353 264 1417 his
296 1353 394 1418 rebus
427 1363 554 1439 tantum
587 1355 740 1439 temporis
773 1352 896 1435 tribuit,
934 1361 1112 1437 quantum2

115 1464 185 1519 erat
207 1457 393 1540 properanti
415 1477 562 1539 uecesse3
585 1458 702 1521 timens
716 1456 868 1537 Domitio,
892 1477 933 1519 ne
949 1453 1093 1520 adventu

115 1559 250 1643 Pompei
283 1568 586 1644 praeoccuparetur,
624 1559 667 1623 ad
701 1581 775 1624 eum
809 1560 894 1623 omni
928 1557 1091 1623 celeritate

115 1671 148 1725 et
170 1661 275 1726 studio
297 1664 448 1728 incitatus
469 1662 644 1728 ferebatur.
683 1665 796 1729 Totius
819 1672 928 1728 autem
949 1665 997 1727 rei
1020 1681 1112 1727 con-a

115 1764 219 1831 silium
252 1766 301 1831 his
337 1766 515 1832 rationibus
549 1767 742 1854 explicabat,
780 1775 825 1851 ut,
859 1769 886 1832 si
919 1767 1091 1852 Pompeius

114 1868 229 1934 eodem
261 1871 480 1954 contenderet,
514 1870 692 1938 abductum
724 1871 813 1936 illum
835 1895 855 1936 a
882 1873 965 1937 mari
993 1879 1090 1955 atque

68 1970 71 1975 ’
114 1972 156 2038 ab
184 1976 221 2038 iis
249 1977 358 2061 copiis,
396 1997 477 2062 quas
509 1975 710 2061 Dyrrhachii
743 1983 998 2062 comparaverat,
1027 1975 1091 2040 fru-

113 2088 221 2143 mento
259 2101 299 2144 ac
335 2089 517 2145 commeatu
559 2079 761 2146 abstractum
796 2081 867 2166 pari
904 2079 1091 2145 condicione

113 2179 188 2244 belli
217 2204 326 2247 secum
354 2183 522 2248 decertare
556 2191 700 2269 cogeret,
736 2185 763 2248 si
784 2185 818 2248 in
839 2180 967 2248 Italiam
988 2192 1112 2247 trans-4

113 2285 184 2366 iret,
208 2288 378 2350 coniuncto
401 2289 548 2352 exercitu
577 2309 651 2352 cum
672 2288 815 2352 Domitio
845 2309 904 2373 per
925 2286 1090 2371 Illyricum

113 2387 227 2451 Italiae
256 2387 398 2454 subsidio
427 2390 705 2476 proficisceretur3
744 2393 771 2455 si
793 2389 998 2475 Apolloniam
1020 2390 1089 2456 Ori·

114 2513 252 2577 cumque
275 2514 463 2578 oppugnare
486 2502 519 2558 et
541 2515 575 2558 se
597 2495 685 2557 omni
706 2495 868 2557 maritima
899 2514 956 2556 ora
984 2489 1089 2556 exclu-

114 2594 192 2657 dere
225 2605 406 2679 conaretur,
441 2595 571 2661 obsesso
605 2598 754 2682 Scipione
787 2593 968 2660 necessario
1000 2594 1090 2660 illum

114 2699 179 2761 suis
202 2699 358 2765 auxilium
379 2699 466 2765 ferre
489 2708 627 2784 cogeret.
656 2700 772 2784 Itaque
798 2700 983 2784 praemissis
1011 2717 1111 2763 nun-s

113 2803 165 2864 tiis
198 2802 241 2867 ad
274 2801 332 2868 On.
355 2804 535 2869 Domitium
568 2801 690 2869 Caesar
723 2804 753 2867 ei
786 2805 914 2888 scripsit
935 2811 977 2886 et,
1011 2801 1090 2889 quid

113 2903 184 2968 fieri
205 2905 311 2988 vellet,
347 2905 486 2971 ostendit
513 2904 740 2991 praesidioque
762 2904 951 2992 Apolloniae
980 2905 1090 2971 cohor·
1167 2978 1169 2983 ,

112 3008 199 3074 tibus
220 3026 286 3092 1111,
309 3009 396 3075 Lissi
413 3026 434 3090 1,
454 3026 497 3076 111
520 3011 610 3076 Orici
630 3008 759 3093 relictis,
792 3013 912 3096 quique
938 3020 1032 3090 erant
1047 3033 1089 3074 ex

113 3113 300 3179 vulneribus
324 3115 414 3198 aegri
436 3113 599 3200 depositis,
628 3135 687 3199 per
708 3114 844 3202 Epirum
866 3122 965 3201 atque
987 3112 1089 3178 Atha·

112 3221 255 3283 maniam
287 3219 348 3281 iter
380 3217 489 3283 facere
522 3220 635 3304 coepit.
680 3219 853 3305 Pompeius
886 3241 1014 3305 quoque
1048 3219 1110 3284 deo

113 3320 262 3387 Caesaris
291 3321 421 3387 consilio
452 3323 636 3388 coniectura
664 3321 811 3388 iudicans
840 3321 883 3387 ad
906 3324 1089 3409 Scipionem

112 3425 354 3513 properandum
386 3424 448 3490 sibi
480 3424 704 3493 existimabat:
741 3429 768 3491 si
790 3425 912 3492 Caesar
942 3429 1005 3492 iter
1035 3425 1088 3493 illo

112 3529 258 3614 haberet,
292 3540 329 3595 ut
362 3529 541 3597 subsidium
568 3530 710 3617 Scipioni
742 3529 859 3616 ferret,
893 3532 922 3597 si
952 3529 997 3597 ab
1030 3552 1088 3597 ora
