2376 3924
129 233 171 298 84
431 234 481 284 DE
500 232 621 282 BELLO
640 229 799 281 olomeo

129 422 328 503 habuerant,
352 421 624 506 demigraverunt
648 428 681 483 et
697 420 746 482 cis
761 418 912 482 Rhenum
931 417 1105 504 dispositis

106 525 309 613 4praesidiis
322 523 509 591 Germanos
521 525 666 590 transire
679 522 912 610 prohibebant.
925 521 980 588 Illi
993 523 1105 586 omnia

128 631 269 715 experti,
292 651 368 693 cum
391 651 498 715 neque
520 630 554 692 vi
578 627 782 693 contendere
803 636 939 713 propter
955 629 1105 714 inopiam

127 735 265 797 navium
286 755 394 818 neque
417 731 505 797 clam
528 733 674 795 transire
690 741 826 816 propter
844 730 1018 795 custodias
1034 730 1104 794 Me·

127 839 304 923 napiorum
325 843 474 921 possent,
504 835 628 899 reverti
653 856 688 897 se
712 834 747 897 in
771 855 848 897 suas
873 833 971 898 sedes
995 836 1104 916 regio-

105 963 252 1026 snesque
269 937 509 1004 simulaverunt
525 947 559 1002 et
575 937 679 1002 tridui
694 939 784 1001 viam
801 939 970 1023 progressi
987 959 1104 1001 rursus

126 1052 337 1109 reverterunt
360 1051 462 1127 atque
486 1043 576 1106 omni
599 1041 662 1105 hoc
678 1043 798 1105 itinere
814 1063 883 1105 una
897 1051 996 1106 nocte
1014 1044 1103 1126 equi·

126 1156 200 1212 tatu
223 1146 376 1211 confecto
400 1146 526 1210 inscios
551 1147 830 1232 inopinantesque
849 1144 1021 1231 Menapios
1047 1166 1103 1230 op-

104 1279 116 1318 a
125 1261 334 1336 presserunt,
369 1251 426 1336 qui
451 1249 492 1314 de
516 1247 759 1315 Germanorum
789 1249 940 1314 discessu
962 1271 1022 1334 per
1046 1271 1103 1312 ex-

124 1354 311 1440 ploratores
335 1355 497 1419 certiores
521 1353 604 1418 facti
629 1356 701 1419 sine
725 1363 815 1419 metu
838 1362 933 1418 trans
951 1352 1103 1417 Rhenum

105 1459 160 1529 sin
184 1479 262 1522 siros
285 1458 379 1520 vicos
403 1459 681 1540 remigraverunt.
710 1457 774 1521 His
797 1457 983 1522 interfectis
1007 1458 1103 1520 navi-

123 1560 253 1646 busque
277 1582 390 1624 eorum
414 1564 599 1647 occupatis,
623 1563 817 1648 priusquam
837 1583 876 1624 ea
892 1583 970 1646 pars
987 1559 1102 1624 Mena-

123 1664 264 1749 piorum,
277 1685 362 1748 quae
374 1665 462 1729 citra
468 1663 619 1729 Rhenum
627 1674 711 1746 erat,
725 1666 849 1728 certior
860 1665 965 1746 fieret,
979 1663 1101 1728 flumen

122 1767 332 1832 transierunt
346 1776 447 1853 atque
460 1766 613 1832 omnibus
627 1789 739 1832 eorum
752 1767 916 1832 aedificiis
927 1769 1101 1850 occupatis

122 1869 287 1956 reliquam
302 1880 432 1956 partem
448 1870 566 1936 hiemis
584 1893 620 1935 se
636 1892 747 1936 eorum
767 1872 873 1956 copiis
891 1869 1057 1935 aluerunt.

208 1974 239 2039 5.
262 1974 326 2039 His
351 1973 392 2039 de
415 1975 514 2039 rebus
532 1974 660 2040 Caesar
682 1975 807 2039 certior
829 1973 940 2038 factus
958 1981 991 2036 et
1009 1973 1099 2037 infir·

123 2079 276 2143 mitatem
299 2074 474 2143 Gallorum
496 2080 635 2161 veritus,
674 2077 763 2163 quod
787 2086 864 2143 sunt
888 2078 921 2141 in
946 2075 1099 2142 consiliis

121 2181 297 2266 capiendis
313 2181 454 2248 mobiles
470 2192 503 2249 et
518 2186 615 2249 novis
626 2181 821 2269 plerumque
837 2180 937 2246 rebus
951 2180 1100 2263 student,

100 2282 206 2362 ,nihil
229 2285 282 2349 his
304 2286 581 2353 committendum
597 2287 814 2352 existimavit.
838 2285 900 2350 Est
924 2286 1012 2350 enim
1036 2285 1100 2351 hoc

122 2384 278 2452 Gallicae
294 2388 559 2473 consuetudinis,
576 2391 625 2454 uti
642 2399 674 2454 et
690 2391 839 2454 viatores
856 2389 959 2454 etiam
974 2390 1100 2454 invitos

119 2493 307 2557 consistere
323 2503 460 2577 cogant,
477 2503 511 2559 et
526 2493 608 2578 quid
623 2494 763 2579 quisque
780 2515 893 2558 eorum
910 2492 952 2558 de
968 2515 1100 2579 quaque

119 2614 156 2656 re
173 2594 320 2660 audierit
337 2605 395 2661 aut
412 2599 621 2681 cognoverit,
645 2607 821 2683 quaerant,
845 2607 879 2661 et
893 2607 1100 2663 mercatores

120 2698 153 2760 iu
179 2698 310 2785 oppidis
328 2698 448 2783 vulgus
472 2701 700 2765 circumsistat
722 2698 909 2787 quibusque
926 2724 969 2765 ex
992 2702 1100 2785 regio-

119 2799 219 2865 nibus
243 2805 383 2868 veniant
406 2826 556 2890 quasque
572 2805 619 2870 ibi
635 2827 688 2871 res
705 2806 938 2889 cognoverint,
955 2828 1099 2892 pronun-

96 2904 206 2971 stisre
229 2916 364 2989 cogant.
389 2907 451 2973 His
467 2908 567 2973 rebus
584 2919 686 2994 atque
709 2908 939 2975 auditionibus
956 2910 1098 2995 permoti

118 3006 161 3071 de
185 3010 320 3075 summis
338 3032 438 3096 saepe
457 3010 557 3077 rebus
573 3012 715 3078 consilia
732 3015 860 3098 ineunt,
883 3034 1022 3099 quorum
1041 3033 1097 3077 eos

118 3112 152 3173 in
177 3113 321 3195 vestigio
344 3115 518 3200 poenitere
542 3137 681 3182 necesse
703 3126 765 3200 est,
789 3138 866 3182 cum
889 3116 1027 3181 incertis
1044 3139 1097 3180 ru·

119 3214 269 3280 moribus
285 3218 446 3299 serviant,
463 3229 496 3283 et
514 3219 663 3306 plerique
686 3220 731 3285 ad
754 3220 963 3285 voluntatem
985 3240 1098 3283 eorum

120 3317 198 3382 lictu
224 3320 461 3404 respondeant.

204 3420 234 3487 tl.
249 3420 325 3503 Qua
337 3425 582 3491 consuetudine
594 3429 733 3511 cognita
740 3425 878 3512 Caesar,
891 3448 934 3492 ne
946 3427 1098 3510 graviori

118 3522 210 3589 bollo
235 3536 444 3613 occurreret,
478 3531 660 3615 maturius,
694 3553 793 3617 quam
824 3538 1020 3613 consuerat,
1054 3530 1100 3597 ad
