2376 3924
122 216 163 282 8ss
432 213 787 265 nsnsnnoosnmco

122 407 441 493 alienosoccupare3
454 428 560 492 neque
572 404 659 470 ullos
672 407 707 469 in
721 402 836 470 Gallia
847 426 973 471 vacare
986 426 1098 488 agros,

123 514 180 600 qui
204 511 279 577 dari
302 522 420 577 tantae
442 512 640 598 praesertim
663 508 870 575 multitudini
888 511 960 574 sine
976 511 1100 574 iniuria

101 617 271 703 3possint3
301 615 361 680 sed
383 615 502 697 licere,
533 615 562 678 si
585 612 702 695 velint,
725 613 760 676 in
783 611 947 678 Ubiorum
974 611 1099 676 finibus

124 722 311 803 considere,
334 742 474 806 quorum
497 719 564 783 sint
589 716 694 800 legati
719 715 808 802 apud
838 738 874 781 se
897 725 929 782 et
955 716 996 780 de
1020 715 1099 781 Sue-

123 826 241 891 borum
264 825 396 889 iniuriis
421 831 605 908 querantur
628 829 661 884 ct
684 843 704 884 a
728 842 763 883 se
787 819 949 884 auxilium
966 828 1100 904 petant:

123 930 186 994 hoc
210 952 245 994 se
268 926 366 993 Ubiis
390 927 638 1012 imperaturum.

227 1028 257 1095 9.
280 1031 404 1115 Legati
428 1029 511 1093 haec
536 1051 572 1092 se
595 1026 640 1092 ad
664 1048 742 1092 suos
758 1026 924 1093 relaturos
942 1027 1101 1092 dixerunt

125 1147 157 1202 et
181 1159 217 1201 re
248 1133 436 1199 deliberata
464 1140 539 1219 post
570 1130 656 1196 diem
687 1132 823 1196 tertium
851 1131 896 1196 ad
920 1131 1101 1196 Caesarem

104 1255 335 1306 2reversuros:
364 1238 496 1301 interca
518 1258 560 1299 ne
583 1236 720 1320 propius
745 1257 780 1300 se
804 1243 919 1300 castra
942 1244 1102 1317 moveret,

126 1345 305 1429 petierunt.
342 1342 393 1407 Ne
421 1340 456 1406 id
484 1339 619 1425 quidem
642 1337 771 1403 Caesar
801 1337 844 1402 ab
869 1361 905 1403 se
929 1339 1102 1422 impetrari

104 1463 225 1534 tposse
242 1447 339 1511 dixit.
356 1444 573 1528 Cognoverat
588 1444 677 1508 enim
692 1463 851 1526 magnam
865 1452 996 1528 partem
1012 1442 1102 1527 equi-

126 1561 218 1616 tatus
242 1549 285 1614 ab
310 1551 351 1614 iis
375 1549 504 1634 aliquot
521 1545 638 1611 diebus
661 1553 741 1610 ante
755 1544 943 1631 praedandi
959 1545 1103 1610 frumen·

127 1653 289 1738 tandique
302 1648 937 1717 causaadAmbivaritostransMosam
950 1649 1104 1714 missam:

127 1757 187 1821 hos
213 1756 403 1842 exspectari
428 1754 557 1840 equites
574 1761 676 1838 atque
692 1753 764 1816 eius
781 1753 830 1817 rei
848 1773 953 1816 causa
975 1774 1105 1817 moram

130 1861 295 1944 interponi
320 1856 563 1924 arbitrabatur.

216 1963 265 2026 10.
289 1963 384 2028 Mosa
413 1961 547 2047 profluit
577 1985 620 2026 ex
648 1969 760 2025 monte
783 1960 936 2042 Vosego‚
966 1961 1023 2045 qui
1053 1970 1104 2025 est

129 2068 163 2132 in
186 2066 309 2132 finibus
332 2067 540 2151 Lingonum,
565 2073 596 2130 et
625 2073 722 2149 parte
750 2063 896 2148 quadam
920 2086 963 2128 ex
989 2064 1105 2129 Rheno

28 2256 32 2264 ι
108 2179 282 2257 trecepta,
313 2192 398 2255 quae
421 2167 614 2256 appellatur
636 2166 802 2248 Vacalus,
834 2166 978 2232 insulam
1001 2167 1105 2232 efficit

129 2275 347 2357 Batavorum,
370 2294 479 2358 neque
501 2271 635 2353 longius
652 2270 695 2334 ab
713 2269 850 2336 Oceano
872 2269 1007 2334 milibus
1030 2293 1106 2357 pas-

108 2396 226 2443 ³suum
243 2394 340 2443 Lxxx
358 2378 393 2461 in
405 2376 557 2440 Rhenum
568 2375 686 2439 influit.
714 2372 850 2438 Rhenus
869 2382 981 2438 autem
1002 2375 1108 2440 oritur

132 2505 173 2545 ex
196 2481 384 2565 Lepontiis,
409 2481 465 2565 qui
488 2477 593 2563 Alpes
618 2477 785 2560 incolunt,
815 2487 847 2542 et
871 2477 972 2561 longo
997 2480 1107 2564 spatio

131 2607 189 2670 per
224 2585 307 2648 fines
332 2583 564 2666 Nantuatium,
593 2582 838 2665 Helvetiorum,
866 2580 1107 2668 Sequanorum,

131 2688 438 2770 Mediomatricum,
467 2684 702 2769 Tribocorum,
731 2685 951 2750 Treverorum
981 2686 1108 2752 citatus

109 2793 239 2857 sfertur
267 2800 310 2874 et,
345 2789 402 2854 ubi
433 2788 570 2855 Oceano
598 2789 898 2874 appropinquavit,
932 2791 967 2854 in
996 2788 1109 2876 plures

134 2895 248 2960 defluit
272 2904 386 2980 partes
410 2892 524 2959 multis
548 2891 809 2978 ingentibusque
829 2891 947 2958 insulis
971 2892 1109 2975 effectis,

133 3020 274 3084 quarum
296 3019 374 3083 pars
398 3018 522 3081 magna
545 3019 566 3061 a
582 2996 661 3060 feris
679 2995 900 3082 barbarisque
915 2994 1110 3063 nationibus

111 3101 293 3168 tineolirur
318 3102 374 3182 (ex
397 3099 519 3187 quibus
544 3109 632 3181 sunt,
656 3101 713 3185 qui
735 3098 887 3186 piscibus
910 3108 1013 3185 atque
1037 3099 1109 3162 ovis

134 3208 246 3272 avium
269 3207 383 3271 vivere
406 3205 668 3287 existimantur),
684 3203 864 3290 multisque
886 3202 1052 3289 capitibus
1075 3201 1110 3265 in

135 3309 308 3376 Oceanum
331 3309 449 3373 influit.

223 3412 271 3475 11.
296 3410 425 3478 Caesar
446 3431 523 3476 cum
539 3409 583 3476 ab
598 3410 696 3476 hoste
711 3433 778 3476 non
794 3409 937 3495 amplius
952 3429 1110 3495 passuum

136 3533 187 3582 ΧΠ
203 3515 338 3581 milibus
355 3514 501 3598 abesset,
524 3522 561 3579 ut
578 3523 652 3579 erat
666 3515 898 3597 constitutum,
914 3511 958 3578 ad
976 3534 1050 3578 eum
1066 3511 1111 3576 lo·
