2376 3924
364 222 474 272 11111111
491 221 552 284 vu,
572 222 646 271 cnr.
667 223 777 273 10-01.
995 221 1059 286 223

79 437 135 480 res
159 411 343 498 gerebatur
357 433 465 497 neque
485 420 579 477 recte
595 434 635 476 ac
651 415 796 497 turpiter
811 412 938 476 factum
954 411 1058 477 celari

78 525 225 605 poterat,
249 525 409 602 utrosque
432 525 466 581 et
481 515 592 582 laudis
610 517 780 603 cupiditas
797 525 830 581 et
846 517 947 581 timor
963 518 1057 600 igno-

78 622 206 687 miniae
220 620 264 685 ad
279 621 440 686 virtutem
457 619 643 685 excitabat.
661 618 745 685 (111111
762 643 782 686 a
798 619 939 685 meridie
954 641 1079 706 propes

79 728 124 793 ad
133 725 216 792 solis
225 747 381 791 occasum
396 724 498 790 dubia
506 726 651 789 victoria
663 735 881 812 pugnaretur,
895 721 1056 789 Germani

78 853 147 896 una
171 831 207 895 in
229 838 327 915 parte
350 827 511 894 confertis
540 831 659 894 turmis
690 831 724 894 in
752 828 867 895 hostes
898 831 1056 915 impetum

78 936 233 1001 fecerunt
257 954 380 1018 eosque
395 930 629 1017 propulerunt3
653 932 773 1019 quibus
795 935 830 999 in
846 934 961 1017 fugam
977 955 1077 998 con-r

78 1039 178 1103 iectis
192 1036 364 1119 sagittarii
376 1035 599 1100 circumventi
614 1035 851 1122 interfectique
867 1045 954 1102 sunt.
970 1037 1078 1103 Items

78 1165 122 1207 ex
138 1139 277 1225 reliquis
294 1138 448 1224 partibus
464 1139 574 1203 nostri
589 1139 750 1205 cedentes
763 1162 869 1226 usque
882 1140 927 1205 ad
940 1149 1055 1205 castra

78 1245 224 1311 insecuti
250 1245 302 1308 sui
317 1240 502 1325 colligendi
518 1241 716 1308 facultatem
732 1265 799 1309 11011
817 1244 991 1309 dederunt.
1009 1242 1077 1310 Ats

78 1350 113 1432 ii,
128 1348 187 1434 qui
199 1345 243 1412 ab
257 1345 375 1412 Alesia
387 1354 634 1432 processerant,
655 1347 778 1411 maesti
790 1369 900 1433 prope.
910 1349 1054 1413 victoria

78 1451 261 1538 desperata
284 1472 320 1516 se
344 1451 378 1514 in
403 1449 561 1535 oppidum
583 1457 791 1535 receperunt.

182 1553 234 1618 81.
258 1552 332 1618 Uno
357 1552 412 1617 die
427 1553 619 1618 intermisso
637 1550 731 1618 Galli
747 1562 848 1638 atque
864 1554 926 1619 hoc
944 1557 1053 1639 spatio

76 1677 201 1742 magno
235 1658 390 1740 cratium,
432 1655 611 1739 scalarum,
645 1657 877 1744 harpagonum
916 1681 1053 1723 numero

76 1761 195 1826 effecto
218 1759 329 1825 media
351 1769 453 1825 nocte
477 1759 613 1825 silentio
638 1783 680 1825 ex
703 1763 826 1827 castris
851 1764 980 1846 egressi
1009 1763 1054 1828 ad

75 1873 283 1951 campestres
306 1865 510 1929 munitiones
540 1864 718 1930 accedunt.
764 1863 882 1931 Subito
906 1866 1075 1932 clamores

76 1967 223 2051 sublato,
246 1989 314 2053 qua
341 1967 591 2051 significatione
621 1969 677 2053 qui
706 1969 741 2033 in
771 1969 892 2056 oppido
922 1969 1054 2034 obside-

75 2073 202 2138 bantur
225 2071 267 2137 de
290 2093 349 2137 suo
374 2072 524 2138 adventu
547 2093 753 2156 cognoscere
769 2084 916 2158 possent,
941 2083 1053 2140 crates

75 2177 239 2263 proicere,
262 2174 386 2257 fundis,
403 2176 550 2260 sagittis,
566 2175 738 2260 lapidibus
754 2185 887 2241 nostros
905 2177 946 2242 de
962 2176 1053 2243 vallo

74 2279 278 2368 proturbare
295 2279 502 2366 reliquaque,
520 2301 606 2365 quae
626 2280 671 2345 ad
684 2282 967 2367 oppugnationem
979 2303 1052 2366 per-

73 2385 197 2468 tinent,
209 2392 332 2470 parant
345 2383 595 2448 administrare.
608 2382 893 2468 Eodemtempore
906 2383 1073 2451 clamores

74 2487 237 2554 exaudito
254 2487 313 2553 dat
330 2486 413 2553 tuba
430 2489 563 2572 signum
580 2489 649 2553 suis
665 2488 929 2572 Vercingetorix
950 2498 1052 2575 atque

74 2616 117 2658 ex
141 2590 264 2677 oppido
288 2589 412 2655 educit.
435 2590 550 2657 Nostri
573 2601 611 2657 ut
627 2591 853 2677 superioribus
872 2591 999 2675 diebus,
1016 2602 1074 2657 utu

72 2698 195 2782 cuique
218 2702 291 2759 erat
314 2693 408 2760 locus
432 2694 628 2779 attributus,
658 2695 703 2760 ad
724 2698 927 2762 munitiones
958 2719 1051 2763 aooe-

73 2800 176 2883 dunt3
198 2797 311 2864 fundis
335 2797 504 2864 librilibus
535 2799 751 2885 sudibusque,
781 2823 864 2885 quas
893 2803 926 2866 in
952 2824 1051 2887 opere

73 2904 323 2990 disposuerant,
347 2926 388 2969 ac
412 2902 595 2988 glandibus
612 2902 731 2970 Gallos
747 2914 947 2990 proterrent.
970 2906 1073 2971 Pro-s
1103 2896 1109 2908 ’

72 3017 193 3095 spectu
216 3007 365 3074 tenebris
394 3008 551 3094 adempto
579 3006 686 3073 multa
714 3009 881 3094 utrimque
910 3009 1050 3075 vulnera

72 3112 296 3198 accipiuntur.
306 3108 488 3197 Complura
500 3113 676 3177 tormentis
689 3112 759 3177 tela
772 3115 995 3180 coniciuntur.
1003 3114 1071 3181 Atss

72 3216 211 3283 Marcus
234 3215 403 3282 Antonius
420 3225 453 3280 et
470 3213 577 3282 Gaius
593 3215 782 3282 Trebonius
798 3216 915 3302 legati,
928 3219 1049 3304 quibus

73 3322 137 3386 hae
159 3327 275 3406 partes
306 3319 351 3386 ad
380 3318 627 3401 defendendum
656 3319 876 3406 obvenerant,
911 3343 977 3407 qua
1007 3345 1049 3388 ex

71 3432 168 3510 parte
190 3431 326 3489 nostros
348 3425 455 3511 premi
483 3423 735 3508 intellexerant,
764 3425 817 3490 his
848 3424 976 3491 auxilio
1006 3449 1049 3491 ex

71 3523 294 3593 ulterioribus
317 3526 469 3593 castellis
494 3526 657 3593 deductos
683 3527 938 3599 submittebant.
