2376 3924
290 226 338 274 AD
359 225 457 276 CAES.
477 226 580 275 BELL.
600 225 703 275 GALL.
722 226 783 289 VII,
803 227 911 276 10-24.
993 225 1085 275 XXIII

208 429 231 463 c.
243 414 282 473 19,
294 415 322 462 2:
336 412 430 464 amaia
442 412 518 465 voda
533 412 610 465 elas
620 411 774 479 paludis
792 429 831 465 ac
847 412 987 482 saltasl]
1000 416 1028 463 in
1041 430 1084 464 co-

103 499 210 549 dicibus
216 500 305 548 -verba
315 513 347 550 ac
357 497 449 551 saltas
459 504 522 549 ante
532 497 593 551 cias
603 497 723 565 paludis
736 500 825 565 posita
837 506 914 563 sunt3
928 516 980 566 quo
991 500 1085 550 ordine

102 601 164 634 cum
183 585 269 634 verba
288 601 316 635 se
339 586 463 650 excipere
489 592 633 651 nequeant,
653 601 686 635 ea
703 591 734 636 ut
753 588 782 636 in
805 589 944 651 superiore
967 586 1085 637 editione

101 671 267 735 transposui.
277 670 433 736 Nipperdey
442 677 506 721 aute
516 670 608 724 saltas
620 673 790 737 corruptelae
800 675 908 738 signum
918 675 1015 739 posuit,
1024 689 1085 723 cum

102 756 176 822 quod
193 773 278 806 unum
297 772 314 806 a
332 756 451 807 Caesare
474 757 519 806 hic
543 759 625 808 scribi
648 759 769 823 potuisse
793 759 965 809 existimabat
990 759 1084 811 coartio

101 841 179 894 ‘uada
192 857 226 894 ac
239 841 424 894 trortsr'tas
438 841 498 895 cias
507 841 636 909 paludis,
649 845 678 893 in
692 850 794 894 textum
807 846 928 909 recipere
941 844 1085 895 dubitaret.

101 928 199 979 Helles
219 927 330 987 (Philol.
349 929 424 989 XIII,
443 945 468 994 p.
488 930 549 987 308)
569 931 687 979 conlecit
705 944 739 981 ac
756 928 869 991 salicta,
889 937 916 979 et
928 937 1008 991 certe,
1022 947 1084 980 cum

100 1021 184 1064 antea
206 1013 285 1078 palus
306 1013 444 1080 r'rrtpedIta
466 1014 539 1064 dicta
561 1017 603 1073 sit,
629 1031 689 1064 eam
713 1017 811 1080 partim
835 1015 945 1068 saltatis
968 1017 1083 1067 obsitam

100 1102 186 1151 fuisse
206 1106 248 1150 sat
265 1100 413 1150 verisimile
428 1106 482 1164 est;
507 1100 555 1150 sed
573 1102 637 1150 inde
656 1104 738 1151 etIam
757 1102 919 1153 concludere
937 1102 1010 1165 licet,
1030 1119 1083 1152 non

100 1185 281 1247 tamaricem,
295 1188 394 1252 quippe
408 1202 478 1251 quae
490 1189 634 1238 transitum
650 1187 819 1252 impedirent,
833 1188 981 1238 obsIdenda
998 1189 1084 1238 fuisse

100 1273 190 1323 Gallis
204 1288 285 1338 quarn
298 1272 393 1324 aorosia
406 1272 481 1325 vada
494 1275 552 1324 eius
565 1273 673 1338 paludis
692 1272 838 1326 salictis
856 1290 977 1327 cocao.
997 1276 1082 1324 saltus

98 1375 165 1409 vero
186 1360 234 1424 qui
251 1359 296 1408 hic
314 1360 441 1410 dicuntur
458 1360 567 1411 eosdem
587 1375 646 1410 esse
665 1367 745 1425 atque
767 1360 889 1413 artiores
907 1361 970 1411 illas
993 1360 1082 1413 siloas

99 1462 123 1496 c.
143 1447 189 1507 18,
207 1447 224 1494 3
244 1452 474 1506 commemoratas,
493 1448 540 1495 vix
559 1452 600 1497 est
618 1463 666 1496 cur
684 1452 833 1499 moneatur.

207 1573 229 1606 c.
242 1557 284 1617 20,
296 1559 326 1607 3:
340 1555 394 1609 loor'
406 1557 627 1624 opportunitate,
641 1557 690 1624 qai
703 1574 732 1610 se
749 1557 826 1625 ipse
838 1557 916 1610 siae
927 1557 1084 1610 marritione

99 1640 286 1711 deformaret]
306 1644 345 1693 sic
364 1659 397 1693 ex
414 1645 522 1695 Bentlei
542 1647 698 1696 coniectura
719 1647 824 1711 scripsi.
849 1646 913 1695 libri
937 1661 966 1697 sc
989 1644 1083 1711 ipsum

99 1729 212 1779 habent.
230 1728 386 1794 Nipperdey
408 1730 578 1795 corruptelae
602 1732 708 1796 signun
728 1733 830 1797 posuit3
854 1733 968 1794 Kraner,
986 1733 1084 1780 Dinter

98 1814 161 1881 ‘ipse
179 1817 221 1875 at,
240 1815 360 1878 Dilbner,
379 1815 482 1865 Holder
501 1815 566 1882 ipsa
585 1818 760 1882 scripserunt.

205 1933 227 1966 c.
238 1919 279 1978 at,
290 1920 320 1967 3:
329 1933 421 1985 parrae
434 1917 487 1988 eo]
501 1919 577 1969 codd.
588 1921 643 1971 fere
653 1937 746 1971 omues
755 1936 862 1988 perses
875 1936 931 1973 eos
943 1922 1083 1987 praebent,

99 2002 189 2069 quam
208 2004 354 2053 lectionem
378 2020 395 2055 a
417 2006 582 2071 Nipperdeio
605 2008 776 2072 reprobatam
805 2009 968 2058 recentiores
991 2015 1082 2058 tamen

99 2089 219 2139 editores
230 2094 339 2155 praeter
351 2091 502 2142 Kranerum
515 2093 693 2143 retinuerunt.
707 2101 735 2144 at
748 2100 842 2143 contra
855 2094 925 2144 hano
937 2093 1083 2143 lectionem

99 2183 127 2226 et
144 2174 296 2226 infinitivus
315 2181 445 2229 constare
466 2178 539 2240 tacit,
560 2195 621 2229 cum
639 2180 722 2229 futuri
741 2181 891 2230 infinitivus
911 2181 1082 2230 necessarius

99 2267 180 2322 esset,
200 2268 227 2312 et
239 2277 335 2313 sensus
348 2279 409 2313 eam
423 2264 570 2315 dissuadet.
589 2282 649 2316 cum
665 2268 735 2315 enirn
751 2265 824 2316 Galli
836 2266 899 2316 solis
912 2266 1081 2330 Biturigibus

100 2363 272 2397 communem
296 2348 412 2399 salutem
436 2366 491 2398 nou
515 2367 575 2400 esse
598 2351 819 2401 committendam
844 2356 963 2415 censent,
989 2357 1082 2415 aperte

99 2432 269 2500 significatur
293 2435 322 2483 in
346 2435 487 2485 retinendo
512 2436 611 2501 oppido
629 2437 745 2486 Avarico
769 2452 938 2487 communem
967 2437 1081 2486 salutem

97 2519 203 2569 versari
222 2519 267 2582 (cf.
286 2535 308 2568 c.
328 2520 368 2582 26,
389 2519 423 2586 1),
443 2527 469 2570 et
495 2537 556 2570 cum
580 2523 729 2571 communis
755 2522 829 2572 salus
852 2521 923 2572 idem
943 2523 977 2572 sit
1000 2528 1081 2588 atque

97 2619 209 2656 samma
236 2603 386 2668 victoriae,
425 2607 542 2656 efficitur
569 2622 705 2660 suolmam
731 2606 867 2661 victoriae
894 2625 927 2658 ex
955 2609 1081 2673 opinione

99 2689 242 2740 Gallorum
254 2692 396 2742 retinendo
409 2692 456 2742 illo
471 2693 569 2759 oppido
583 2695 724 2746 contineri.
744 2694 836 2759 itaque
854 2696 912 2745 iure
925 2694 1081 2760 Nipperdey

99 2784 126 2827 ct
138 2779 246 2827 Krauer
262 2776 436 2827 Clarkiauam
455 2777 600 2828 lectionem
616 2793 726 2844 parrae
738 2777 774 2830 ira
787 2793 830 2845 ea,
849 2778 914 2829 licet
932 2781 960 2829 in
981 2780 1080 2829 codici-

97 2864 149 2914 bus
167 2868 274 2912 tantum
293 2862 434 2913 deterioris
452 2869 533 2914 notae
553 2864 660 2914 audino
674 2872 701 2915 et
714 2863 799 2915 Oxou.
812 2866 887 2928 insIt,
910 2865 1079 2931 redintegra·

97 2953 170 2999 runt.
189 2948 238 2999 sed
256 2965 317 2999 cum
342 2950 503 3015 optimorum
527 2950 658 3000 librorum
682 2951 763 3001 lectio
787 2951 896 3001 facilius
922 2951 1080 3017 explicetur,

98 3037 122 3086 si
136 3049 211 3104 perte
229 3049 264 3087 co
283 3051 300 3086 a
319 3035 435 3087 Caesare
455 3037 584 3102 scripturn
603 3037 686 3087 fuisse
705 3038 828 3100 facimus,
847 3051 877 3089 eo
897 3037 978 3088 edidi.
1006 3037 1081 3102 (coa-

97 3126 177 3174 stare
195 3120 293 3188 alr'qaa
310 3137 349 3190 rc,
366 3120 498 3173 ‘bernhen
517 3123 565 3172 auf
580 3116 631 3185 —',
656 3130 682 3173 et
700 3124 726 3172 b.
746 3141 768 3175 c.
787 3124 836 3184 III,
857 3124 932 3185 14,3
959 3128 985 3173 et
1009 3125 1081 3189 apud

98 3207 261 3258 Ciceronem
279 3209 404 3274 aliosque
424 3212 570 3275 scriptores
588 3208 746 3277 invenitur.)

204 3336 227 3371 c.
249 3323 289 3384 24,
312 3323 342 3370 1:
373 3336 499 3390 apparere
526 3320 633 3389 [latam]
661 3320 744 3387 pedes
773 3319 931 3401 CCCXXX
961 3298 1081 3390 lorcyum,

95 3404 190 3458 *atram
215 3405 302 3473 pedes
328 3405 447 3458 LXXX
477 3404 705 3476 eastraroraat]
736 3412 808 3458 certe
841 3408 1002 3458 incredibile
1030 3413 1080 3470 est,

97 3506 225 3559 aggerem
244 3493 328 3558 pedes
349 3491 492 3543 CCCXXX
510 3493 594 3543 latum
613 3493 707 3556 fuisse,
732 3499 826 3544 contra
847 3493 991 3544 admodum
1009 3494 1079 3544 veri-
