2376 3924
92 230 139 280 XL
393 226 603 279 ADNOTATIO
623 227 767 278 CRITIOA

92 419 164 485 quod
186 416 223 469 iu
245 414 367 470 miiitum
383 429 499 468 numero
522 418 626 482 essent,
657 415 706 465 sed
724 415 796 480 quod
813 413 935 467 militum
953 429 1070 468 rrumero

92 507 126 556 iis
144 520 203 555 esse
221 504 325 564 liceret,
350 519 387 552 sc.
406 501 479 568 quod
497 503 569 553 servi
587 501 698 568 fugitivi
716 518 777 552 cum
797 502 938 563 militibus,
963 503 1070 553 civibus

91 591 234 652 Romanis,
263 594 486 656 exsequerentur.
517 588 588 654 quod
612 604 675 638 vero
700 586 735 638 ad
753 588 843 638 locum
861 588 887 641 b.
906 605 930 641 c.
949 591 973 651 2,
993 588 1069 648 44,1

92 676 230 727 Hofrnann
260 676 416 726 adnotavit:
446 673 541 745 mmsis
572 672 611 725 ad
636 673 743 726 Varum
773 672 928 742 tenatorum
954 687 1071 726 renuero

92 760 319 815 centurionibus:
340 756 501 827 ‘legatorum
520 775 631 810 numero
649 779 685 804 =
701 759 762 810 loco
771 758 785 821 ⁷,
813 760 885 811 idem
904 767 978 810 certe
996 760 1072 810 valet

93 849 126 898 de
144 850 223 898 tertio
243 848 311 908 loco,
331 847 365 897 ad
378 861 458 912 quem
470 847 629 912 provocavit
647 846 673 895 b.
687 844 720 898 G.
733 847 757 908 b,
775 848 818 907 27,
836 848 866 896 2:
885 860 954 912 qnos
969 844 1072 898 Adua-

95 933 154 986 tuci
172 932 301 985 obsidum
317 945 433 984 numero
450 930 551 983 missos
569 929 649 998 apud
667 945 696 983 se
713 930 745 983 in
763 931 898 984 seruitute
919 935 945 982 et
963 930 1073 984 catenis

94 1019 264 1086 tonuisseni;
288 1019 454 1084 Ambiorigis
472 1018 545 1068 enim
562 1017 634 1068 filius
653 1022 680 1068 et
697 1018 788 1068 fratris
806 1017 878 1068 fflius
897 1033 952 1067 non
971 1016 1009 1068 in
1027 1015 1073 1068 ob-

93 1105 188 1158 sidum
205 1118 332 1171 raurnro,
361 1104 409 1154 scd
426 1101 545 1169 obsides,
563 1101 692 1155 obsidum
708 1116 824 1155 numero
842 1104 919 1153 missi
934 1108 1020 1153 erant.
1038 1131 1073 1139 —

95 1193 187 1240 monui
205 1192 288 1242 etiam
305 1192 335 1240 in
352 1191 443 1256 priore
462 1189 596 1252 editione,
625 1189 697 1255 quod
719 1190 884 1256 praepositio
908 1188 946 1240 in
964 1188 1038 1239 absit
1056 1203 1073 1237 a

94 1276 234 1328 codicibus
254 1276 333 1337 aba,
352 1276 381 1325 id
398 1276 500 1326 factum
518 1291 577 1326 esse
595 1275 691 1338 videri,
711 1275 783 1342 quod
802 1292 863 1326 cum
875 1274 953 1325 finali
965 1274 1073 1339 syllaba

95 1363 170 1413 vocis
189 1362 376 1414 antecedentis
395 1361 569 1432 (Caesariin)
590 1363 732 1413 coaluerit.
751 1361 828 1412 codd.
846 1361 884 1415 hl
909 1375 943 1413 err
961 1374 1000 1426 eq.
1019 1375 1074 1412 rou·

94 1463 168 1501 mero
185 1449 296 1500 habent.

198 1551 220 1584 c.
235 1537 276 1597 62,
296 1538 326 1584 2:
345 1534 383 1588 od
400 1551 460 1588 eoric
475 1540 588 1603 portem
606 1534 796 1588 accubitionum
815 1533 902 1600 ducit,
921 1548 992 1599 quae
1007 1547 1074 1599 per·

95 1619 242 1672 tinebant
260 1620 299 1673 ori
317 1636 395 1673 mare
412 1621 624 1690 tenuissimaque
639 1637 657 1673 a
670 1620 803 1674 maximis
822 1619 927 1673 castris
941 1617 1075 1672 Caesaris

95 1704 248 1775 aberant]
273 1709 312 1757 sic
331 1709 425 1774 optimi
443 1709 520 1771 libri3
547 1707 578 1758 F.
597 1708 735 1758 Hofmann
754 1713 781 1758 et
798 1707 895 1757 Dinter
911 1703 1076 1772 pertinebat

95 1819 130 1832 —-
148 1791 247 1844 aberat
265 1794 439 1858 scripserunt.

179 1886 184 1890 ”
200 1895 223 1928 c.
242 1881 283 1940 63,
302 1880 332 1927 4:
351 1878 425 1944 quod
443 1877 524 1931 milia
539 1894 681 1946 passuum
695 1877 726 1930 in
739 1877 863 1931 circuitu
882 1876 1074 1947 [rtrunitionis]

96 1962 190 2015 XVII
207 1968 269 2016 erut
287 1963 463 2033 occepimus]
482 1963 662 2027 munitiones,
683 1965 755 2030 quod
770 1965 847 2014 codd.
859 1964 970 2025 habent,
989 1963 1077 2014 deleri

96 2051 176 2099 iussit
194 2049 328 2103 Clarkius.
360 2044 516 2116 genetivum
539 2057 630 2102 tamen
655 2052 779 2116 primitus
803 2051 968 2116 adscriptum
990 2049 1076 2100 fuisse

98 2151 212 2201 eumque
234 2137 262 2185 in
285 2137 436 2186 accusativi
458 2135 573 2202 pluralis
596 2136 709 2187 formam
728 2137 828 2187 abiisse
848 2142 921 2201 puto.
943 2163 979 2174 -
1001 2135 1027 2202 ξ.
1045 2138 1076 2186 6:

97 2235 236 2274 accessere
260 2221 352 2274 subito
373 2221 471 2290 prima
495 2222 555 2276 luce
579 2222 747 2290 Pompeiani
765 2221 916 2291 [exercitus
935 2220 1076 2274 adrentus

98 2306 244 2377 casertan]
263 2324 347 2359 uncos
366 2310 544 2361 circumdedit
561 2309 725 2376 Nipperdey.

201 2413 223 2445 c.
242 2397 284 2458 65,
302 2397 332 2444 4:
356 2411 418 2448 cum
436 2394 683 2448 arrincadoertisset
702 2393 865 2462 Pompeium
882 2397 965 2446 entra
984 2393 1077 2446 muni-

99 2480 188 2533 tiones
207 2497 355 2550 epressum,
373 2480 559 2534 secundum
577 2496 669 2533 orare
686 2484 720 2533 ut
738 2479 822 2533 iibere
832 2478 970 2548 pabulari
979 2483 1077 2547 posset

98 2582 147 2619 nac
165 2567 260 2621 minus
278 2567 390 2620 aditum
407 2566 528 2620 nauibus
545 2565 666 2628 baberet,
685 2570 857 2620 commutata
875 2565 987 2619 ratione
1005 2564 1077 2633 belii,

100 2653 232 2719 quoroiam
247 2653 427 2721 propositum
443 2667 501 2706 nou
519 2657 657 2719 tenuerat,
676 2656 800 2705 castra
817 2651 901 2704 iusto
914 2651 1078 2719 Pompeium

99 2738 210 2791 munire
228 2739 341 2809 iussit]
372 2742 399 2789 in
419 2741 509 2806 priore
528 2739 646 2790 editione
665 2739 733 2789 haec
753 2739 895 2790 adnotavi:
919 2734 1013 2790 ‘verba
1031 2753 1077 2791 ca·

99 2828 162 2876 stra
180 2824 334 2877 seruitium
351 2840 428 2878 mare
452 2827 481 2875 in
505 2826 583 2875 libris
605 2841 668 2875 mes.
691 2829 753 2891 post
777 2839 916 2894 epressum
944 2824 1079 2876 collocata

100 2915 176 2972 sunt3
195 2911 253 2960 cod.
268 2911 346 2959 Vind.
367 2927 398 2961 eo
419 2912 566 2976 discrepat,
586 2911 657 2976 quod
677 2912 777 2962 omissa
793 2927 861 2962 voce
880 2914 978 2964 castra
996 2911 1080 2961 habet

100 3009 240 3063 opressum
258 2995 412 3048 sesnandum
429 3012 514 3049 mare.
544 2997 613 3047 haec
632 2998 731 3062 recepi,
749 2998 853 3049 inserui
871 3003 961 3048 autem
980 3000 1078 3049 castro

100 3084 160 3133 loco
184 3083 218 3133 ab
237 3082 402 3148 Nipperdeio
425 3088 590 3147 monstret03
617 3082 681 3134 hinc
705 3084 777 3134 enim
801 3098 867 3134 casu
893 3083 1028 3132 excidisse
1053 3088 1080 3134 et

102 3186 164 3220 cum
182 3169 298 3234 margini
316 3171 370 3218 iam
389 3170 654 3234 adscriptumesset,
673 3185 689 3219 a
705 3171 834 3236 magistro
853 3167 951 3220 deinde
970 3169 998 3217 in
1016 3170 1079 3220 loco

102 3258 247 3324 repositum
268 3270 327 3306 esse
346 3260 424 3321 puto,
452 3271 505 3320 quo
524 3262 634 3321 propter
652 3257 829 3318 munitiones,
856 3269 925 3320 quse
949 3253 989 3302 ibi
1007 3271 1080 3305 com·

102 3347 293 3404 memorentur,
311 3341 447 3406 pertinere
458 3335 619 3391 videbatur?
641 3349 735 3408 postea
748 3343 855 3392 demum
873 3341 989 3406 cognovi
1007 3341 1080 3391 idem

102 3430 359 3480 Forchhammerum
375 3429 501 3479 suasisse.
520 3428 633 3490 Kraner,
653 3428 773 3491 Ditbner,
791 3428 822 3477 F.
834 3425 972 3476 Hoimunn
984 3427 1080 3477 eadem

100 3516 211 3581 quidem
231 3517 314 3566 verba
333 3515 457 3577 edidere,
481 3513 529 3565 sed
547 3521 608 3580 post
626 3513 779 3567 seeundum
796 3527 873 3566 mare
890 3511 1026 3575 incidunt,
1050 3519 1081 3564 ut
