2376 3924
361 246 474 297 urens
492 247 527 312 u,
547 246 624 298 cnr.
643 247 754 298 as-as.
1007 248 1046 314 ῃ

70 460 188 524 agmen
217 447 289 504 erat
315 439 350 502 in
378 445 560 524 conspectu.
605 437 757 503 Novitate
785 438 833 529 rei
855 435 952 502 Ourio
980 455 1071 523 per-e

69 551 175 607 motus
204 543 382 628 praemittit
403 543 537 627 equites,
561 542 616 626 qui
638 542 779 626 primum
806 541 962 626 impetum
984 562 1049 606 sus·

69 647 194 710 tineant
209 667 248 710 ac
262 654 445 728 morentur;
468 646 537 730 ipse
553 643 700 709 celeriter
717 643 759 708 ab
783 665 880 729 opere
903 643 1049 709 deductis

69 749 249 834 legionibus
286 749 390 813 aciem
426 749 563 812 instruit.
609 747 809 832 Equitesque
846 749 1071 812 committunt⁴

69 852 227 938 proelium
249 861 291 935 et,
325 853 515 938 priusquam
542 850 637 936 plane
666 851 809 936 legiones
839 850 995 936 explicari
1017 859 1050 914 et

68 957 242 1020 consistere
275 964 415 1040 possent,
449 963 517 1019 tota
551 953 672 1019 auxilia
704 955 791 1039 regis
824 953 980 1040 impedita
1009 977 1049 1019 ac

69 1058 270 1145 perturbata,
302 1058 388 1143 quod
422 1058 508 1122 nullo
537 1057 649 1123 ordine
684 1067 716 1123 et
745 1060 813 1123 sine
847 1060 960 1124 timore
988 1061 1050 1124 iter

69 1164 224 1242 fecerant,
246 1163 281 1226 in
302 1161 415 1248 fugam
437 1163 600 1227 coniciunt
627 1163 838 1248 equitatuque
868 1164 954 1226 omni
981 1163 1048 1226 fere

68 1265 229 1349 incolumi,
265 1265 353 1351 quod
380 1288 414 1330 se
442 1288 501 1351 per
534 1267 628 1331 litora
656 1265 804 1331 celeriter
832 1267 865 1330 in
896 1266 1049 1353 oppidum

68 1371 200 1455 recepit,
223 1389 379 1455 magnum
400 1369 546 1455 peditum
569 1392 740 1435 numerum
761 1370 968 1436 interficiunt.

172 1472 223 1536 27.
247 1473 403 1537 Proxima
431 1482 524 1538 nocte
555 1475 758 1539 centuriones
787 1474 890 1539 Marsi
919 1473 982 1540 duo
1006 1497 1049 1538 ex

69 1577 183 1641 castris
217 1574 366 1640 Curionis
400 1598 474 1641 cum
506 1575 762 1663 manipularibus
796 1579 862 1642 suis
893 1595 970 1642 xxn
1005 1577 1047 1642 ad

68 1681 195 1745 Attium
218 1681 345 1747 Varum
367 1680 562 1767 perfugiunt.
600 1682 655 1765 Hi,
680 1684 747 1747 sive
770 1705 848 1747 vere
872 1703 970 1768 quam
992 1681 1069 1747 hae

68 1782 209 1848 buerant
242 1786 425 1871 opinionem
458 1785 500 1849 ad
534 1807 609 1851 eum
641 1785 819 1872 perferunt,
853 1788 921 1851 sive
950 1788 1048 1850 etiam

69 1886 202 1952 auribus
225 1888 306 1954 Vari
329 1878 476 1953 serviunt
496 1885 605 1974 ¹(nam,
629 1910 712 1974 quae
735 1889 893 1973 volumus,
927 1899 960 1955 et
982 1912 1048 1955 cre-

69 1990 175 2056 dimus
198 1991 335 2057 libenter
357 2000 399 2076 et,
430 2013 513 2077 quae
536 1993 691 2057 sentimus
713 1995 783 2078 ipsi,
817 1993 957 2079 reliquos
980 2016 1048 2059 sen-

68 2096 129 2159 tire
153 2091 346 2180 speramus),
370 2095 564 2160 confirmant
586 2095 718 2180 quidem
733 2105 822 2161 certe
845 2099 941 2163 totius
957 2120 1047 2163 exer·

68 2199 152 2263 citus
189 2198 313 2262 animos
350 2196 470 2263 alienos
507 2220 578 2263 esse
611 2221 632 2262 a
665 2196 805 2262 Curione
842 2202 1069 2286 maximeques

69 2321 150 2387 opus
173 2321 244 2365 esse
266 2301 299 2364 in
322 2310 530 2387 conspectum
560 2303 740 2367 exercitum
762 2303 873 2367 venire
901 2313 934 2368 et
957 2304 1047 2368 collo·

68 2403 189 2490 quendi
227 2402 307 2468 dare
343 2402 540 2470 facultatem.
587 2406 662 2488 Qua
700 2405 849 2491 opinione
887 2405 1070 2471 adductusr

67 2509 176 2573 Varus
198 2515 327 2594 postero
350 2505 402 2571 die
424 2530 519 2573 manc
553 2509 694 2594 legiones
717 2532 760 2574 ex
782 2511 896 2575 castris
929 2510 1046 2576 educit.

67 2612 162 2676 Facit
190 2610 277 2676 idem
298 2609 406 2696 Curio7
436 2621 533 2698 atque
562 2635 627 2678 una
649 2613 732 2679 valle
762 2636 826 2678 non
854 2636 974 2699 magna
1003 2616 1047 2678 in·

67 2716 201 2780 teriecta
224 2736 300 2780 suas
322 2724 459 2801 uterque
482 2718 591 2802 copias
613 2719 751 2783 instruit.

170 2819 221 2885 28.
245 2820 327 2885 Erat
359 2822 394 2884 in
426 2822 573 2886 exercitu
606 2822 687 2888 Vari
720 2822 839 2889 Sextus
874 2822 1046 2905 Quintilius

67 2922 186 3007 Varus,
225 2945 323 3010 quem
359 2925 456 2989 fuisse
495 2923 628 2990 Corfinii
666 2947 764 3011 supra
791 2924 1046 2992 demonstratum

67 3037 124 3092 est.
169 3028 234 3094 Hic
269 3028 418 3094 dimissus
438 3039 461 3094 'a
484 3027 624 3095 Caesare
657 3031 692 3094 in
719 3029 867 3094 Africam
899 3042 1045 3116 venerat,

66 3130 274 3217 legionesque
296 3154 352 3197 eas
374 3131 568 3198 traduxerat
590 3131 698 3216 Curio,
722 3154 803 3218 quas
827 3135 1046 3220 superioribus

67 3234 267 3320 temporibus
283 3233 424 3318 Corfinio
445 3246 616 3323 receperat
631 3235 763 3321 Caesar,
786 3236 868 3302 adeo
883 3247 919 3302 ut
934 3240 1046 3323 paucis

65 3341 198 3405 mutatis
242 3339 483 3406 centurionibus
519 3340 618 3408 iidem
655 3341 783 3408 ordines
827 3340 1045 3426 manipulique

65 3451 260 3509 constarent.
289 3444 386 3509 Hanc
408 3453 523 3510 nactus
545 3445 767 3533 appellationis
791 3466 923 3511 causam
946 3445 1066 3528 Quin-2

64 3541 154 3617 tilius
181 3546 319 3613 circuire
345 3547 450 3613 aciem
478 3545 627 3613 Curionis
660 3557 758 3634 atque
792 3547 963 3614 obsecrare
990 3549 1045 3615 mi·
