2376 3924
365 232 554 297 nmnn1u1,
573 230 650 283 car.
662 232 774 282 m--as
999 230 1060 294 103

79 435 175 490 catos
191 424 387 511 reliquerat,
411 444 470 509 spe
484 420 630 510 praedae
646 421 788 488 adducti
804 424 909 509 primo
927 444 994 486 non
1011 424 1059 487 ita

78 549 203 613 magno
221 549 358 595 suorum
379 547 518 592 numero
541 527 838 593 circumsteterunt
861 548 912 609 ac,
936 527 963 590 si
986 547 1060 590 sese

79 633 224 698 interfici
244 631 386 716 nollent,
408 653 504 696 arma
527 652 650 717 ponere
678 632 856 696 iusserunt.
903 628 987 695 (lum
1010 628 1083 694 illia

80 735 161 801 orbe
176 736 268 801 facto
285 757 360 801 sese
384 733 613 818 defenderent,
637 734 791 799 celeriter
812 733 857 798 ad
880 733 1061 799 clamorem

79 840 251 905 hominum
274 840 411 905 circiter
431 836 526 903 milia
550 858 612 903 sex
641 846 881 904 convenerunt.
927 836 1061 917 Quare

81 945 240 1007 nuntiata
263 940 393 1008 Caesar
415 958 546 1008 omnem
569 964 612 1007 ex
635 944 757 1008 castris
782 942 966 1027 equitatum
992 941 1060 1005 suis

82 1045 211 1111 auxilio
219 1047 322 1111 misit.
334 1045 474 1111 Interim
486 1047 593 1111 nostri
606 1045 731 1111 milites
745 1048 903 1132 impetum
916 1045 1083 1110 hostiumr

83 1151 314 1216 sustinuerunt
327 1158 429 1236 atque
440 1149 585 1236 amplius
597 1150 689 1215 boris
706 1159 864 1237 quattuor
879 1150 1062 1215 fortissime

81 1261 319 1339 pugnaverunt
332 1262 365 1319 et
380 1254 498 1340 paucis
507 1252 703 1319 vulneribus
711 1256 861 1340 acceptis
874 1252 1061 1340 complures

82 1382 125 1423 ex
138 1358 191 1424 his
204 1356 411 1423 occiderunt.
421 1357 545 1423 Postea
557 1380 638 1423 vero
651 1379 750 1443 quam
763 1359 933 1443 equitatus
946 1367 1085 1422 nosters

82 1464 117 1527 in
130 1470 349 1548 conspectum
361 1463 466 1545 venit,
479 1461 593 1527 hostes
607 1459 750 1527 abiectis
764 1462 866 1527 armis
878 1470 976 1546 terga
989 1484 1061 1526 ver-

82 1575 198 1632 terunt
220 1586 430 1652 magnusque
454 1586 568 1631 eorum
582 1587 740 1630 numerus
757 1575 809 1630 est
833 1567 976 1630 occisus.

168 1669 220 1736 38.
237 1668 366 1736 Caesar
377 1679 513 1757 postero
527 1669 581 1736 die
589 1670 702 1735 Titum
709 1669 899 1736 Labienum
911 1669 1063 1753 legatum

81 1797 158 1840 oum
172 1775 215 1840 iis
230 1773 432 1859 legionibus,
456 1796 539 1862 quas
556 1797 600 1841 ex
615 1773 793 1839 Britannia
809 1772 1003 1856 reduxerat,
1028 1775 1062 1838 in

80 1879 242 1962 Morinos,
266 1880 322 1965 qui
344 1877 563 1944 rebellionem
584 1878 747 1962 fecerant,
771 1878 873 1943 misit.
897 1876 962 1959 Qui
987 1898 1085 1941 cumr

80 1991 220 2069 propter
242 1982 417 2048 siccitates
439 1980 611 2067 paludum,
635 2002 699 2067 quo
716 2002 752 2045 se
775 1982 974 2066 reciperent,
996 2002 1063 2044 non

81 2084 259 2168 haberent,
281 2108 346 2173 quo
363 2086 535 2171 superiore
558 2107 648 2150 anno
667 2085 820 2171 perfugio
843 2085 977 2149 fuerant
1000 2087 1063 2165 usi,

84 2211 197 2255 omnes
219 2189 289 2255 fere
312 2190 348 2255 in
370 2197 574 2276 potestatem
590 2188 735 2254 Labieni
758 2198 993 2275 pervenerunt.
1017 2187 1085 2252 Ata

84 2292 146 2374 Qu.
163 2290 316 2358 Titurius
333 2302 366 2358 et
382 2292 423 2357 L.
440 2290 542 2359 Ootta
565 2291 682 2377 legati,
706 2293 761 2378 qui
781 2293 815 2356 in
831 2292 1063 2377 Menapiorum

82 2397 168 2461 fines
184 2395 335 2481 legiones
353 2397 532 2480 duxerant,
549 2396 703 2463 omnibus
717 2418 831 2462 eorum
843 2397 936 2481 agris
949 2405 1062 2461 vasta-

83 2502 139 2583 tis,
162 2499 340 2567 frumentis
356 2503 511 2584 succisis,
534 2501 699 2567 aedificiis
716 2503 873 2584 incensis,
890 2500 979 2586 quod
994 2499 1063 2563 Me·

83 2604 177 2690 napii
195 2627 231 2669 se
246 2626 361 2671 omnes
375 2604 411 2671 in
428 2605 647 2671 densissimas
666 2605 771 2671 silvas
790 2604 1003 2689 abdiderant,
1029 2631 1064 2672 se

83 2707 129 2774 ad
145 2704 327 2774 Caesarem
342 2718 553 2796 receperunt.
576 2708 706 2774 Caesar
728 2711 763 2775 in
779 2709 896 2794 Belgis
919 2713 1087 2776 omniumr

82 2810 255 2896 legionum
275 2811 419 2879 hiberna
434 2814 621 2879 constituit.
648 2813 698 2878 Eo
715 2814 802 2879 duae
826 2816 960 2879 omnino
983 2817 1065 2880 civi·

82 2924 175 2981 tates
191 2937 235 2981 ex
246 2914 427 2983 Britannia
444 2916 580 2984 obsides
596 2919 771 3002 miserunt,
786 2918 935 3006 reliquae
951 2918 1063 3003 negle-

82 3026 217 3085 xerunt.
233 3018 298 3085 His
313 3018 415 3086 rebus
432 3022 539 3105 gestis
555 3043 599 3087 ex
614 3021 738 3087 litteris
755 3021 912 3088 Caesaris
938 3023 1088 3088 dierumo

81 3124 207 3208 viginti
231 3122 433 3210 supplicatio
457 3147 478 3190 a
502 3133 623 3189 senatu
650 3123 787 3192 decreta
811 3136 872 3192 est.
