2376 3924
484 265 561 322 cnr.
580 262 690 318 re-ro.
1013 267 1076 333 277

99 469 149 527 est
170 461 251 541 fieri,
282 468 314 524 et
343 461 433 545 equis
463 460 630 523 eoncitatis
658 457 773 522 Iuliani
801 460 960 543 impetum
986 460 1077 526 fecis·

98 573 180 646 sent,
215 561 366 628 Pacidius
400 584 475 627 suos
509 564 632 647 equites
667 562 876 647 exporrigere
910 565 1017 649 eoepit
1044 566 1078 629 in

98 666 343 752 longitudinem,
367 677 404 731 ut
418 665 577 731 haberent
591 665 779 731 facultatem
794 675 917 730 turmas
933 667 1075 732 Iulianas

98 769 314 839 circumfundi
337 779 370 834 et
392 769 489 834 nihilo
518 771 624 833 minus
653 769 824 834 fortissime
855 771 1076 855 acerrimeque

98 897 255 963 pugnare.
295 872 393 954 Quod
414 871 470 937 ubi
493 871 615 937 Caesar
637 873 875 957 animadvertit,
900 890 972 956 cce,
996 895 1098 960 quest

98 1004 142 1046 ex
165 977 345 1064 legionibus
378 976 500 1041 habere
534 976 703 1062 expeditos
737 986 917 1060 consuerat,
941 1001 984 1042 ex
1006 1002 1076 1064 pro-

97 1085 187 1149 xima
221 1082 355 1166 legione,
390 1103 474 1166 quae
497 1081 526 1144 ei
556 1081 676 1165 proelio
710 1082 742 1144 iu
777 1084 846 1145 acie
880 1085 1076 1166 constiterat,

98 1187 188 1252 iubet
221 1187 377 1271 equitatui
411 1206 608 1249 succurrere.
654 1183 820 1248 Labienus
854 1187 983 1252 interim
1012 1190 1098 1252 suisa

99 1289 261 1376 equitibus
283 1287 404 1352 auxilia
426 1289 589 1372 equestria
623 1286 811 1352 submittere
835 1291 1015 1375 sauciisque
1038 1314 1077 1354 ae

98 1393 282 1477 defatigatis
312 1394 454 1476 integros
482 1389 781 1476 recentioribusque
804 1391 928 1457 viribus
952 1395 1076 1477 equites

99 1497 354 1562 subministrare.
389 1496 566 1580 Postquam
600 1497 723 1579 equites
757 1494 873 1559 Iuliani
902 1513 986 1560 occo
1009 1500 1097 1561 vimi

96 1600 237 1666 hostium
260 1599 302 1663 ad
325 1617 377 1663 1111
402 1599 488 1663 milia
510 1621 644 1663 numero
668 1601 825 1663 sustinere
848 1622 911 1664 non
926 1610 1077 1685 poterant

97 1713 130 1769 et
152 1727 171 1768 a
193 1703 256 1768 levi
279 1712 444 1767 armatura
466 1701 681 1766 Numidarum
696 1702 952 1767 vulnerabantur
974 1707 1075 1770 miuu-

97 1808 254 1891 tatimque
278 1805 447 1871 cedebant.
472 1804 594 1870 Caesar
616 1805 752 1870 alteram
775 1806 861 1871 alam
883 1808 989 1890 mittit,
1020 1813 1075 1894 qui

97 1908 318 1994 satagentibus
342 1909 488 1974 celeriter
511 1919 745 1974 succurrerent.
792 1912 865 1992 Quo
894 1910 980 1976 facto
1004 1909 1097 2000 [suile

97 2012 215 2078 sublati
237 2015 380 2077 universi
402 2014 435 2077 in
458 2014 566 2079 hostes
590 2016 799 2100 impressione
814 2015 901 2080 facta
916 2018 948 2080 in
964 2016 1076 2100 fugam

98 2116 304 2181 adversarios
339 2115 516 2200 dederunt3
555 2118 663 2182 multis
698 2121 819 2196 occisis,
858 2120 1076 2204 compluribus

97 2219 274 2284 vulneratis
304 2222 439 2284 insecuti
463 2243 520 2305 per
544 2240 580 2284 111
607 2222 694 2287 milia
724 2245 878 2308 passuum
907 2245 1010 2307 usque
1033 2225 1075 2290 ad

97 2323 193 2388 eolles
216 2321 361 2387 hostibus
384 2322 508 2387 adactis
531 2347 565 2388 se
588 2325 630 2388 ad
653 2347 727 2390 suos
750 2329 918 2411 recipiunt.
954 2326 1096 2393 Caesare

96 2429 130 2490 in
152 2427 267 2490 horam
289 2445 321 2489 x.
346 2436 570 2509 commoratus,
595 2431 677 2493 sicut
699 2439 770 2494 erat
791 2432 967 2495 instructus
982 2453 1016 2495 se
1032 2433 1075 2497 ad

97 2552 155 2594 sua
191 2539 298 2594 castra
331 2533 452 2616 recepit
485 2531 633 2596 omnibus
670 2533 892 2598 incolumibus.
937 2535 976 2598 ln
1011 2554 1109 2620 quo¹⁰

69 2634 217 2719 proelio
239 2633 391 2698 Pacidius
420 2638 563 2717 graviter
597 2636 660 2722 pilo
694 2660 752 2722 per
786 2637 944 2702 cassidem
978 2647 1075 2723 caput

95 2740 178 2801 ictus
215 2736 459 2822 compluresque
498 2738 596 2804 duces
634 2765 673 2805 ac
709 2741 900 2806 fortissimus
938 2743 1074 2827 quisque

95 2841 256 2904 interfecti
278 2840 503 2926 vulneratique
526 2852 609 2908 sunt.

183 2943 232 3008 79.
257 2946 434 3029 Postquam
468 2946 556 3009 nulla
589 2947 776 3013 condicione
810 2970 926 3034 cogere
960 2950 1073 3014 adver·

95 3048 196 3110 sarios
212 3056 347 3132 poterat,
366 3057 400 3111 ut
411 3050 444 3112 in
456 3071 596 3133 aequum
612 3050 716 3115 locum
732 3050 968 3116 descenderent
978 3053 1072 3137 legio·

95 3171 238 3235 numque
261 3151 440 3236 periculum
462 3153 616 3236 facerent,
640 3176 745 3240 neque
768 3157 836 3240 ipse
861 3157 991 3240 propius
1017 3156 1070 3220 ho·

95 3261 177 3316 stem
200 3264 306 3319 castra
329 3278 448 3340 ponere
472 3265 603 3342 propter
624 3278 729 3342 aquae
745 3259 913 3343 penuriam
928 3280 962 3322 se
979 3281 1071 3343 posse

94 3357 385 3442 animadvertebat,
410 3360 613 3424 adversarios
636 3383 700 3425 non
722 3362 842 3425 virtute
865 3383 977 3425 eorum
1000 3384 1071 3426 con-

94 3459 206 3543 fidere,
230 3462 288 3526 sed
310 3485 471 3548 aquarum
493 3466 600 3548 inopia
622 3465 721 3528 fretos
745 3463 911 3550 despicere
934 3486 968 3528 se
983 3465 1071 3529 iutel-

92 3562 181 3646 lexit,
205 3583 241 3628 11.
265 3565 347 3630 Non.
363 3565 444 3652 Apr.
468 3569 566 3632 tertia
587 3566 697 3652 vigilia
719 3588 869 3651 egressus
891 3567 933 3633 ab
951 3567 1093 3652 Aggar
