2376 3924
94 242 158 307 256
432 242 542 293 nsum
560 243 733 295 araretur

73 433 230 497 sTirones
254 440 363 497 autem
384 431 475 498 iubet
496 435 580 498 inter
602 433 743 519 legiones
772 433 935 521 dispertiri
957 441 989 498 et
1012 432 1074 500 (lo-

94 540 228 601 minium
262 560 335 602 cum
357 538 471 602 Ticida
491 540 532 602 in
554 547 762 625 conspectum
795 561 888 603 suurn
922 538 1076 625 prohibet

6 694 9 698 .
72 640 221 705 ladduci.
268 643 342 724 Qua
364 664 407 706 ex
429 664 465 705 re
488 641 609 706 Caesar
640 652 818 708 commotus
840 664 904 726 eos,
934 663 1016 728 quos
1038 645 1074 708 in

95 743 285 810 stationibus
314 768 388 809 cum
415 745 518 830 longis
547 745 685 810 navibus
713 746 801 832 apud
829 747 996 832 Thapsum
1019 770 1074 812 cu·

95 847 218 912 stodiae
242 870 340 913 causa
362 851 395 912 in
418 848 484 912 salo
507 870 577 913 esse
600 851 746 932 iusserat,
770 858 807 913 ut
828 852 893 914 suis
915 852 1074 916 onerariis

94 950 260 1035 longisque
283 951 421 1017 navibus
445 952 604 1038 praesidio
628 961 744 1035 essent,
769 952 809 1017 ob
833 951 1074 1039 neglegentiam

94 1057 288 1138 ignominiae
317 1076 415 1119 causa
442 1054 649 1120 dimittendos
677 1055 719 1120 ab
747 1058 893 1121 exercitu
921 1060 1074 1142 gravissi·

94 1179 247 1242 mumque
269 1160 303 1221 in
325 1180 379 1222 eos
403 1158 543 1222 edictum
566 1157 811 1245 proponendum
834 1161 968 1224 curavit.

178 1261 230 1324 47.
254 1263 318 1326 Per
340 1261 373 1325 id
400 1270 528 1347 tempus
556 1261 624 1326 fere
647 1260 795 1326 Caesaris
828 1264 984 1327 exercitui
1019 1285 1074 1328 res

94 1365 212 1429 accidit
226 1365 421 1431 incredibilis
446 1365 568 1430 auditu.
591 1366 740 1450 Namque
754 1365 963 1450 vergiliarum
978 1368 1074 1452 signo

94 1471 239 1537 confecto
262 1473 390 1535 circiter
412 1469 522 1554 vigilia
544 1468 687 1534 secunda
714 1472 816 1534 noctis
844 1468 973 1535 nimb‘us
996 1492 1075 1536 cum

72 1597 194 1644 asaxea
216 1574 374 1660 grandine
397 1573 503 1639 subito
526 1583 575 1638 est
597 1583 729 1638 exortus
757 1575 880 1659 ingens.
925 1572 981 1638 Ad
1009 1575 1074 1642 hoc

94 1689 202 1743 autem
236 1678 475 1746 incommodum
508 1687 700 1760 accesserat,
735 1676 822 1762 quod
850 1675 972 1743 Caesar
1005 1700 1074 1744 non

93 1805 182 1847 more
216 1786 417 1868 superiorum
450 1791 631 1868 temporum
659 1784 692 1846 in
714 1779 857 1846 hibernis
890 1782 1074 1848 exercitum

94 1885 289 1967 continebat,
324 1883 382 1948 sed
404 1887 438 1948 in
460 1887 555 1948 tertio
585 1894 765 1969 quartoque
789 1883 841 1948 die
864 1884 1073 1970 procedendo

93 1991 289 2073 propiusque
324 1988 449 2051 hostem
472 1986 657 2052 accedendo
685 1997 793 2053 castra
820 1987 1073 2074 communiebat,

94 2115 256 2179 opereque
289 2090 438 2156 faciendo
471 2091 586 2156 milites
620 2112 655 2155 se
689 2091 968 2178 circumspiciendi
1005 2115 1074 2159 non

72 2195 258 2262 shabebant
280 2195 475 2260 facultatem.
520 2195 695 2260 Praeterea
716 2198 761 2260 ita
784 2217 826 2259 ex
849 2195 956 2262 Sicilia
978 2218 1074 2262 exer·

94 2303 192 2366 citum
225 2299 476 2386 transportabat,
510 2308 547 2363 ut
578 2308 709 2385 praeter
738 2301 844 2385 ipsum
876 2298 1009 2365 militem
1038 2309 1074 2366 et

93 2428 184 2470 arma
217 2427 278 2468 neo
301 2426 358 2468 vas
391 2425 452 2467 nec
484 2405 680 2488 mancipium
716 2424 822 2488 neque
854 2401 953 2468 ullam
988 2426 1072 2489 rem,

94 2531 177 2593 quae
211 2511 282 2573 usui
315 2508 406 2572 militi
439 2528 509 2572 esse
539 2508 715 2588 consuevit,
748 2508 781 2570 in
815 2528 916 2572 naves
949 2509 1074 2595 imponi

71 2623 267 2700 4pateretur.
291 2614 331 2677 In
345 2611 458 2676 Africa
480 2622 590 2677 autem
612 2634 676 2676 non
699 2610 794 2676 inodo
817 2610 877 2676 sibi
895 2612 1073 2697 quicquam

93 2741 158 2782 non
181 2719 399 2802 acquisierant
421 2727 477 2781 aut
499 2724 706 2802 paraverant,
737 2715 795 2780 sed
817 2718 915 2780 etiam
937 2724 1073 2801 propter

72 2834 241 2885 bannonae
257 2825 425 2886 caritatem
441 2830 516 2885 ante
532 2830 626 2906 parta
643 2828 917 2906 consumpserant.
942 2818 1080 2915 Quibus

93 2924 191 2989 rebus
214 2927 371 2988 attenuati
401 2925 518 3010 oppido
547 2945 704 3010 perquam
733 2925 827 3008 pauci
844 2922 910 2988 'sub
933 2919 1073 3007 pellibus

93 3027 357 3114 acquiescebant;
381 3026 495 3110 reliqui
511 3049 553 3091 ex
569 3029 768 3093 vestimentis
784 3025 961 3091 tentoriolis
974 3024 1072 3091 factis

79 3135 191 3217 'atque
214 3130 426 3196 arundinibus
450 3134 618 3217 scopisque
642 3133 800 3196 contextis
823 3128 1070 3216 permanebant.

71 3236 208 3321 ⁶Itaque
230 3235 336 3300 subito
359 3233 462 3299 imbre
485 3234 708 3320 grandineque
730 3243 902 3299 consecuta
924 3235 1072 3318 gravatis

93 3340 236 3426 pondere
258 3340 404 3404 tentoriis
435 3360 605 3424 aquaeque
627 3341 660 3402 vi
683 3336 825 3402 subrutis
852 3337 1071 3423 disiectisque,

92 3453 186 3508 nocte
209 3447 401 3529 intempesta
424 3441 553 3526 ignibus
575 3443 751 3524 exstinctis,
787 3441 895 3523 rebus,
919 3460 1003 3525 quae
1026 3438 1072 3505 ad

92 3548 215 3611 uictum
257 3547 432 3632 pertinent,
478 3542 626 3608 omnibus
670 3545 829 3629 corruptis
866 3564 925 3629 per
961 3550 1072 3609 casua
