2376 3924
420 229 529 279 LIBER
546 229 569 296 Ι,
591 228 666 280 OAP.
686 229 795 282 41-47.
1054 230 1095 294 33

201 420 251 486 46.
274 422 348 494 Hoc
371 443 445 486 curn
467 427 552 485 esset
574 419 669 485 modo
692 428 872 506 pugnatum
894 421 1095 486 continenter

114 526 201 591 horis
230 528 372 613 quinque
401 526 566 610 nostrique
596 526 728 610 gravius
751 549 770 589 a
793 523 995 590 multitudine
1025 548 1094 610 pre·

114 640 289 712 merentur,
314 630 509 714 consumptis
533 627 681 692 omnibus
703 627 774 692 telis
797 627 911 714 gladiis
933 628 1093 693 destrictis

95 739 268 820 impetum
291 731 448 796 adversus
470 741 612 795 montem
635 732 668 794 in
691 728 838 795 cohortes
861 731 992 814 faciunt,
1017 755 1092 817 pau-

113 842 222 924 cisque
246 837 378 902 deiectis
401 835 541 920 reliquos
564 857 635 899 sese
652 845 841 900 convertere
859 845 987 921 cogunt.
1012 835 1113 910 Sub-2

112 945 205 1007 motis
229 942 288 1007 sub
312 963 441 1005 murum
463 938 647 1004 cohortibus
671 962 710 1004 ao
731 938 883 1004 nonnulla
906 949 998 1024 parte
1021 963 1091 1025 pro-

112 1056 184 1131 pter
199 1056 357 1110 terrorem
372 1047 405 1109 in
422 1043 577 1129 oppidum
592 1043 763 1129 compulsis
778 1042 880 1107 facilis
903 1053 951 1108 est
973 1045 1090 1108 nostris

111 1159 259 1235 receptus
282 1149 386 1214 datus.
430 1149 603 1233 Equitatus
626 1158 734 1212 autem
757 1157 865 1212 noster
888 1147 929 1212 ab
952 1158 1111 1234 utroques

110 1253 226 1337 latere,
261 1255 320 1318 etsi
349 1252 481 1317 deiectis
509 1262 606 1337 atquc
635 1250 838 1316 inferioribus
867 1251 942 1316 locis
977 1256 1089 1318 consti-

110 1367 203 1438 terat,
226 1367 335 1421 tamen
358 1378 484 1431 summa
511 1357 544 1420 in
567 1357 678 1440 iugum
700 1357 820 1419 virtute
849 1357 1021 1420 connititur
1044 1367 1088 1422 at-

110 1483 173 1543 que
202 1462 285 1524 inter
314 1460 395 1525 duas
426 1461 512 1523 acies
541 1461 749 1545 perequitans
778 1458 1028 1524 commodiorem
1050 1485 1088 1525 ac

110 1565 260 1627 tutiorem
282 1566 398 1629 nostris
420 1573 589 1650 receptum
611 1563 676 1628 dat.
722 1564 773 1627 lta
795 1565 886 1627 vario
911 1567 1108 1634 certaminer

108 1676 287 1752 pugnatum
318 1675 375 1732 est.
419 1668 529 1733 Nostri
557 1669 590 1731 in
618 1670 721 1753 primo
751 1689 926 1752 congressu
960 1671 1087 1734 circiter

90 1788 179 1834 *Lxx
196 1770 391 1854 ceciderunt,
414 1773 447 1836 in
470 1771 519 1836 his
536 1772 576 1854 Q.
589 1771 759 1857 Fulginius
781 1795 824 1836 ex
840 1774 943 1858 primo
959 1774 1085 1839 hastato

106 1877 238 1962 legionis
262 1894 367 1960 xlm,
391 1878 446 1961 qui
468 1886 600 1963 propter
623 1877 776 1940 eximiam
798 1878 953 1942 virtutem
975 1901 1018 1942 ex
1040 1881 1084 1942 in-

105 1980 275 2045 ferioribus
305 1979 471 2045 ordinibus
492 1981 527 2044 in
549 2002 624 2045 eum
646 1979 751 2045 locum
779 1991 988 2067 pervenerat,
1017 1982 1083 2046 vul-

104 2094 260 2149 nerantur
289 2083 425 2169 amplius
455 2100 510 2149 De.
554 2082 609 2148 Ex
631 2083 818 2150 Afranianis
847 2086 1105 2153 interficiunturs

104 2189 141 2251 T.
155 2186 321 2270 Caecilius,
345 2189 440 2273 primi
455 2186 510 2273 pili
525 2190 684 2272 centurio,
708 2198 742 2253 et
763 2198 893 2275 praeter
915 2213 990 2256 eum
1012 2213 1082 2254 cen-

104 2293 245 2354 turiones
268 2307 335 2373 1111,
358 2289 474 2354 milites
497 2290 632 2377 amplius
655 2308 705 2357 ce.

188 2393 240 2457 47.
265 2394 331 2461 sed
353 2395 435 2459 haec
458 2397 527 2460 eius
550 2395 614 2461 diei
636 2397 819 2482 praefertur
842 2398 958 2482 opinio,
986 2407 1023 2462 ut
1045 2421 1080 2463 se

101 2499 230 2582 utrique
246 2500 428 2584 superiores
443 2498 627 2565 discessisse
644 2502 881 2567 existimarent:
897 2499 1100 2585 Afranianis

102 2600 204 2686 equod,
239 2624 314 2668 cum
341 2624 411 2667 esse
435 2605 576 2668 omnium
598 2605 715 2669 iudicio
743 2605 910 2670 inferiores
932 2605 1078 2671 videren-

101 2716 163 2788 tur,
187 2707 364 2773 comminus
392 2716 459 2777 tam
481 2707 537 2772 diu
565 2710 729 2773 stetissent
757 2718 790 2773 et
817 2718 1001 2775 nostrorum
1022 2712 1077 2776 im-

99 2820 210 2894 petum
233 2812 458 2877 sustinuissent
484 2822 517 2877 et
542 2813 632 2876 initio
661 2811 766 2876 locum
788 2813 1010 2900 tumulumque
1033 2825 1077 2880 te-

98 2915 258 2997 nuissent,
293 2937 377 3000 quae
412 2937 510 2980 causa
537 2915 705 3001 pugnandi
734 2916 854 3001 fuerat,
890 2928 923 2982 et
938 2929 1075 2986 'nostros

97 3019 199 3103 primo
212 3041 386 3104 congressu
397 3029 490 3106 terga
497 3028 625 3084 vertere
638 3023 832 3107 coegissent3
845 3025 945 3089 nostri
957 3035 1097 3109 autem,s

98 3121 185 3205 quod
217 3124 326 3208 iniquo
360 3123 428 3189 loco
463 3133 561 3210 atque
595 3126 710 3211 impari
744 3130 907 3213 congressi
940 3151 1075 3194 numero

97 3226 238 3310 quinque
262 3226 348 3291 horis
370 3226 527 3314 proelium
556 3229 794 3312 sustinuissent,
823 3230 910 3316 quod
932 3242 1075 3298 montem

95 3327 209 3412 gladiis
233 3328 393 3394 destrictis
416 3330 651 3415 ascendissent,
682 3332 769 3419 quod
797 3356 840 3399 ex
862 3334 930 3400 loco
954 3339 1073 3422 superi-

95 3455 150 3497 ore
179 3443 272 3518 terga
298 3443 428 3499 vertere
458 3434 661 3501 adversarios
695 3439 875 3523 eo'e'gissent
908 3450 1006 3524 atque
1039 3443 1073 3505 in

94 3535 248 3620 oppidum
271 3536 506 3622 compulissent.
551 3538 600 3603 Illi
627 3562 702 3604 eum
724 3539 897 3622 tumulum,
926 3564 984 3627 pro
1008 3563 1091 3627 quos

146 3652 231 3698 ῦιοιιι.
243 3654 273 3701 11.
732 3646 734 3650 ’
868 3647 888 3695 ‘d
