2376 3924
128 223 168 296 14
452 224 502 274 DE
521 224 642 275 BELLO
662 224 775 275 clvnn

212 412 261 477 17.
284 415 333 478 Re
356 417 484 498 cognita
506 416 668 479 Domitius
695 414 737 478 ad
753 416 943 501 Pompeium
965 382 1104 502 111111111-

124 516 199 580 liam
221 519 340 602 peritos
362 520 531 602 regionum
546 540 664 604 magno
679 520 841 604 proposito
864 521 1008 604 praemio
1029 543 1105 583 cum

123 619 236 684 litteris
258 623 370 703 mittit,
402 623 456 705 qui
479 629 591 706 petant
619 630 716 706 atque
746 632 852 704 orent,
883 632 920 686 ut
947 622 1008 686 sibi
1031 623 1104 687 sub·

123 726 249 788 veniat:
283 724 457 789 Caesarem
495 725 621 790 duobus
658 726 854 790 exercitibus
892 736 925 791 et
961 726 1104 792 locorum

123 830 279 912 angustiis
306 827 399 892 facile
427 828 598 892 intercludi
626 851 720 914 posse
742 830 969 914 frumentoque
999 831 1104 916 prohi-

101 929 202 995 sberi.
228 931 324 1012 Quod
346 933 407 995 nisi
429 931 551 1014 fecerit,
579 954 612 995 se
636 932 847 1016 cohortesque
870 931 1006 1018 amplius
1029 952 1104 998 xxx

122 1055 341 1118 magnumque
362 1055 533 1097 numerum
555 1044 740 1101 senatorum
763 1045 860 1119 atque
883 1038 1027 1120 equitum
1042 1038 1104 1101 Ro-

101 1158 292 1200 nmanorum
313 1139 347 1200 iu
369 1137 547 1223 periculum
569 1159 639 1202 esse
662 1148 844 1202 venturum.
871 1139 1006 1203 Interim
1029 1162 1104 1205 suos

123 1239 308 1304 cohortatus
344 1249 505 1305 tormenta
541 1244 575 1306 in
611 1246 711 1305 muris
746 1241 889 1327 disponit
933 1252 1104 1328 certasque

100 1345 238 1427 leuique
262 1353 370 1429 partes
393 1344 436 1409 ad
458 1344 637 1408 custodiam
652 1345 741 1409 urbis
764 1346 926 1429 attribuit,
950 1345 1104 1412 militibus

123 1449 156 1510 in
184 1449 330 1511 contione
360 1467 455 1530 agros
478 1468 520 1509 ex
549 1450 614 1510 suis
643 1445 897 1532 possessionibus
925 1448 1103 1533 polhcetur,

123 1553 336 1634 quaternam
358 1549 535 1635 singulos
527 1572 640 1635 iugera
669 1560 702 1615 et
724 1573 782 1636 pro
810 1560 882 1615 iata
910 1561 1002 1637 parte
1032 1574 1104 1616 cen·

123 1653 307 1717 turionibus
327 1655 545 1738 evocatisque.

211 1759 259 1822 18
283 1759 417 1822 Interim
433 1756 565 1822 Caesari
580 1768 662 1823 nunt
649 1761 747 1823 tiatm
762 1758 999 1842 Sulmonenses,
1015 1760 1104 1844 quod

124 1861 277 1946 oppidum
299 1883 319 1923 a
342 1860 482 1924 Corfinio
506 1879 555 1924 vn
578 1861 699 1926 milium
722 1862 890 1926 intervallo
914 1862 1021 1945 abest,
1051 1874 1103 1926 cu-

124 1986 200 2050 pere
224 1986 262 2027 ea
284 1964 401 2035 facere.
425 1986 508 2048 quae
535 1965 640 2048 vellet,
664 1965 721 2029 sed
745 1989 764 2029 a
788 1966 827 2047 Q.
844 1967 996 2031 Lucretio
1013 1986 1103 2030 sena-

124 2079 193 2131 tore
216 2077 249 2132 et
268 2067 358 2132 Attio
379 2067 511 2152 Peligno
534 2069 712 2153 prohiberi,
742 2070 853 2153 quiid
876 2068 1030 2154 oppidum
1053 2087 1103 2132 vn

101 2172 303 2235 scohortium
325 2170 485 2256 praesidio
500 2171 664 2235 tenebant.
687 2173 787 2236 Mittit
809 2180 847 2236 eo
862 2173 907 2237 M.
924 2171 1103 2235 Antonium

124 2298 197 2339 cum
220 2275 353 2359 legionis
368 2292 442 2337 xm.
466 2273 651 2338 cohortibus
674 2293 705 2338 v.
730 2275 973 2358 Sulmonenses,
998 2273 1104 2338 simul-

123 2389 221 2464 atque
245 2382 337 2463 signa
359 2388 470 2443 nostra
492 2378 661 2462 viderunt,
685 2388 794 2464 portas
817 2386 1014 2464 aperuerunt
1035 2379 1102 2441 uni-

122 2486 289 2568 versique,
319 2492 351 2546 et
373 2482 525 2567 oppidani
547 2492 580 2547 et
601 2481 726 2564 milites,
751 2482 881 2545 obviam
903 2480 1103 2565 gratulantes

101 2586 264 2650 aAntonio
293 2589 451 2649 exierunt.
490 2587 661 2650 Lucretius
690 2594 723 2648 et
744 2584 854 2649 Attius
882 2584 922 2649 de
952 2606 1044 2650 muro
1068 2605 1103 2648 se

123 2691 317 2756 deiecerunt.
362 2690 472 2752 Attius
494 2688 537 2753 ad
559 2688 738 2752 Antonium
761 2688 919 2753 deductus
941 2690 1037 2773 petit,
1066 2697 1103 2754 ut

122 2793 164 2858 ad
188 2793 361 2857 Caesarem
393 2797 582 2858 mitteretur.
627 2792 788 2857 Antonius
817 2815 891 2856 cum
918 2790 1103 2856 cohortibus

123 2906 155 2959 et
177 2896 266 2959 Attio
294 2897 408 2960 codem
431 2897 498 2979 die,
529 2919 592 2981 quo
620 2897 781 2982 profectus
804 2905 889 2979 erat,
918 2897 1101 2960 revertitur.
1170 2934 1174 2939 -

108 2997 243 3070 Caesar
277 3022 332 3062 eas
366 3000 513 3064 cohortes
547 3022 621 3064 cum
658 3001 804 3064 exercitu
841 3021 898 3064 suo
936 3000 1103 3084 coniunxit

99 3101 313 3185 4Attiumque
336 3103 527 3166 incolumem
549 3103 676 3168 dimisit.
712 3102 832 3168 Caesar
854 3105 965 3188 primis
987 3100 1102 3166 diebus

123 3214 229 3269 castra
251 3208 377 3290 magnis
400 3206 550 3291 operibus
569 3208 694 3270 munire
718 3216 750 3270 et
772 3228 814 3269 ex
836 3207 986 3270 finitimis
1001 3207 1107 3269 muni-2

123 3312 212 3394 cipiis
235 3310 431 3373 frumentum
460 3320 661 3395 comportare
683 3309 887 3392 reliquasque
911 3311 1020 3396 copias
1047 3329 1102 3373 ex·

101 3423 268 3500 aspectare
291 3415 434 3476 instituit.
462 3414 510 3476 Eo
527 3411 633 3476 triduo
656 3413 738 3497 legio
754 3429 826 3476 vlu.
851 3411 893 3477 ad
916 3433 990 3476 eum
1012 3413 1103 3478 vonit

122 3517 333 3602 cohortesque
362 3539 405 3581 ex
432 3519 524 3582 novis
553 3515 677 3582 Galliae
707 3514 883 3580 delectibus
909 3531 986 3581 xxll
1015 3516 1102 3601 equi·
