2376 3924
217 235 266 284 AD
286 234 384 286 ctas.
403 235 507 285 BELL.
528 235 632 289 GALL.
650 237 681 298 V,
701 233 826 296 44-V1,
847 238 886 286 14.
978 237 1042 287 XIX

83 453 85 457 ·
166 441 190 474 c.
209 425 250 486 54,
270 425 299 473 5:
328 423 402 490 quod
420 423 478 492 [et],
497 423 545 491 qut
563 423 668 477 u‘rtute
686 423 750 476 betti
768 423 895 476 omuibus
913 424 1042 493 partibus

60 507 323 578 praeferebantur]
342 525 437 561 vocem
456 509 489 576 εἰ,
511 527 581 575 quae
600 512 628 560 in
648 511 827 560 deterioribus
846 511 924 561 libris
943 512 1043 561 omitti-

61 601 113 660 tur,
132 596 167 646 ub
187 597 334 660 interprete
352 597 482 645 insertam
502 612 563 646 esse
582 602 656 646 ratus
676 596 783 647 seclusi.

166 698 190 730 c.
208 681 248 743 56,
267 683 297 730 2:
316 680 365 733 hoc
383 694 458 732 uorc
474 679 620 733 Gallorum
638 685 680 733 est
697 680 814 733 tuitt'uu
826 680 903 733 oetu:
921 695 974 747 quo
988 681 1043 749 tepe

61 766 202 820 cammuut'
220 781 311 819 outucs
331 767 451 835 puberes
475 767 582 818 armati
608 766 755 819 coarctare
781 771 967 833 cousueruut,
995 765 1044 832 qui

64 868 98 905 ex
117 852 156 905 u's
174 853 344 906 rarissimus
363 853 498 920 cutoeur't,
516 858 578 906 cett.
597 851 741 922 uccatur]]
760 853 841 904 aliter
861 859 942 917 atque
960 853 1043 918 vulgo

62 938 92 989 fit
108 941 195 990 verba
214 939 325 989 distinxi
344 947 476 990 commate
495 940 575 990 modo
593 946 654 1004 post
672 943 845 991 consueruut
869 940 972 1003 posito,
996 939 1044 988 ubi

62 1025 212 1076 semicolon
231 1025 355 1074 adhiberi
373 1025 450 1075 solet.
468 1027 553 1076 verba
571 1023 645 1075 enim'
663 1026 702 1074 ric
721 1024 902 1074 construenda
921 1030 991 1085 sunt,
1014 1031 1044 1073 ut

63 1128 96 1163 ex
123 1125 177 1177 quo
205 1111 384 1177 supplendum
413 1114 449 1162 sit
465 1125 525 1163 co:
555 1125 618 1177 quo
633 1109 835 1163 ...couueutre
863 1113 1043 1175 cousueruut,

37 1208 42 1212 ’
63 1196 112 1263 qut
131 1211 166 1249 eo
183 1196 353 1250 uootsstuus
372 1197 500 1250 corruerit
518 1202 581 1250 cett.
599 1197 749 1264 nequead
767 1199 930 1248 antecedens
949 1212 1044 1248 arua-

63 1287 123 1335 tum
151 1281 299 1335 caecilium
326 1285 463 1346 trahatur,
490 1301 545 1334 non
563 1284 642 1335 modo
660 1285 823 1349 interposita
842 1285 977 1334 sententia
995 1282 1044 1335 bac

62 1382 138 1420 utare
156 1384 179 1421 e.
197 1384 221 1435 q.
240 1383 261 1420 s.
291 1385 385 1421 verum
409 1373 492 1422 etiam
516 1387 547 1422 eo
573 1375 694 1434 vetatur,
724 1370 796 1436 quod
823 1372 914 1435 inepte
943 1371 1044 1425 dictum

62 1461 136 1505 esset
153 1456 188 1505 ad
206 1462 338 1506 armatum
357 1457 504 1508 concilium
526 1474 671 1508 consuesse
696 1456 813 1522 puberes
838 1461 956 1506 armatos
981 1472 1045 1506 con-

62 1557 167 1591 venne.

166 1695 197 1746 Β.
218 1695 249 1748 G.
267 1696 320 1757 VI,
337 1699 368 1758 4,
386 1697 415 1744 3:
447 1696 521 1764 quod
598 1695 885 1765 arbitrabatur]
916 1712 1045 1762 praesens

63 1778 244 1847 arbitratur,
280 1783 353 1846 quod
388 1782 511 1833 codicum
546 1785 708 1834 auctoritate
738 1784 855 1847 permoti
885 1783 1044 1842 Schneider,

62 1867 178 1925 Kraner‚
199 1867 304 1928 Dinter,
324 1868 429 1918 Holder
446 1876 616 1935 receperunt,
637 1869 821 1934 grammaticis
841 1869 948 1934 legibus
968 1885 1045 1934 repu-

63 1968 148 2018 gnare
167 1954 248 2002 docui
265 1944 400 2004 ‘Studien’
420 1972 446 2020 p.
466 1957 498 2005 29
518 1971 557 2020 sq.

70 2106 72 2109 Ι
168 2054 190 2088 c.
210 2040 252 2100 11,
271 2042 300 2089 2:
330 2038 538 2114 [partibusque]
563 2058 624 2092 curn
642 2043 671 2091 in
690 2043 834 2107 partitione
853 2041 902 2091 illa
920 2040 1044 2093 civitati-

63 2122 115 2177 bus
130 2124 217 2195 papis
237 2124 364 2179 domibus
389 2129 460 2178 inter
478 2141 570 2197 papas
589 2136 616 2178 et
641 2127 735 2180 dorus
754 2128 830 2178 locus
849 2143 909 2178 esse
928 2134 1045 2192 nequeat

61 2209 206 2278 partibus,
224 2213 283 2262 iure
301 2213 353 2262 hoc
365 2215 528 2264 vocabulum
540 2214 670 2265 Davisius
689 2215 834 2264 delendum
854 2230 912 2264 esse
932 2216 1045 2264 censuit.

169 2313 191 2347 c.
212 2299 252 2359 12,
271 2300 301 2348 5:
320 2298 533 2367 tuperfecta
550 2298 602 2369 rc]]
622 2302 661 2351 sic
681 2302 776 2367 optimi
794 2301 867 2351 libri.
890 2301 1046 2366 Nipperdey

65 2399 98 2432 ex
116 2385 211 2449 paucis
232 2384 410 2437 deterioribus
430 2388 570 2438 codicibus
594 2385 735 2451 tufecta
757 2401 788 2438 re
806 2386 898 2439 edidit.
930 2386 963 2436 de
982 2389 1047 2436 utri·

64 2484 151 2534 usque
175 2470 302 2520 lectionis
326 2473 479 2522 differentis
502 2477 632 2538 quantum
657 2474 722 2523 satis
742 2471 892 2522 Schneider
920 2471 1049 2522 disseruit

65 2564 94 2613 in
114 2564 204 2614 adnot
223 2560 258 2612 ad
276 2561 303 2609 h.
321 2561 339 2610 l.

169 2667 192 2700 c.
213 2650 253 2710 13,
272 2651 301 2699 3:
322 2645 471 2699 uobitr'bus.
503 2646 541 2699 Iu
558 2644 631 2715 bos]
652 2645 796 2697 Caesarem
815 2646 953 2711 corrigere
972 2645 1048 2695 nolui

65 2735 209 2787 inserendo
228 2736 320 2785 invitis
340 2735 479 2785 codicibus
503 2734 549 2784 vel
576 2732 677 2800 quibus
704 2741 765 2799 post
793 2731 947 2798 rubratus,
976 2731 1047 2796 quod

66 2823 165 2873 Dinter
182 2823 332 2888 proposuit,
349 2821 395 2870 vel
413 2819 514 2886 eisque,
533 2821 605 2884 quod
624 2819 686 2870 aliis
704 2820 817 2884 placuit.

170 2925 192 2958 o.
212 2910 296 2969 14,1:
315 2906 444 2960 Druides
463 2921 482 2958 a
500 2905 567 2958 betto
587 2905 682 2957 abesse
699 2908 872 2958 cousueruut
890 2917 977 2969 aeque
997 2901 1049 2954 trt-

66 2993 135 3047 buta
152 3010 215 3047 uua
232 3009 295 3046 cura
318 2991 435 3058 ratque
459 2991 604 3059 peuduut,
634 2989 764 3058 [utttttiue
787 2987 969 3055 vocatiouem]
993 3002 1049 3040 ou-

66 3080 200 3147 urumque
217 3095 312 3133 reruu
329 3078 432 3131 habeut
450 3075 679 3146 tuuuut'tateuss
692 3073 693 3076 ’
708 3093 770 3126 cum
792 3074 912 3128 uu't'ttae
937 3073 1049 3126 uacatio

67 3168 121 3217 iem
141 3165 294 3232 significata
313 3167 349 3215 sit
367 3181 412 3226 eo,
440 3162 513 3228 quod
531 3162 648 3214 Druides
671 3158 697 3212 ‘a
723 3162 797 3214 bello
821 3163 917 3212 abesse
937 3175 1050 3211 consuc-

68 3245 154 3316 runt'‚
172 3254 232 3303 iure
250 3252 300 3302 ille
312 3251 397 3301 verba
412 3249 529 3300 delenda
548 3266 608 3300 esse
627 3241 733 3299 censuit
746 3249 819 3300 Guil.
831 3248 909 3299 Paul.
931 3247 1050 3313 genuina

72 3356 135 3391 vero
155 3339 297 3405 sequentia
315 3339 400 3389 verba
419 3336 550 3400 existimo,
579 3353 640 3386 cum
659 3335 825 3388 iuturuut'tas
844 3352 897 3386 non
917 3335 996 3386 modo
1016 3333 1050 3384 ad

10 3464 12 3471 .
70 3425 180 3480 tributa
203 3441 297 3476 verum
325 3425 405 3475 etiam
433 3424 469 3474 ad
499 3423 554 3473 alia
577 3437 660 3472 onera
683 3428 709 3472 et
731 3438 845 3473 munere
864 3422 969 3472 civibus
988 3421 1051 3470 sub·

70 3512 158 3562 eunde
176 3512 311 3577 pertinere
330 3511 425 3576 possit
452 3537 487 3548 —
515 3508 541 3574 ἕ.
560 3511 591 3560 3:
618 3506 760 3561 uiceuas
785 3513 815 3558 ut
838 3509 868 3557 in
885 3508 975 3573 priore
995 3505 1051 3557 edi„

860 3610 899 3661 h}
