2376 3924
92 250 169 300 XXII
394 249 604 301 ADNOTATIO
624 249 768 301 CRITICA

92 443 180 492 hibuit
192 447 374 492 correcturam
387 440 530 491 scribendo
548 444 582 493 at
600 439 690 493 antitis
709 439 848 507 iaoentns,
867 456 939 507 qaae
955 446 1072 495 ensto-

93 527 165 580 diis
183 527 214 579 in
233 526 338 594 oppido
357 530 532 579 remanserat
550 540 695 593 orestesque
713 525 870 593 superioris
889 526 996 580 aetatis
1008 544 1072 582 cant

93 612 188 667 liberis
212 617 295 681 atone
318 611 456 665 naoribns
480 616 532 664 ant
556 611 791 680 suppliciam
807 629 888 666 mnro
907 613 947 667 ael
966 614 1075 668 coelam

92 714 194 752 irrorans
217 699 370 752 tenderent.
404 699 518 749 Dtbner
536 699 622 749 rerba
640 697 765 766 publicis
784 698 963 752 cnstodiis
987 708 1018 752 ut
1036 702 1074 752 ab

92 788 239 852 interprete
262 786 400 851 adscripta
427 783 553 848 inclusit,
581 785 613 836 F.
631 785 769 835 Hofmann
788 785 902 848 delevit,
930 788 977 837 vix
1001 788 1073 850 iure,

93 891 154 924 cum
173 874 328 924 necessario
348 870 556 937 significandum
575 871 670 932 tuerit,
698 886 778 936 quem
800 873 828 920 in
852 871 934 922 finem
957 873 1009 924 illa
1027 873 1074 926 in-

94 964 191 1013 eentns
209 962 236 1009 in
256 958 355 1024 oppido
374 958 557 1007 remansisset
575 984 609 995 -
627 957 677 1006 ib.:
696 972 710 1008 e
727 956 825 1026 maro]
848 959 876 1006 in
899 960 991 1023 priore
1015 959 1073 1010 edi·

91 1050 165 1098 tione
184 1045 334 1096 secundum
352 1043 410 1094 cod.
428 1044 444 1096 f
460 1041 494 1095 de
512 1044 688 1108 scripseram3
716 1045 744 1092 in
763 1043 876 1109 reliquis
895 1044 975 1095 libris
994 1061 1073 1112 prae-

93 1133 191 1197 positio
211 1132 294 1181 deest.
330 1129 361 1179 F.
380 1129 517 1179 Hoimann
537 1134 565 1179 et
582 1129 696 1179 Dubner
713 1128 745 1181 in
762 1143 843 1182 ntnro
861 1130 1015 1184 ediderunt.

194 1235 218 1268 c.
236 1218 260 1277 6,
279 1219 308 1266 2:
332 1215 511 1281 diductisque
529 1216 637 1268 nostris
652 1215 797 1283 paulatim
814 1215 935 1270 rtaoclrns
954 1221 981 1269 et
999 1217 1074 1270 arti·

93 1303 156 1369 licio
179 1302 398 1372 palernatornm
423 1306 454 1354 et
478 1301 630 1354 mobilitati
653 1302 768 1354 riarium
787 1302 863 1355 locns
883 1301 1022 1370 dabatur,
1047 1307 1074 1356 et

93 1391 119 1443 si
143 1389 257 1457 qnando
280 1387 373 1442 nostri
396 1387 563 1454 serenitatem
585 1387 665 1441 nacti
688 1388 790 1454 ferreis
809 1389 939 1442 nmnibns
958 1388 1075 1442 iniectis

93 1492 191 1529 nauem
208 1476 406 1546 reliqna-erant,
424 1475 549 1542 nndiqne
567 1475 628 1528 anis
642 1474 837 1528 laborantibus
850 1475 1074 1546 snecnrrebantll

94 1569 124 1616 et
143 1571 205 1614 ante
223 1563 375 1616 mobilitati
393 1563 565 1614 inserendum
580 1578 639 1612 esse
652 1564 679 1611 in
693 1564 832 1627 superiore
846 1562 964 1612 editione
977 1569 1075 1613 contra

94 1650 285 1715 Nipperdeium
299 1651 398 1710 monui,
417 1651 535 1715 quicum
557 1655 629 1698 recte
648 1654 768 1714 negaret,
787 1646 939 1700 mobilitati
956 1647 1074 1701 rtooinnt

95 1735 217 1800 artificio
234 1736 455 1804 cabernatornm
473 1733 562 1786 locam
581 1733 648 1785 clari
665 1735 801 1799 potuisse,
829 1750 889 1783 cum
914 1734 942 1782 id
964 1736 1074 1786 nonnisi

95 1822 212 1871 diductis
232 1821 406 1873 Caesarianis
426 1822 542 1871 navibus
561 1822 661 1871 sactum
681 1827 760 1884 esset,
779 1822 868 1871 miuus
888 1828 960 1871 recte
979 1823 1073 1885 sensit,

96 1923 155 1955 cum
174 1908 249 1972 prius
273 1911 306 1960 et
329 1908 429 1957 eiceret
448 1923 479 1956 eo
498 1907 626 1968 consilio,
652 1914 682 1956 ut
704 1908 758 1955 iarn
777 1906 890 1956 artificio
910 1907 1073 1971 gubernato-

96 2008 152 2043 rum
173 1991 354 2042 Caesarianae
373 2007 457 2043 naves
477 1992 603 2042 diductae
628 1992 789 2042 dicerentur.
819 1992 867 2041 sed
886 2007 974 2057 neque
997 1992 1075 2043 locus

95 2078 193 2142 placet,
212 2093 291 2143 quem
303 2079 357 2127 iam
370 2078 507 2128 ablativus
526 2077 573 2128 ille
593 2077 715 2142 artificio
727 2077 947 2146 onbernatornm
960 2079 1076 2140 obtinet,

97 2180 184 2230 neque
203 2163 319 2229 amplius
338 2179 399 2214 esse
416 2165 532 2227 videtur,
553 2181 602 2214 our
618 2164 762 2216 artificium
781 2166 992 2231 gubernatorum
1006 2172 1075 2216 tam·

96 2267 177 2315 qnam
196 2251 334 2315 singulare
353 2249 405 2300 hac
422 2251 450 2299 in
470 2266 498 2299 re
517 2258 754 2311 commemoretur,
783 2250 806 2301 si
824 2251 893 2300 nihil
912 2251 989 2301 aliud
1009 2253 1076 2303 inde

97 2337 220 2387 effectum
240 2337 282 2400 sit,
301 2337 354 2387 nisi
373 2342 403 2386 ut
421 2351 504 2386 naves
522 2336 724 2387 diducerentur.
755 2352 797 2386 res
815 2352 881 2386 vero
900 2337 961 2402 ipsa
979 2338 1078 2390 suadet

97 2424 213 2473 diductis
232 2423 347 2472 navibus
366 2427 393 2474 et
411 2421 534 2488 artificio
552 2420 775 2490 cabernatornm
796 2425 828 2474 ct
851 2421 1004 2474 mobilitati
1021 2438 1075 2475 na-

97 2508 172 2561 oinm
191 2509 280 2560 locum
300 2525 359 2559 esse
378 2510 478 2559 dutum.
508 2508 578 2558 hanc
598 2509 814 2559 emendationem
833 2525 926 2558 omnes
945 2510 1077 2577 deinceps

98 2601 256 2660 receperunt
275 2596 401 2646 editores.

200 2701 222 2732 e.
242 2684 266 2745 t,
286 2685 314 2731 1:
342 2681 502 2735 Sedecim
520 2681 702 2735 Nasidianae
726 2696 811 2734 rtaaes
830 2680 908 2734 nnllo
926 2680 994 2734 nsni
1012 2681 1077 2746 fne-

97 2768 184 2837 rnnt]
211 2770 275 2819 libri
303 2769 352 2821 secl
379 2770 524 2836 praebent,
553 2769 626 2835 quod
649 2785 710 2819 cum
734 2768 907 2819 adversativa
928 2769 971 2818 vis
993 2769 1076 2834 plane

98 2854 189 2904 aliena
207 2856 242 2904 sit
260 2855 323 2905 huic
341 2856 409 2916 loco,
438 2871 471 2905 ex
488 2871 601 2905 numero
619 2856 682 2905 XVI
701 2857 809 2905 navium
830 2870 911 2920 supra
929 2871 953 2904 c.
971 2857 987 2905 3
1005 2854 1077 2905 indi·

98 2947 157 2989 cato
177 2946 264 2990 ortum
283 2956 343 2991 esse
362 2942 495 2991 existimo.

200 3043 222 3076 c.
236 3029 260 3088 9,
273 3028 302 3075 2:
320 3027 393 3079 banc
412 3042 518 3094 saper
537 3026 792 3097 contipnationem]
811 3041 896 3094 snper
905 3026 1062 3092 Nipperdey
1068 3043 1078 3091 ;

99 3114 175 3164 codd.
194 3113 319 3180 trienna,
338 3113 410 3179 quod
428 3120 509 3164 antea
526 3115 701 3168 retinueram.
718 3143 753 3152 -
772 3117 794 3176 ξ.
814 3116 842 3163 6:
861 3110 917 3177 abt,
936 3116 1077 3177 qnantum

98 3199 254 3253 storiarum
272 3198 403 3251 demissio
419 3199 595 3266 patiebatur,
616 3205 728 3252 tantnm
746 3195 907 3265 elevarant]
927 3197 1004 3248 codd.
1024 3197 1077 3251 ele·

99 3286 218 3354 ‘rabant5
241 3302 308 3336 corr.
326 3286 357 3336 F.
377 3285 524 3337 Hofmann.

203 3389 226 3424 e.
246 3374 285 3436 10,
306 3375 332 3421 1:
360 3371 517 3424 muscatam
533 3371 619 3438 perles
637 3371 695 3424 LX
714 3367 843 3440 lonpnm]
861 3370 890 3418 in
909 3370 998 3433 priore
1019 3371 1076 3421 edi-

99 3463 172 3511 tione
192 3476 332 3511 uumerum
350 3459 399 3508 XX
418 3460 592 3523 scripseram,
621 3474 699 3523 quem
719 3457 820 3508 Goeler
840 3455 1078 3508 commendaverat

99 3551 127 3596 in
146 3547 216 3597 libro
234 3539 288 3597 ‘die
305 3546 420 3611 Ktmpie
438 3545 483 3595 bei
499 3543 699 3610 Dyrrhachium
718 3538 773 3597 und
790 3536 952 3592 Pharsalus'
971 3543 1077 3607 p.1et;
