2376 3924
129 257 191 321 100
446 256 505 308 en
523 254 774 316 ssmoorvrm

128 450 279 533 quoniam
302 446 398 512 antea
421 449 593 511 convenire
616 469 681 512 non
704 449 891 533 potuissent,
914 437 1106 527 Romaetab

106 561 242 616 osenatu
264 561 297 615 et
319 575 338 615 a
361 551 478 637 populo
501 553 567 636 peti
589 550 719 615 debere.
743 552 874 616 Interea
896 570 915 614 e
936 550 1108 637 republica

127 672 189 717 esse
212 656 342 740 stipsis
365 653 493 739 placere
509 663 668 740 oportere,
692 656 718 717 ei
743 663 877 738 uterque
900 656 933 717 in
955 657 1107 719 contione

127 761 235 822 statim
268 760 439 822 iuravisset
470 779 506 820 se
539 756 647 821 triduo
675 759 823 843 proximo
851 760 1030 823 exercitum
1059 759 1107 823 di·

126 864 308 926 missurum.
340 863 505 946 Depositis
528 863 626 926 armis
649 859 852 946 auxiliisque,
876 860 994 946 quibus
1016 883 1107 927 nunc

127 965 336 1047 confiderent,
360 967 541 1029 necessario
558 964 666 1051 populi
682 974 877 1049 senatusque
893 964 1011 1030 indicio
1033 967 1106 1030 fore

92 1080 300 1154 ¹⁰utrumque
330 1078 525 1135 contentum.
571 1071 664 1134 Haec
698 1088 762 1155 quo
795 1068 920 1133 facilius
949 1070 1106 1155 Pompeio

126 1171 256 1258 probari
279 1181 418 1257 possent,
443 1192 553 1237 omnes
576 1193 651 1236 suas
664 1181 834 1237 terrestres
856 1170 977 1256 ubique
994 1174 1106 1258 copias

126 1275 333 1340 dimissurum
357 1325 524 1340 ......
637 1342 639 1346 ⁴

213 1379 261 1443 11.
293 1378 453 1444 Vibullius
468 1379 518 1443 his
533 1382 686 1464 expositis
701 1375 887 1466 [Corcyrae]
910 1400 975 1443 non
996 1381 1106 1444 minus

125 1485 343 1548 necessarium
365 1504 436 1547 esse
462 1485 662 1548 existimavit
692 1484 732 1547 de
760 1485 928 1570 repentino
957 1482 1106 1548 adventu

125 1586 273 1652 Caesaris
296 1588 486 1672 Pompeium
507 1587 579 1651 fieri
607 1589 793 1670 certiorem,
827 1588 874 1651 uti
902 1585 945 1651 ad
972 1585 1007 1650 id
1030 1606 1105 1651 eon-

126 1690 231 1755 silium
253 1713 369 1777 capere
393 1699 509 1777 posset,
533 1701 709 1775 antequam
731 1690 772 1755 de
794 1689 958 1756 mandatis
980 1692 1035 1776 agi
1057 1693 1105 1755 in·

126 1795 296 1878 ciperetur,
320 1804 420 1879 atque
442 1794 515 1858 ideo
540 1797 725 1860 continuato
747 1803 842 1859 nocte
858 1814 896 1860 ao
912 1793 965 1858 die
986 1796 1104 1859 itinere

126 1905 222 1981 atque
245 1892 406 1983 [omnibus
429 1893 538 1984 copiis]
561 1901 693 1963 mutatis
708 1898 751 1962 ad
767 1896 966 1962 celeritatem
981 1900 1104 1964 iumen-

124 2002 164 2064 tis
203 2001 245 2064 ad
274 2001 463 2086 Pompeium
497 2000 677 2085 contendit,
711 2011 747 2066 ut
780 1999 894 2066 adesse
927 1999 1105 2067 anserem

102 2108 298 2170 enuntiaret
344 2108 516 2192 Pompeius
544 2117 615 2172 erat
642 2128 680 2171 eo
709 2116 854 2192 tempore
877 2109 910 2170 in
932 2104 1105 2186 Candavia

126 2212 250 2295 iterque
280 2233 322 2275 ex
344 2211 538 2276 Macedonia
565 2214 599 2275 in
628 2210 765 2276 hiberna
787 2211 992 2296 Apolloniam
1014 2210 1103 2290 Dyr

124 2313 357 2400 rhachiumque
391 2313 543 2379 habebat.
601 2314 666 2380 Sed
700 2336 735 2379 re
770 2336 855 2378 nova
892 2312 1103 2399 perturbatus

124 2419 300 2484 maioribus
333 2416 501 2484 itineribus
520 2417 725 2505 Apolloniam
759 2428 869 2504 petere
904 2419 1025 2504 coepit,
1058 2436 1103 2491 ne

104 2521 246 2588 eansar
269 2546 345 2589 orae
368 2526 548 2588 maritimae
570 2524 718 2587 civitates
747 2532 928 2609 occuparet.
975 2520 1022 2586 At
1048 2518 1102 2585 ille

124 2630 277 2711 expositis
305 2626 457 2690 militibus
492 2625 605 2691 eodem
632 2624 685 2690 die
715 2627 848 2692 Oricum
877 2620 1102 2711 proficiscitur.

124 2731 197 2809 Quo
221 2752 294 2793 oum
316 2733 468 2813 venisset,
492 2731 531 2794 L.
555 2731 754 2814 Torquatus,
779 2732 833 2814 qui
856 2731 945 2794 iussu
967 2730 1102 2815 Pompei

124 2830 241 2915 oppido
264 2841 414 2916 praeerat
436 2832 698 2918 praesidiumque
721 2831 764 2895 ibi
788 2832 1023 2897 Parthinorum
1044 2830 1101 2896 ba·

78 2997 83 3010 ,
122 2933 230 3017 behet,
250 2945 382 3000 conatus
398 2939 498 3022 portis
514 2936 628 3000 clausis
648 2935 801 3021 oppidum
817 2935 1002 3017 defendere,
1025 2954 1102 3000 oum

95 3069 101 3103 ·,
124 3038 268 3102 Graecos
296 3057 426 3103 murum
453 3040 630 3104 ascendere
658 3049 756 3124 atque
783 3061 874 3104 arma
902 3058 1019 3128 cepere
1053 3040 1099 3104 iu·

101 3140 225 3224 rb‘eret²
248 3138 292 3205 illi
315 3152 423 3207 autern
447 3166 480 3206 se
504 3152 616 3208 contra
639 3145 808 3229 imperium
831 3141 940 3230 populi
961 3144 1102 3209 Romani

123 3255 323 3331 pugnaturos
345 3267 415 3310 esse
437 3257 604 3332 negarent,
628 3247 780 3333 oppidani
796 3256 905 3311 autem
919 3249 1103 3312 etism'suo

122 3359 236 3436 sponte
275 3348 448 3414 Caesarem
488 3353 631 3437 recipere
670 3359 879 3433 conarentur,
919 3348 1103 3437 dementis

123 3453 271 3520 omnibus
304 3453 432 3519 auxiliis
465 3464 575 3541 portas
608 3457 735 3540 aperuit
771 3464 804 3518 et
839 3471 874 3518 se
910 3442 1103 3541 aqesz'ep

806 3577 809 3580 ’
927 3552 1035 3615 ;·ἷ,ἵ.;ῐ·ἲ
