2376 3924
129 220 169 270 IV
428 219 639 271 ADNOTATIO
659 219 806 270 CRITIOA

130 411 184 459 uisi
207 409 327 458 insulsus
350 408 464 473 scriptor
487 407 621 458 eiusmodi
642 423 733 458 rerum
757 406 962 473 dispositionem
981 412 1063 461 anxie
1081 411 1111 460 in

131 511 212 560 opere
231 510 337 560 quoque
354 494 517 554 retinuisset,
537 492 608 558 quod
626 509 714 557 neque
735 494 855 559 amplius
874 494 1062 557 rationarium,
1081 501 1113 546 ut

129 582 170 630 ita
196 581 298 642 dicam,
325 595 415 630 rerum
443 580 606 629 auctoritate
633 578 745 644 publica
770 579 800 629 iu
826 581 967 647 provincia
990 580 1111 646 quadam

131 666 245 732 singulis
264 667 342 716 anuis
361 671 497 731 gestarum
516 680 577 715 esse
595 671 715 730 poterat,
743 681 794 716 uec
813 667 955 717 materiem
971 667 1112 718 tractabat

130 760 204 803 certa
223 753 338 818 quedam
356 750 552 815 aequabilitate
571 751 701 816 cuiusque
719 752 786 800 anni
810 768 889 802 cursu
915 757 1111 804 recurrentem.

130 839 264 890 eiusmodi
282 839 371 903 operis
390 841 579 902 argumentum
599 837 726 911 nonnisi
743 838 773 886 in
791 853 838 888 eos
856 844 934 889 actus
953 838 1112 891 describen-

132 927 195 975 dum
209 931 275 985 erat,
295 925 341 990 qui
359 925 387 972 in
405 925 464 988 ipso
483 938 573 973 rerum
593 923 709 972 decursu
726 922 1001 988 deprehenderentur.
1019 941 1111 990 neque

132 1012 276 1062 Caesarem
300 1012 327 1059 in
351 1009 430 1059 libris
448 1008 481 1058 de
500 1007 573 1058 bello
591 1008 668 1058 civili
685 1007 765 1059 aliter
783 1009 921 1059 scribendi
938 1012 1112 1077 provinciam

131 1098 347 1158 administrasse,
375 1111 429 1144 uon
446 1095 525 1145 modo
543 1095 607 1144 inde
626 1094 728 1156 elucet,
757 1094 829 1160 quod
848 1094 954 1147 duobus
972 1099 1111 1163 prioribus

130 1183 208 1232 libris
226 1198 270 1231 res
287 1197 341 1230 uno
360 1181 508 1246 eodemque
532 1195 603 1230 auno
628 1186 718 1245 gestas
743 1182 880 1246 exposuit,
907 1197 1002 1232 verum
1026 1186 1112 1235 etiam

132 1267 202 1332 quod
223 1268 334 1317 tertium
357 1267 579 1317 commentarium
601 1281 657 1315 non
681 1266 715 1315 ab
733 1266 794 1331 ipso
813 1268 879 1316 anni
897 1267 948 1317 '106
965 1268 1045 1319 initio
1066 1287 1112 1320 ex-

131 1353 249 1414 orditur,
276 1353 324 1402 sed
342 1354 376 1403 ab
394 1353 489 1419 rebus,
517 1367 584 1417 quas
603 1353 653 1402 sub
673 1350 755 1402 finem
773 1354 889 1419 proximi
908 1355 974 1404 anni
993 1355 1023 1404 iu
1040 1357 1112 1408 urbe

130 1422 312 1505 perpetravit,
340 1444 484 1503 antequam
508 1455 601 1489 mense
620 1438 757 1488 decembri
774 1439 952 1489 Brundisium
971 1440 1111 1505 proiectus

131 1533 180 1576 est.
209 1528 238 1576 in
265 1525 359 1577 eodem
387 1527 579 1576 commentario
607 1541 630 1575 c.
649 1526 664 1573 3
684 1541 740 1590 sqq.
768 1525 884 1574 refertur
911 1525 945 1575 de
970 1527 1111 1593 Pompeio,

132 1612 264 1677 quomodo
283 1627 374 1660 annuo
391 1611 440 1660 illo
459 1612 555 1676 spatio,
574 1609 645 1674 quod
662 1625 779 1660 vacuum
792 1626 809 1660 a
828 1609 901 1659 bello
921 1610 1056 1680 habuerit,
1074 1614 1111 1665 ad

133 1697 328 1762 comparandas
352 1698 443 1762 copias
467 1698 503 1746 sit
527 1712 605 1757 usus,
632 1695 713 1761 idque
736 1696 856 1761 profecto
874 1697 903 1745 in
922 1700 1111 1762 superioribus

132 1784 332 1833 commentariis
359 1783 546 1849 exponendum
573 1783 682 1843 fuisset,
713 1783 736 1831 si
755 1781 857 1832 Caesar
880 1783 1001 1848 singulos
1024 1784 1112 1838 libros

132 1871 233 1919 strictis
252 1870 390 1920 annalium
408 1868 507 1919 finibus
531 1868 674 1919 absolvere
698 1868 838 1918 voluisset.
869 1884 956 1935 neque
984 1876 1112 1923 auctores

133 1958 384 2006 commentariorum
408 1956 441 2005 de
464 1954 537 2006 bello
557 1955 741 2005 Alexandrino
761 1960 788 2004 et
806 1954 898 2005 Africo
922 1955 958 2005 ad
976 1971 1113 2010 annorum

132 2043 220 2107 spatia
237 2044 418 2092 narrationem
432 2040 465 2092 de
479 2041 603 2091 Caesaris
622 2041 703 2090 rebus
722 2041 897 2106 disposuisse,
917 2058 971 2092 non
983 2048 1025 2093 est
1037 2045 1113 2110 quod

132 2144 264 2179 moneam.
283 2129 406 2178 nituntur
423 2129 508 2194 igitur
526 2129 591 2177 satis
608 2125 715 2176 infirmo
734 2132 905 2191 argumento,
924 2130 971 2193 qui
989 2145 1022 2180 ex
1042 2130 1113 2183 an-

133 2215 200 2264 saris
223 2214 417 2265 consuetudine
441 2215 585 2278 abruptum
607 2214 695 2278 operis
719 2213 752 2262 de
777 2212 850 2263 bello
875 2214 951 2264 civili
969 2216 1113 2268 exordium

132 2307 162 2350 ut
179 2302 326 2367 genuinum
345 2300 487 2350 defendere
507 2315 586 2364 posse
606 2300 658 2348 sibi
675 2299 728 2347 visi
746 2304 818 2348 sunt.
838 2305 865 2349 at
884 2301 1028 2364 quominus
1047 2318 1113 2354 cum

130 2387 165 2436 iis
183 2387 323 2448 faciamus,
342 2386 455 2451 impedit
473 2387 554 2436 etiam
572 2386 633 2450 ipsa
650 2385 794 2435 verborum
814 2386 948 2448 condicio,
968 2402 1022 2451 qua
1036 2404 1112 2440 com-

131 2479 227 2538 parata
245 2479 308 2522 sunt
325 2473 353 2520 in
372 2472 449 2521 libris
467 2487 549 2521 mauu
565 2472 692 2521 exaratis.
710 2472 817 2521 initium
831 2472 904 2521 enim
921 2474 950 2521 in
968 2474 1113 2528 codicibus

131 2561 171 2610 ita
189 2561 244 2610 fere
263 2559 392 2622 scriptum
411 2564 465 2608 est:
484 2556 605 2609 Litteris
624 2571 642 2607 a
660 2555 773 2608 Fabio
795 2556 824 2610 0.
838 2555 969 2610 Caesaris
987 2559 1113 2614 conomi-

132 2646 183 2698 bue
201 2643 323 2697 redditis
342 2660 364 2696 e.
383 2660 406 2710 q.
424 2659 446 2696 a.
477 2646 530 2693 iam
550 2650 579 2694 ut
601 2643 804 2694 insolentiorem
826 2644 971 2695 verborum
989 2645 1112 2699 colloca·

131 2734 233 2781 tionem
257 2731 408 2791 mittamus,
436 2747 468 2780 ex
485 2730 608 2795 Appiano
627 2730 653 2779 b.
673 2731 724 2780 civ.
742 2730 778 2791 ΙΙ,
798 2731 831 2779 32
857 2736 883 2781 et
907 2730 1000 2781 Cassio
1019 2732 1113 2786 Dione

132 2817 195 2866 XLI
212 2817 271 2885 init
290 2817 356 2865 satis
375 2821 487 2877 constat,
506 2831 560 2865 nou
577 2817 716 2867 Fabium
735 2817 870 2881 quendam
889 2817 937 2867 sed
950 2818 978 2870 Ο.
993 2817 1113 2871 Curio-

132 2918 220 2963 nem,
246 2901 384 2950 tribunum
409 2901 511 2966 plebis,
538 2903 622 2953 fuisse
650 2905 697 2968 qui
722 2903 846 2954 Caesaris
871 2903 976 2954 litteras
994 2903 1114 2958 Romam

132 2985 244 3052 pertulit
262 2985 471 3052 consulibusque
490 2989 615 3040 reddidit.
640 2991 723 3056 igitur
739 2991 842 3041 Fabii
861 3005 958 3040 nomeu
977 2990 1114 3044 hocloco

132 3073 196 3123 ferri
215 3073 341 3137 nequire,
370 3073 486 3124 editores
509 3077 572 3126 inde
591 3093 608 3127 a
626 3076 764 3144 Scaligero
783 3092 876 3127 omues
894 3077 1033 3136 viderunt;
1060 3078 1114 3130 sed

134 3157 266 3223 quomodo
288 3154 502 3209 inter‘Caesaris
520 3163 604 3212 verba
627 3165 761 3214 intrusum
780 3164 828 3225 sit,
856 3163 976 3212 nondum
994 3177 1114 3227 aperue-

133 3251 203 3295 runt
221 3244 256 3293 ab
269 3244 462 3310 interpolatore
475 3247 591 3310 quodam
604 3265 703 3299 nomen
721 3250 792 3300 illud
810 3255 912 3299 temere
930 3247 1021 3302 fictum
1039 3264 1113 3314 esse,

133 3332 214 3396 plane
232 3346 285 3380 uon
298 3329 445 3379 verisimile
465 3337 519 3389 est;
537 3332 714 3397 interpolator
727 3335 798 3384 enim
811 3338 859 3384 eut
872 3333 997 3384 Curionis
1009 3348 1112 3387 nomeu

133 3418 281 3477 intulisset,
308 3423 355 3467 aut
372 3417 496 3479 Antonii,
524 3433 541 3467 a
564 3433 616 3482 quo
636 3417 760 3470 Caesaris
779 3420 908 3485 epistolas
931 3422 960 3469 iu
982 3420 1112 3473 contione

133 3507 261 3554 recitatas
280 3520 351 3567 esse,
378 3504 540 3555 Plutarchus
565 3510 657 3554 narrat
674 3505 722 3555 vit.
741 3504 793 3555 Iul.
813 3504 891 3556 Caes.
910 3522 932 3555 c.
951 3506 994 3559 30.
1023 3511 1115 3560 restat
