2376 3924
479 243 556 299 our.
574 245 684 297 ot-tr.
803 219 808 232 '
1006 244 1070 312 239

179 435 230 498 66.
255 433 377 499 Caesar
398 436 526 499 interim
555 434 595 498 de
624 434 745 500 insidiis
768 434 907 501 Labieni
936 460 978 503 ex
1001 461 1070 525 per-

94 541 179 625 fugis
212 540 329 603 certior
362 538 467 603 factus
500 560 619 624 paucos
653 538 721 604 dies
754 535 811 625 [ibi
833 536 1071 626 comlmoratus,

96 645 174 708 dum
196 643 304 707 hostes
326 642 487 707 cotidiano
509 644 654 714 instituto
684 665 781 729 saepe
808 643 896 708 idem
923 645 1071 710 faciendo

95 749 128 811 in
151 745 387 830 neglegentiam
410 742 660 828 adducerentur,
690 746 795 811 subito
818 767 913 810 mane
935 748 1073 833 imperat

95 860 189 937 porta
223 832 403 913 decumana
436 847 582 932 legiones
609 871 643 914 se
676 845 763 936 [v]111
792 859 963 916 veteranas
999 873 1073 915 oum

98 963 190 1039 parte
224 954 385 1037 equitatus
420 954 519 1036 sequi,
559 960 657 1038 atque
690 953 852 1038 equitibus
890 957 1093 1040 praemissisa

97 1077 202 1140 neque
237 1057 404 1141 opinantes
437 1054 640 1120 insidiatores
673 1056 779 1121 subito
813 1059 846 1122 in
874 1057 1073 1123 convallibus

97 1159 232 1223 latentes
255 1178 293 1221 ea
316 1158 379 1222 levi
401 1169 567 1223 armatura
582 1159 721 1223 concidit
736 1162 863 1224 circiter
879 1179 911 1242 ι),
934 1161 1074 1246 reliquos

98 1265 131 1326 in
152 1262 265 1347 fugam
298 1264 516 1347 turpissimam
550 1265 694 1326 coniecit.
740 1263 874 1328 Interim
907 1264 1094 1330 Labienuss

99 1388 173 1429 cum
206 1367 356 1429 universo
391 1368 537 1450 equitatu
569 1365 768 1451 fugientibus
805 1368 870 1431 suis
910 1369 1074 1453 suppetias

99 1469 247 1532 occurrit.
293 1466 392 1533 Cuius
414 1471 481 1533 vim
503 1469 714 1533 multitudinis
738 1491 812 1534 oum
834 1471 958 1555 equites
980 1473 1097 1556 paucio

99 1571 285 1637 Caesariani
310 1576 373 1638 iam
389 1575 546 1638 sustinere
561 1595 626 1638 non
642 1583 781 1658 possent,
805 1573 927 1639 Caesar
942 1576 1075 1639 instruo-

99 1685 151 1741 tas
173 1676 314 1761 legiones
337 1677 476 1741 hostium
500 1679 599 1763 copiis
622 1677 771 1742 ostendit.
801 1678 875 1759 Quo
898 1678 983 1742 facto
1006 1700 1075 1764 per·

99 1782 210 1845 territo
244 1780 391 1845 Labieno
425 1804 464 1846 ac
497 1781 663 1846 retardato
696 1803 769 1847 suos
803 1785 927 1867 equites
955 1785 1078 1867 recepit

99 1884 283 1949 incolumes.
308 1886 442 1949 Postero
466 1884 518 1949 die
540 1883 624 1949 Iuba
646 1885 805 1951 Numidas
828 1907 892 1969 eos,
927 1887 982 1971 qui
1004 1886 1098 1951 locos

100 1989 217 2052 amisso
240 1988 319 2074 fuga
341 2012 375 2053 se
398 1999 590 2075 receperant
611 1991 645 2055 in
667 2001 784 2075 castra,
807 1993 840 2056 iu
856 2014 952 2056 cruce
968 2013 1078 2056 omnes

101 2092 233 2157 suffixit.

187 2195 238 2258 67.
263 2194 384 2260 Caesar
416 2200 554 2281 interim,
593 2202 746 2283 quoniam
782 2190 899 2285 inopia
926 2200 1079 2263 frumenti

102 2298 319 2387 premebatur,
358 2302 466 2384 copias
490 2322 601 2366 omnes
623 2305 657 2366 in
680 2312 786 2368 castra
809 2302 960 2367 conducit
982 2312 1079 2387 atque

102 2404 262 2490 praesidio
301 2404 408 2489 Lepti,
445 2405 620 2489 Ruspinae,
655 2404 779 2469 Aciliae
812 2405 932 2487 relicto,
971 2406 1079 2492 Cispio

102 2507 305 2592 Aquilaeque
321 2506 421 2571 classe
443 2506 572 2589 tradita,
596 2516 632 2572 ut
654 2507 735 2571 alter
750 2507 976 2591 Adrumetum,
1000 2509 1080 2573 alter

103 2613 270 2698 Thapsum
313 2614 395 2676 mari
439 2611 633 2693 obsiderent,
670 2614 740 2697 ipse
784 2613 897 2676 castris
941 2614 1079 2676 incensis

104 2726 221 2803 quarta
243 2718 346 2781 noctis
367 2715 477 2801 vigilia
507 2718 576 2780 acie
602 2718 760 2780 instructa
787 2715 1024 2801 impedimentis
1047 2718 1080 2780 in

105 2823 234 2885 sinistra
268 2831 360 2907 parte
394 2819 555 2885 collocatis
579 2843 621 2883 ex
644 2842 681 2884 eo
710 2819 779 2884 loco
814 2819 1027 2905 proficiscitur
1049 2833 1081 2884 et

105 2924 318 3011 pervenitad
341 2924 495 3011 oppidum
510 2924 638 3009 Aggar3
663 2923 750 3009 quod
772 2947 792 2988 a
815 2921 961 2989 Gaetulis
984 2945 1080 3008 saepe

106 3038 201 3094 antea
239 3038 460 3114 oppugnatum
497 3049 686 3112 summaque
718 3029 751 3091 vi
784 3049 842 3112 per
875 3028 961 3112 ipsos
996 3028 1081 3112 oppi-

107 3132 208 3196 danos
242 3141 313 3196 erat
347 3131 524 3197 defensum.
570 3131 621 3195 Ibi
649 3133 682 3195 in
716 3153 830 3216 eampo
864 3132 977 3195 eastris
1010 3132 1103 3193 uniss

107 3238 216 3321 positis
245 3238 314 3320 ipse
346 3237 579 3299 frumentatum
612 3237 734 3300 circum
755 3235 849 3300 villas
882 3224 956 3298 eum
990 3243 1082 3319 parte

108 3341 269 3403 exercitus
292 3340 455 3424 profectus
477 3360 597 3423 magno
619 3341 751 3403 invento
766 3337 888 3421 hordei,
912 3335 981 3418 olei,
1004 3338 1082 3417 vini,

108 3444 161 3507 lici
183 3464 327 3525 numero,
362 3464 466 3528 pauco
488 3444 595 3526 tritici,
628 3452 726 3527 atque
758 3449 904 3508 recreato
938 3442 1083 3504 exercitu

109 3547 194 3613 redit
214 3552 247 3612 in
270 3556 385 3611 castra.
420 3548 527 3632 Scipio
550 3548 678 3611 interim
701 3546 828 3630 cognito
851 3543 999 3608 Caesaris
1022 3544 1104 3607 dis-³
