2376 3924
373 253 422 302 AD
441 252 546 302 BELL.
564 252 670 304 ALEx.
688 253 797 303 49-61.
998 251 1075 301 LVII

96 441 141 495 M.
160 457 220 492 cum
239 442 369 491 Diibnero
388 441 536 492 secundum
556 440 633 491 codd.
653 440 799 490 deteriores
818 442 929 506 scripsi3
948 443 1074 494 meliores

95 527 245 581 interium
272 529 389 591 habent;
420 529 503 592 vulgo
533 526 563 579 T.
589 525 712 579 Tarium.
739 555 772 564 -
800 529 823 589 ἕ.
846 527 877 576 4:
904 526 1075 583 Marcellum

95 613 286 683 quaestorem]
300 615 364 664 libri
376 612 599 680 Marcellumque
613 614 755 673 exhibeam
774 630 842 664 corr.
854 615 1074 668 Forchhammer.

97 732 130 741 -
150 705 173 765 §-
192 704 221 751 ὅτ
249 703 287 755 aet
305 701 408 768 flumen
426 697 662 769 Sinyiiiense]
690 701 730 751 sic
752 701 872 750 fluminis
893 717 990 752 nomen
1009 706 1074 754 scri-

95 790 214 839 bendum
238 805 297 839 esse
321 793 413 853 utpote
436 787 470 836 ab
489 786 587 852 oppido
607 786 706 852 Singili
725 787 835 836 ductum
855 789 1010 854 Nipperdey
1029 790 1074 840 do·

96 877 154 926 cuit
171 893 196 940 p.
217 876 280 938 1993
303 874 380 925 codd.
399 872 538 926 siciliense
555 872 704 940 (siciiiutse
723 873 749 942 f)
767 873 877 924 habent.

201 978 224 1011 c.
242 962 285 1026 58,
303 963 333 1012 3:
361 958 514 1013 eommunis
539 958 609 1012 erit
632 957 812 1029 coniecturafl
831 961 935 1014 emend.
954 961 1075 1028 Madvig,

95 1051 161 1099 libri
179 1051 241 1100 erat
260 1048 397 1098 exhibent.
415 1075 448 1083 -
467 1048 491 1108 §-
509 1046 540 1095 4:
558 1060 587 1097 se
605 1049 705 1098 cantra
723 1046 853 1100 Cassium
872 1048 1075 1101 eortsentire

96 1151 159 1188 enni
178 1130 323 1202 arietibus]
342 1134 434 1198 recepi
450 1132 505 1182 iam
524 1131 689 1195 carisentire
713 1135 786 1197 quod
805 1139 832 1184 et
849 1136 878 1183 in
896 1134 912 1188 f
928 1140 954 1185 et
971 1136 1001 1184 in
1020 1151 1074 1185 om-

97 1222 177 1272 nibus
190 1221 314 1270 Diibneri
333 1219 473 1269 codicibus
492 1223 592 1277 exstat;
611 1218 695 1284 vulgo
715 1217 827 1271 sentire.
847 1222 1074 1271 constructionem

97 1305 254 1359 consentire
277 1321 339 1359 cuni
363 1303 457 1371 aliquo
481 1307 580 1355 corrtra
605 1302 725 1370 aliquem
748 1310 850 1356 tutatus
869 1312 911 1355 est
927 1306 1076 1357 Vielhaber

96 1392 116 1442 l.
135 1392 155 1441 l.
173 1408 199 1457 p.
217 1393 267 1442 570
286 1392 379 1442 allatis
398 1390 501 1440 Valerii
518 1391 590 1440 Max.
610 1390 701 1440 verbis
720 1392 745 1453 9,
765 1393 795 1440 11
816 1397 866 1441 ext.
886 1393 914 1440 3:
943 1407 1004 1444 cum
1024 1392 1076 1444 ad·

97 1491 194 1530 cereus
208 1481 322 1544 patrem
340 1491 423 1528 suum
441 1491 503 1527 crim
522 1473 621 1527 amicis
639 1475 818 1527 consenserit.
832 1505 864 1513 -
877 1477 956 1529 ibid:
975 1482 1074 1530 cetura

97 1563 246 1616 Caesarem
268 1578 303 1615 ne
332 1561 451 1626 facere
479 1564 701 1629 caperentur,
730 1558 838 1630 orare]
867 1580 928 1612 cum
945 1563 1075 1614 Ddbnero

96 1651 169 1700 hanc
194 1648 333 1714 vulgatam
361 1648 467 1698 restitui
494 1648 669 1712 scripturam,
698 1662 779 1711 quam
804 1647 820 1700 f
843 1652 870 1696 et
893 1648 991 1714 reliqui
1013 1648 1076 1698 libri

97 1736 199 1785 habent
217 1735 336 1799 exceptis
355 1731 414 1793 ab,
434 1733 480 1798 qui
498 1746 533 1784 ne
549 1731 676 1795 facerent
694 1746 777 1784 orare
795 1750 880 1799 prava
899 1741 971 1784 certe
985 1750 1075 1784 emen-

96 1821 208 1870 datione
226 1820 362 1870 exhibent.

201 1923 224 1957 c.
243 1908 285 1971 60,
304 1910 333 1957 2:
356 1902 521 1973 Marcellus,
540 1921 601 1958 eum
620 1904 767 1973 constipare
784 1904 972 1959 miserrimum
987 1911 1075 1974 puta·

95 1996 154 2059 ret,
182 1992 256 2058 quod
279 1997 306 2045 et
328 1992 444 2046 uictoris
468 1996 494 2045 et
512 1990 580 2044 uicti
599 1990 797 2044 detrimentum
815 1990 854 2044 ad
872 1992 989 2045 euriciem
1009 1992 1076 2047 Oue-

95 2093 189 2130 sarem
207 2083 278 2131 esset
289 2077 528 2144 redundaturum,
545 2092 632 2144 aeque
644 2091 714 2129 suae
722 2077 876 2144 potestatis
889 2083 959 2131 esset
970 2116 1063 2130 ......
1069 2117 1076 2143 ,

96 2163 217 2234 ieyioncs
235 2163 348 2216 Baetim
367 2162 513 2233 traducit]
532 2165 658 2214 lacunam
677 2166 778 2226 notavi,
798 2182 858 2215 curn
877 2166 977 2216 frustra
995 2183 1076 2232 qnae·

98 2266 205 2312 ramus,
233 2251 299 2314 quid
316 2250 385 2300 illud
402 2250 498 2312 fuerit,
526 2250 599 2314 quod
617 2251 743 2301 Marcelli
761 2254 904 2317 potestatis
925 2269 978 2301 non
998 2260 1076 2302 esset.

96 2336 268 2386 intercidisse
287 2335 413 2385 videntur
430 2336 527 2398 verba,
555 2336 653 2400 quibus
673 2335 891 2401 significabatur,
920 2353 974 2386 non
992 2337 1076 2387 fuisse

97 2423 240 2487 potestatis
258 2421 383 2472 Marcelli
401 2420 522 2472 retinere
539 2419 655 2485 milites,
680 2419 828 2486 quorrriuus
846 2437 908 2473 cum
928 2420 1076 2474 Cassianis

95 2522 224 2575 puuctum
246 2506 416 2573 conferrent.
445 2508 492 2556 vix
509 2512 602 2573 aptum
625 2523 737 2568 censeo,
766 2507 837 2571 qnod
856 2508 1005 2559 Vielhaber
1021 2509 1040 2562 l.
1059 2510 1077 2558 l.

97 2594 246 2660 proposuit,
265 2598 295 2644 ut
307 2592 487 2647 secundumb
506 2593 671 2644 scriberetur
685 2591 838 2659 potestatis
857 2607 939 2646 esse.
957 2621 992 2632 —
1010 2595 1035 2661 ξ.
1047 2597 1077 2644 3:

96 2695 161 2732 eum
179 2677 309 2732 Cassium
326 2683 427 2732 coritra
442 2693 497 2746 pra
516 2678 576 2732 suis
595 2677 699 2732 castris
718 2677 805 2729 aciem
827 2677 1001 2732 instruxisse
1019 2679 1076 2733 ioco

96 2764 244 2832 superiore
261 2763 383 2835 videret]
410 2764 517 2818 uideret
534 2766 621 2816 Aldus
640 2763 791 2830 supplevit,
816 2766 977 2816 correctoris
994 2783 1078 2818 manu

98 2854 127 2901 in
146 2851 205 2905 cod.
224 2853 321 2903 Dresd.
341 2854 354 2901 1
375 2859 481 2903 exstare
500 2852 641 2903 adnotavit
658 2852 781 2906 Diibner.
809 2858 890 2903 antea
909 2855 1077 2920 scripseram,

97 2937 173 3002 quod
199 2945 264 2989 ante
291 2939 390 2989 Aldum
416 2939 572 3005 legebatur,
599 2953 662 2992 cum
690 2937 840 2992 Cassius
856 2939 1001 2993 ...aciem
1028 2940 1078 2992 in-

96 3022 309 3078 strauisset.

201 3128 223 3162 c.
243 3113 284 3174 61,
302 3112 333 3160 4:
359 3110 526 3165 necessitate
544 3115 585 3164 est
603 3110 769 3180 edoctus]
788 3110 930 3166 edoctus
948 3117 978 3162 ut
997 3117 1078 3162 antea

98 3199 196 3263 scripsi
225 3198 375 3248 secundum
404 3198 481 3250 codd.
505 3198 584 3260 aci,
615 3199 714 3263 quibus
742 3202 824 3248 etiam
847 3198 886 3252 hl
916 3197 1078 3262 adstipulari

98 3283 239 3347 videntur,
267 3284 314 3349 qui
340 3283 458 3337 eductus
485 3284 596 3346 habeat,
626 3290 654 3335 et
675 3283 709 3347 b,
736 3286 764 3334 in
790 3300 842 3350 quo
862 3283 961 3336 doctus
981 3288 1077 3333 exstat.

98 3370 256 3435 Nipperdey
273 3386 320 3435 pro
339 3370 449 3436 vulgato
468 3369 612 3423 adductus
630 3372 721 3437 posuit
740 3368 922 3436 deductus,
945 3369 1018 3435 quod
1037 3385 1077 3419 se-

98 3459 213 3521 quentes
232 3455 349 3505 editores
367 3460 537 3520 receperunt.
556 3462 585 3506 at
602 3456 701 3522 dispici
719 3456 821 3522 nequit,
840 3471 888 3506 cur
907 3455 1079 3520 apertissima

98 3540 184 3591 verba
201 3537 367 3593 necessitate
386 3537 523 3592 deductus
541 3540 587 3591 vel
611 3539 755 3593 adductus
780 3540 815 3590 ad
833 3540 1011 3590 insolentiora
1028 3540 1079 3591 illa
