2376 3924
158 239 220 304 130
461 240 511 290 nu
530 239 650 291 isarno
670 239 827 290 oratioe

242 427 295 493 42.
318 427 372 495 Ab
394 428 458 494 hac
483 451 541 515 spe
563 427 690 515 repulsi
704 428 820 494 Nervii
845 427 935 493 vallo
954 429 1078 515 pedum
1100 449 1139 493 lx

135 543 189 600 aet
212 533 304 599 fossa
327 532 448 620 pedum
463 551 510 598 xv
526 532 668 598 hiberna
691 534 841 616 cingunt.
865 532 960 598 Haeo
986 545 1019 600 et
1042 557 1138 620 supo-

155 636 280 701 riorum
296 658 459 701 annorum
474 635 716 701 consuetudine
732 635 776 702 ab
792 635 889 702 nobis
906 629 1138 721 cognoverant

158 749 189 804 et
207 738 369 826 quosdam
393 739 434 805 de
451 741 602 805 exercitu
619 740 712 806 nacti
730 740 892 826 captivos,
910 739 1022 806 abhis
1040 739 1140 805 doce·

109 842 297 927 'abantur3
321 842 380 908 sed
402 843 497 908 nulla
519 843 794 917 ferramentorum
819 844 926 929 eopia,
947 864 1033 928 quae
1049 853 1139 908 esset

157 947 201 1013 ad
213 947 301 1012 huno
313 969 410 1013 usum
422 946 554 1031 idonea,
562 946 688 1031 gladiis
702 948 869 1034 caespites
886 946 1139 1032 circumcidere,

156 1049 312 1115 manibus
342 1049 537 1136 sagulisque
566 1060 691 1117 terram
723 1050 901 1116 exhaurire
929 1049 1139 1116 nitebantur.

135 1153 233 1236 cQua
250 1152 385 1240 quidem
408 1175 451 1218 ex
473 1176 508 1239 re
523 1153 693 1218 hominnm
709 1152 889 1218 multitudo
906 1155 1067 1238 cognosci
1083 1176 1140 1240 po-

136 1258 238 1340 stuitq
260 1279 340 1322 nam
354 1258 463 1322 minus
487 1256 577 1322 horis
594 1256 702 1323 tribus
720 1255 850 1323 milium
864 1279 1023 1343 passuum
1038 1275 1087 1321 xv
1103 1260 1139 1322 in

158 1362 303 1427 circu-itu
324 1362 542 1426 munitionem
558 1361 770 1448 perfecerunt
792 1360 997 1447 reliquisque
1017 1361 1137 1428 diebus

158 1474 267 1530 turres
297 1464 341 1530 ad
373 1464 587 1531 altitudinem
615 1463 708 1548 valli,
739 1464 844 1555 falces
875 1465 1140 1552 testudinesque,

160 1591 242 1655 quas
267 1568 368 1634 iidem
402 1570 529 1655 captivi
564 1569 766 1654 docuerant,
799 1592 922 1656 parare
951 1592 991 1635 ao
1025 1569 1141 1636 faeere

159 1681 352 1759 coeperunt.

244 1776 296 1842 43.
321 1774 470 1862 Septimo
491 1778 750 1863 oppugnationis
776 1777 831 1842 die
854 1779 1000 1844 maximo
1024 1789 1141 1846 eoorto

159 1889 260 1946 vento
283 1880 452 1946 ferventes
476 1878 568 1945 fusili
593 1903 636 1946 ex
659 1881 782 1965 argilla
807 1880 948 1966 glandes
972 1881 1084 1948 fundis
1109 1892 1142 1948 et

159 1983 344 2050 fervefacta
367 1983 479 2051 iacula
503 1985 537 2050 in
561 2006 671 2069 casas,
688 2006 774 2071 quae
796 2007 887 2050 more
904 1984 1037 2052 Gallico
1055 1995 1142 2052 stra-

138 2089 280 2156 rmentis
299 2096 395 2152 erant
411 2096 532 2172 tectae,
550 2089 660 2153 iacere
677 2097 867 2175 coeperunt.
892 2089 967 2156 Hae
983 2088 1142 2157 celeriter

140 2191 270 2275 ignem
300 2190 623 2278 comprehenderunt
658 2201 691 2257 et
719 2192 814 2256 venti
842 2191 1077 2276 magnitudine
1107 2195 1143 2260 in

138 2317 289 2363 somnem
303 2294 412 2384 locum
424 2304 613 2360 castrorum
627 2294 839 2361 distulerunt.
856 2295 982 2362 Hostes
994 2297 1143 2364 maximo

160 2398 309 2465 clamore
333 2397 433 2464 sicuti
456 2408 556 2486 parta
580 2401 646 2465 iam
670 2408 772 2486 atque
796 2399 973 2486 explorata
997 2401 1144 2468 victoria

160 2514 270 2570 turres
284 2503 539 2590 testudinesque
551 2523 652 2588 agere
665 2512 698 2568 et
712 2501 947 2569 scalisvallum
958 2505 1146 2572 ascendere

138 2616 353 2695 acceperunt.
377 2606 423 2673 At
447 2616 544 2673 tanta
566 2605 712 2673 militum
727 2606 835 2672 virtus
859 2615 961 2693 atque
986 2628 1025 2672 ea
1046 2630 1146 2696 prae·

161 2714 271 2778 sentia
288 2712 392 2777 animi
407 2710 481 2796 fuit,
501 2721 550 2795 ut,
571 2732 646 2777 oum
661 2710 809 2798 undique
823 2710 956 2778 flamma
976 2719 1146 2778 torreren-

53 2804 57 2810 ’
162 2825 217 2882 tur
227 2817 443 2903 maximaque
455 2815 597 2882 telorum
609 2814 1146 2902 multitudinepremerentursua·

163 2941 226 3006 que
250 2922 362 2985 omnia
379 2919 617 3007 impedimenta
635 2929 736 3007 atque
760 2942 873 2986 omnes
890 2921 1043 2987 fortunas
1065 2942 1147 2987 con·

140 3019 143 3025 ’
162 3022 308 3107 flagrare
331 3023 578 3109 intellegerent,
602 3046 669 3090 non
688 3024 786 3090 modo
804 3024 1017 3111 demigrandi
1040 3048 1147 3094 causa

165 3125 206 3191 de
228 3125 319 3192 vallo
345 3125 523 3192 decederet
546 3149 653 3211 nemo,
677 3128 739 3193 sed
760 3150 867 3215 paene
890 3152 932 3194 ne
961 3130 1147 3218 respiceret

141 3224 144 3229 ’
164 3229 298 3316 quidem
314 3231 500 3318 quisquam,
525 3253 565 3298 ae
589 3241 659 3298 tum
684 3255 797 3300 omnes
815 3235 979 3301 acerrime
1002 3234 1147 3303 fortissi-

142 3356 281 3421 5meqne
292 3345 495 3421 pugnarent.
508 3336 574 3401 Hic
588 3335 659 3402 dies
672 3339 799 3404 nostris
811 3335 912 3424 longe
924 3338 1147 3424 gravissimus

164 3438 245 3523 fnit3
269 3438 329 3505 sed
344 3450 458 3507 tamen
474 3440 563 3507 hune
579 3439 697 3507 habuit
716 3450 881 3527 eventum,
897 3452 991 3508 uteo
1008 3440 1064 3508 die
1078 3464 1150 3509 ma·

165 3544 275 3608 ximus
298 3566 455 3611 numerus
478 3543 623 3611 hostium
641 3543 877 3613 vulneraretur
900 3555 1001 3632 atquo
1023 3544 1152 3615 interli-
