2376 3924
478 229 556 282 cer.
576 230 686 281 rs-rs
1008 233 1072 300 275

93 426 231 500 tavarat,
265 419 312 481 ire
346 418 519 483 contendit.
567 420 664 501 Quod
693 420 748 484 ubi
778 421 945 489 Labienus
973 429 1094 490 anim-⁴

68 510 71 517 ’
93 520 244 604 advertit,
268 543 342 586 cum
364 525 510 607 equitatu
532 522 661 608 levique
684 535 850 591 armatura
871 550 988 612 agmen
1005 533 1072 594 eius

94 635 278 691 extremum
308 647 442 711 carpere
465 629 570 712 coepit
593 636 691 712 atque
715 630 759 691 ita
782 628 922 694 lixarum
950 654 1073 698 merca.

93 737 276 814 torumque,
300 731 355 815 qui
378 729 507 815 plostris
529 752 654 794 merces
678 732 862 817 portabant,
885 737 1072 822 interceptis

94 835 228 899 sarcinis
256 832 367 898 addito
396 836 504 898 animo
537 837 668 919 propius
699 836 918 924 audaciusque
946 838 1072 903 accedit

94 937 136 1002 ad
159 936 310 1022 legiones,
345 937 432 1022 quod
455 937 662 1002 existimabat
691 939 807 1005 milites
830 941 890 1010 sub
914 964 1010 1007 onere
1033 966 1071 1006 ac

94 1038 155 1105 sub
178 1042 312 1104 sarcinis
340 1039 533 1126 defatigatos
562 1063 708 1126 pugnare
736 1065 800 1107 non
828 1067 931 1129 posse.
978 1046 1092 1128 Quae5

93 1167 146 1210 res
170 1143 344 1210 Caesarem
372 1167 436 1209 non
466 1144 638 1209 fefellerat:
667 1168 808 1231 namque
838 1148 1006 1233 expeditos
1029 1171 1072 1212 ex

94 1250 227 1337 singulis
264 1248 443 1335 legionibus
480 1250 619 1313 tricenos
664 1250 780 1314 milites
817 1273 887 1315 esse
925 1255 1070 1317 iusserat.

93 1355 209 1441 Itaque
238 1375 292 1418 eos
321 1354 354 1416 in
384 1353 562 1437 equitatum
594 1351 735 1418 Labieni
768 1355 925 1419 immissos
958 1359 1071 1420 turmis

94 1480 227 1524 suorum
260 1457 424 1542 suppetias
458 1457 564 1519 mittit.
609 1457 694 1520 Tum
717 1456 883 1522 Labienus
906 1461 1091 1524 conversis⁶

94 1562 185 1648 equis
208 1561 374 1646 signorum
397 1568 571 1644 conspectu
599 1563 789 1644 perterritus
819 1566 1002 1648 turpissime
1024 1565 1070 1628 fu·

93 1688 172 1752 gere
194 1664 368 1730 contendit.
392 1662 503 1727 Multis
522 1665 590 1726 eius
614 1666 735 1745 occisis,
760 1665 979 1750 compluribus
1001 1668 1092 1731 vul-⁷

93 1772 214 1835 noratis
242 1769 358 1833 milites
385 1766 553 1853 legionarii
582 1766 624 1830 ad
653 1789 711 1831 sua
734 1789 768 1830 se
791 1771 950 1854 recipiunt
978 1774 1071 1856 signa

94 1883 192 1961 atque
224 1875 285 1938 iter
318 1875 483 1957 inceptum
515 1873 562 1935 irc
596 1881 780 1956 coeperunt.
825 1872 991 1939 Labienus
1014 1898 1072 1960 per

94 1979 207 2064 iugum
240 1998 402 2041 summum
435 1975 522 2040 collis
556 1975 745 2040 dextrorsus
780 1976 891 2061 procul
919 1977 1072 2065 subsequi

94 2105 159 2147 non
182 2081 311 2147 destitit.

183 2184 232 2249 76.
256 2181 434 2269 Postquam
471 2182 593 2248 Caesar
630 2184 673 2248 ad
710 2183 864 2269 oppidum
901 2185 1072 2251 Sarsuram

93 2291 192 2372 venit,
226 2286 481 2374 inspectantibus
504 2288 699 2352 adversariis
722 2287 890 2352 interfecto
913 2289 1072 2374 praesidio

95 2394 262 2479 Scipionis,
296 2414 371 2458 cum
403 2394 469 2456 suis
502 2390 659 2457 auxilium
691 2390 777 2455 ferre
810 2414 875 2456 non
904 2391 1071 2475 auderent,

94 2497 220 2562 fortiter
252 2505 455 2583 repugnante
489 2496 524 2561 P.
549 2494 706 2577 Cornelio,
741 2504 875 2560 evocato
905 2497 1072 2582 Scipionis,

96 2602 151 2686 qui
173 2598 217 2665 ibi
249 2607 409 2684 praeerat,
444 2608 542 2684 atque
571 2622 591 2662 a
618 2597 823 2663 multitudine
853 2601 1072 2664 circumvento

95 2704 328 2788 interfectoque
367 2702 484 2788 oppido
530 2705 651 2788 potitur
688 2712 785 2788 atque
822 2701 867 2767 ibi
911 2703 1072 2768 frumento

95 2809 253 2872 exercitui
286 2806 362 2871 dato
397 2816 525 2892 postero
560 2805 612 2870 die
646 2806 689 2870 ad
723 2805 876 2892 oppidum
899 2807 1073 2872 Thisdram

95 2913 257 2997 pervenit3
291 2913 325 2974 in
359 2931 422 2995 quo
446 2908 616 2974 Considius
649 2932 707 2995 per
739 2910 773 2974 id
806 2919 933 2995 tempus
967 2911 1093 2975 fuerata

96 3036 170 3097 cum
192 3013 309 3098 grandi
337 3013 499 3099 praesidio
523 3012 719 3097 cohorteque
753 3036 812 3077 sua
845 3013 1070 3097 gladiatorum.

96 3117 217 3182 Caesar
252 3117 361 3204 oppidi
394 3127 512 3181 natura
546 3126 716 3203 perspecta
751 3140 855 3203 aquae
888 3120 997 3202 inopia
1030 3115 1093 3181 aba

96 3224 335 3308 oppugnatione
359 3222 427 3285 eius
450 3220 624 3285 deterritus
654 3224 799 3306 protinus
829 3221 991 3306 profectus
1014 3223 1072 3286 cir-

96 3328 176 3416 citer
212 3325 300 3390 milia
336 3347 490 3411 passuum
527 3343 581 3388 1111
619 3325 661 3390 ad
699 3348 818 3411 aquam
855 3324 933 3388 facit
965 3333 1073 3389 castra
1163 3398 1166 3403 ἢ

96 3438 194 3515 atque
224 3429 300 3494 inde
324 3430 376 3496 die
403 3439 518 3515 quarto
546 3452 695 3515 egressus
723 3429 806 3494 redit
833 3450 945 3494 rursus
968 3428 1011 3494 ad
1033 3452 1072 3494 ea

927 3531 977 3583 rsr
1165 3524 1169 3537 '
