2376 3924
80 117 143 182 218
380 115 490 167 BELLI
508 116 758 168 snuxluuulul
855 128 858 135 ’

80 309 283 394 cogniturum
312 329 382 372 esse
405 306 502 390 dixit,
535 308 660 395 regium
682 309 836 375 vestitum
858 311 887 374 ei
909 310 1062 377 restituit.

56 411 258 496 4Legionem
296 420 405 475 autem
442 432 530 495 eam,
571 433 669 498 qnam
702 435 745 477 ex
782 434 901 498 genere
939 413 1065 479 civium

80 536 211 579 snorum
248 516 422 579 Deiotarus
467 524 632 580 armatura
677 516 910 603 disciplinaque
947 525 1064 584 nostra
1119 550 1122 554 ⁴

79 620 286 683 constitutam
301 618 453 699 habebat,
477 620 720 705 equitatumque
736 641 865 685 omnem
879 619 922 685 ad
937 619 1064 687 bellum

78 722 257 808 gerendum
280 720 442 786 adducere
465 723 564 786 iussit.

163 825 215 888 69.
249 822 331 888 Cum
353 825 386 887 in
409 824 548 888 Pontum
575 826 717 891 venisset
745 828 918 912 copiasque
946 848 1064 894 omnes

77 931 110 992 in
133 950 232 1013 unum
256 927 360 992 locum
383 929 556 1012 coegisset,
580 950 664 1013 quae
687 952 821 994 numero
844 938 943 1015 atque
966 951 1063 997 exer·

78 1032 227 1095 citatione
260 1029 416 1095 bellorum
448 1031 626 1097 mediocres
660 1041 753 1098 erant
787 1030 940 1120 (excepta
970 1037 1064 1101 enim

77 1135 201 1220 legione
235 1143 342 1217 sexta,
377 1157 475 1220 quam
503 1157 613 1200 secum
647 1135 831 1201 adduxerat
852 1136 1064 1204 Alexandria

77 1246 265 1302 veteranam
309 1238 416 1303 multis
460 1238 624 1304 laboribus
661 1239 875 1326 periculisque
911 1240 1063 1308 iunctm

76 1342 247 1426 multisque
281 1342 434 1408 militibus
461 1345 578 1428 partim
609 1342 799 1408 difficultate
831 1346 984 1409 itinerum
1019 1367 1064 1410 ac

76 1448 318 1530 navigationum
340 1449 456 1532 partim
479 1447 652 1513 crebritate
674 1447 831 1512 bellorum
853 1447 935 1512 adeo
958 1446 1062 1513 demi-

75 1560 199 1632 nutam,
222 1558 258 1614 ut
272 1552 377 1615 minus
392 1549 477 1615 mille
494 1551 675 1616 hominibus
691 1553 723 1614 in
739 1573 778 1615 ea
793 1559 887 1634 esset,
910 1549 1062 1637 reliquae

76 1663 169 1718 erant
190 1663 255 1717 tres
279 1653 435 1738 legiones,
458 1677 524 1719 una
546 1656 707 1738 Deiotari,
731 1655 831 1738 dnae,
855 1675 938 1741 quae
961 1656 996 1719 in
1019 1676 1062 1721 eo

75 1760 210 1846 proelio,
240 1759 327 1842 quod
351 1757 408 1822 Cn.
433 1759 611 1822 Domitium
641 1759 754 1822 fecisse
783 1781 857 1824 cnm
884 1757 1062 1824 Pharnace

54 1867 271 1951 ascripsimus,
294 1858 449 1945 fuerant),
473 1861 570 1946 legati
593 1884 613 1924 a
635 1862 805 1927 Pharnace
827 1864 915 1926 missi
938 1861 1060 1929 ansa·

74 1990 144 2031 rem
178 1967 299 2033 adeunt
332 1975 429 2050 atque
457 1967 611 2051 imprimis
645 1965 876 2052 deprecantur,
910 1988 952 2030 ne
986 1969 1061 2033 eius

75 2072 235 2137 adventus
257 2069 379 2134 hostilis
402 2078 501 2133 esset:
533 2069 694 2134 facturum
718 2072 802 2133 enim
825 2069 932 2134 omnia
953 2069 1060 2136 Phar-

53 2200 188 2259 macen,
212 2199 295 2261 quae
311 2177 470 2260 imperata
485 2163 601 2239 essent.
630 2174 840 2260 Maximeque
863 2195 1059 2241 commeme

74 2281 192 2347 rabant
225 2281 312 2345 nulla
345 2280 537 2344 Pharnacen
578 2279 698 2344 auxilia
732 2288 844 2344 contra
877 2277 1058 2347 Caesarem

72 2386 225 2470 Pompeio
252 2385 331 2449 dare
356 2384 504 2467 voluisse,
528 2405 602 2447 cum
617 2384 801 2463 Deiotarus,
829 2383 884 2467 qui
899 2380 1057 2469 dedisset,

72 2498 181 2554 tamon
204 2491 232 2552 ci
255 2488 470 2552 satisfecisset.

159 2593 209 2656 70,
234 2591 355 2656 Caesar
370 2591 537 2677 respondit
558 2612 593 2654 se
616 2590 684 2654 lbre
707 2591 936 2676 aequissimum
951 2590 1057 2657 Phar-

73 2697 162 2775 naci,
199 2696 225 2758 si
260 2716 343 2778 quac
377 2694 581 2779 polliceretur
618 2701 918 2777 repraesentaturus
956 2704 1055 2762 esset.

51 2799 199 2862 allionuit
222 2806 340 2879 autom,
363 2807 399 2860 nt
414 2796 546 2879 solebat,
570 2795 700 2860 mitibus
722 2794 832 2860 verbis
854 2796 987 2882 legatos,
1010 2820 1056 2865 ne

73 2910 128 2964 aut
152 2902 342 2964 Deiotarum
376 2899 435 2963 sibi
468 2899 640 2981 obicerent,
671 2908 726 2964 aut
754 2901 848 2963 nimis
877 2922 915 2965 eo
937 2900 1056 2987 gloria-

71 3014 184 3070 rentur
200 3003 366 3085 beneficio,
391 3003 477 3087 quod
493 3002 613 3067 auxilia
629 3004 782 3088 Pompeio
798 3025 862 3067 non
877 3005 1053 3073 misissent.

50 3113 156 3175 sNam
179 3132 213 3172 sc
237 3129 341 3192 neque
365 3106 515 3172 libentius
538 3108 646 3171 facere
670 3109 844 3193 quicquam
866 3130 964 3197 quam
977 3132 1053 3197 sup·

71 3213 206 3299 plicibus
233 3215 413 3298 ignoscere,
442 3232 547 3296 neque
576 3215 814 3296 provinciarum
837 3211 983 3297 publicas
1005 3218 1053 3281 in-

70 3320 168 3382 iurias
192 3315 373 3382 condonare
395 3317 433 3380 iis
455 3337 557 3400 posse,
581 3318 635 3400 qni
651 3316 785 3380 firissent
800 3319 832 3380 in
848 3338 881 3380 se
905 3317 1051 3387 officiosi.

49 3423 160 3502 «Quin
202 3421 234 3485 id
274 3423 393 3505 ipsum,
433 3418 519 3506 quod
557 3429 861 3502 commemorarent,
906 3420 1053 3489 ollicium
