2376 3924
359 216 469 267 urens
487 215 511 280 1,
529 215 606 266 cnr.
625 215 736 266 21—25.
998 215 1037 280 17

60 432 81 474 a
104 431 140 474 se
164 409 409 494 existimarent,
439 431 477 474 eo
500 409 619 492 magis,
649 405 739 494 quod
760 406 868 492 pridie
892 409 1038 493 superio·

59 513 153 580 ribus
182 512 267 580 locis
297 515 472 599 occupatis
500 513 664 598 proelium
685 534 753 577 non
781 514 1038 596 commisissent,

59 619 131 682 sive
148 638 196 701 eo,
220 616 309 704 quod
331 641 368 683 re
390 616 611 683 frumentaria
634 614 816 682 intercludi
837 639 936 702 posse
960 638 1038 682 con·

58 720 212 805 fiderent,
236 728 439 786 commutato
462 718 604 785 consilio
622 726 723 804 atque
738 720 859 784 itinere
875 741 1056 785 converso<

59 833 195 890 nostros
231 847 252 890 a
285 825 470 890 novissimo
494 824 629 910 agmine
652 825 783 909 insequi
807 845 847 888 ac
870 823 1038 889 lacessere

58 938 253 1016 coeperunt.

145 1030 197 1096 24.
220 1029 405 1115 Postquam
423 1029 459 1095 id
475 1031 623 1095 animum
641 1029 799 1114 advertit,
823 1032 938 1117 copias
957 1053 1036 1096 suas

57 1135 190 1201 Caesar
211 1135 246 1198 in
261 1133 451 1219 proximum
466 1131 586 1199 collem
602 1131 760 1200 subducit
777 1137 1037 1220 equitatumque,

57 1241 116 1325 qui
133 1239 315 1304 sustineret
331 1236 479 1302 hostium
495 1237 665 1323 impetum,
681 1238 783 1302 misit.
810 1238 886 1322 Ipse
903 1239 1059 1303 interimo

58 1346 93 1408 in
117 1341 203 1410 colle
226 1340 336 1407 medio
360 1340 529 1427 triplicem
552 1343 659 1408 aciem
683 1343 845 1407 instruxit
867 1341 1037 1425 legionum

58 1454 219 1533 quattuor
245 1453 498 1528 veteranarum,
532 1466 632 1531 supra
662 1467 720 1510 eas
749 1447 784 1510 in
808 1467 934 1510 summo
958 1449 1058 1530 iuges

59 1549 145 1615 duas
180 1549 349 1633 legiones,
384 1569 467 1634 quas
497 1549 532 1613 in
556 1545 672 1614 Gallia
701 1549 857 1614 citeriore
885 1551 1037 1635 proxime

58 1655 319 1740 conscripserat,
342 1661 376 1718 et
401 1653 512 1718 omnia
528 1651 659 1718 auxilia
682 1651 842 1719 collocari
866 1662 1038 1719 actutum

58 1766 207 1823 montem
221 1755 414 1823 hominibus
431 1756 592 1844 compleri
616 1766 650 1822 et
672 1757 802 1822 interea
827 1758 978 1822 sarcinas
1002 1760 1037 1823 in

55 1883 160 1926 unum
182 1859 294 1926 locum
316 1859 462 1925 conferri
486 1868 519 1928 et
542 1881 616 1925 eum
640 1859 684 1926 ab
706 1860 770 1943 his,
802 1861 858 1943 qui
881 1860 916 1925 in
941 1882 1035 1945 supe·

55 1966 145 2031 riore
161 1966 234 2030 acie
256 1965 489 2047 constiterant,
509 1964 631 2029 muniri
652 1963 760 2028 iussit.
784 1962 933 2029 Helvetii
956 1987 1060 2037 cumr

61 2067 216 2134 omnibus
247 2068 315 2133 suis
345 2067 453 2132 carris
477 2068 584 2132 secuti
613 2066 852 2152 impedimenta
880 2069 915 2132 in
937 2091 1038 2134 unum

58 2172 171 2238 locum
193 2170 426 2255 contulerunt,
455 2171 520 2258 ipsi
543 2170 792 2236 confertissima
817 2172 890 2236 acie
913 2172 1037 2237 reiecto

55 2284 173 2341 nostro
191 2274 344 2361 equitatu
356 2273 529 2361 phalange
541 2273 635 2340 facta
652 2273 713 2340 sub
728 2275 871 2359 primam
886 2284 1037 2341 nostram
1120 2348 1123 2359 ¹

60 2380 169 2444 aciem
194 2385 442 2444 successerunt.

145 2479 197 2547 25.
233 2479 362 2548 ansar
389 2481 533 2569 primum
563 2503 637 2564 suo,
674 2479 796 2546 deinde
825 2483 970 2547 omnium
994 2506 1037 2548 ex

56 2594 241 2670 conspectu
263 2587 401 2651 remotis
425 2586 532 2672 equis,
554 2593 591 2649 ut
615 2595 758 2669 aequato
783 2587 929 2651 omnium
950 2587 1036 2672 peri·

56 2687 133 2753 culo
157 2710 250 2775 spem
272 2689 374 2773 fugae
397 2687 544 2772 tolleret,
567 2688 762 2755 cohortatus
779 2710 857 2755 suos
872 2689 1036 2776 proelium

55 2793 234 2858 commisit.
278 2791 405 2858 Milites
440 2814 458 2856 e
496 2790 571 2857 loco
608 2795 778 2879 superiore
811 2793 888 2879 pilis
924 2796 1058 2863 missisa

55 2894 158 2961 facile
173 2896 320 2961 hostium
334 2893 539 2982 phalangem
554 2894 797 2980 perfregerunt.
824 2897 876 2962 Ea
893 2897 1036 2964 disiecta

56 2999 183 3083 gladiis
208 2997 384 3065 destrictis
408 2999 443 3062 in
468 3019 524 3063 eos
548 2999 709 3084 impeturn
731 2999 894 3066 fecerunt.
925 2997 1056 3069 Gallias

56 3123 181 3186 magno
197 3101 243 3167 ad
257 3122 408 3189 pugnam
424 3109 496 3166 erat
514 3101 763 3188 impedimento,
780 3103 869 3189 quod
884 3103 1035 3190 pluribus

56 3228 171 3271 eorum
194 3207 299 3273 scutis
323 3227 389 3271 uno
414 3206 486 3270 ictu
513 3204 657 3291 pilorum
685 3208 861 3273 transfixis
885 3216 918 3273 et
941 3207 1036 3274 colli-

57 3312 165 3395 gatis,
200 3332 277 3376 oum
298 3309 423 3375 sermm
453 3331 489 3374 se
518 3309 719 3394 inflexisset,
752 3332 860 3397 neque
892 3310 1036 3377 evellere

57 3436 167 3501 neque
201 3413 340 3481 sinistra
374 3411 536 3500 impedita
571 3415 655 3480 satis
684 3414 856 3480 commode
883 3436 1036 3501 pugnare

56 3526 225 3605 poterant,
248 3516 345 3606 multi
368 3526 406 3583 ut
422 3515 479 3581 diu
495 3517 624 3584 iactato
640 3516 780 3584 brachio
795 3529 1057 3604 praeoptarents

110 3633 198 3680 Mur.
210 3631 229 3679 1.
250 3629 273 3678 t.
287 3631 314 3679 G.
837 3640 860 3692 εὶ
