2376 3924
66 122 108 186 64
390 121 440 170 DE
464 120 583 170 BELLO
604 118 716 169 CIVILI

65 334 227 399 supraque
243 334 318 376 eum
339 310 445 376 locum
460 311 524 376 duo
547 313 636 396 tigna
652 301 845 374 'transversa
866 310 1055 376 iniecerunt

65 416 129 481 non
161 416 256 501 longe
289 416 331 480 ab
362 417 515 479 extremis
544 413 737 500 parietibus,
772 412 889 498 quibus
915 434 1054 501 suspen·

65 520 179 584 derent
212 543 284 583 eam
318 521 604 605 contignationem,
640 539 723 603 quae
756 518 837 581 turri
869 518 1053 601 tegimento

65 634 149 687 esset
170 624 296 707 futura,
331 645 493 708 supraque
524 645 562 686 ea
584 624 675 706 tigna
697 621 819 685 directo
841 630 1053 687 transversas

42 726 172 792 strabos
207 729 385 791 iniecerunt
418 748 537 811 easque
571 726 687 790 axibus
720 725 941 809 religaverunt
973 723 1053 811 (has

64 830 158 915 paulo
193 830 351 914 longiores
380 840 478 914 atque
509 832 750 913 eminentiores,
782 852 880 915 quam
907 832 1052 893 extremi

63 935 201 1019 parietes
231 943 339 1009 erant,
374 934 556 1015 effecerant,
590 943 626 997 ut
653 943 751 1015 esset,
784 932 841 996 ubi
868 934 1053 1017 tegimenta

64 1037 284 1123 praependere
307 1047 438 1122 possent
459 1037 501 1101 ad
524 1037 745 1101 defendendos
773 1038 855 1101 ictus
882 1059 921 1100 ao
943 1038 1051 1123 repel-

63 1139 190 1224 lendos,
222 1163 296 1204 eum
324 1141 407 1204 inter
438 1163 509 1204 eam
533 1142 805 1224 contignationem
827 1141 968 1226 parietes
992 1164 1052 1206 ex-

64 1240 278 1330 struerentur)
310 1266 445 1329 eamque
473 1243 765 1309 contabulationem
788 1265 947 1307 summam
970 1243 1051 1309 late-

64 1347 152 1412 ribus
175 1349 305 1433 lutoque
329 1357 593 1431 constraverunt,
623 1370 664 1411 ne
693 1347 772 1432 quid
798 1349 881 1431 ignis
903 1346 1051 1413 hostium

63 1475 179 1518 nocere
208 1463 332 1538 posset,
364 1461 579 1536 centonesque
610 1453 740 1536 insuper
773 1454 970 1537 iniecerunt,
1006 1478 1079 1531 ne·

64 1568 119 1622 aut
149 1558 212 1622 tela
235 1560 402 1623 tormentis
435 1558 577 1620 immissa
607 1554 838 1620 tabulationem
867 1556 1050 1643 perfringe·

63 1672 145 1744 rent,
175 1672 231 1726 aut
259 1685 340 1726 saxa
369 1684 411 1724 ex
434 1659 604 1744 catapultis
626 1658 805 1723 latericium
835 1658 1048 1729 discuterent.

41 1766 185 1830 esstorias
216 1775 325 1830 autem
353 1788 396 1829 ex
423 1764 554 1828 funibus
582 1766 757 1829 ancorariis
784 1774 850 1829 tres
878 1767 912 1828 in
944 1764 1049 1852 longi·

63 1869 208 1932 tudinem
241 1869 401 1954 parietum
433 1871 531 1932 turris
564 1867 646 1932 latas
675 1884 732 1934 1111
764 1868 863 1953 pedes
896 1868 1050 1936 fecerunt

64 1994 182 2057 easque
211 1996 253 2036 ex
281 1971 384 2036 tribus
412 1970 575 2057 partibus,
610 1993 693 2056 quae
724 1971 766 2036 ad
794 1972 902 2036 hostes
930 1995 1048 2058 verge-

63 2075 157 2159 bant,
188 2074 402 2140 eminentibus
429 2075 577 2140 trabibus
610 2078 730 2140 cireum
752 2078 867 2139 turrim
888 2099 1048 2163 praepen-

64 2181 177 2244 dentes
210 2180 444 2264 religaverunt,
483 2179 570 2264 quod
607 2201 708 2243 unum
741 2201 843 2263 genus
877 2181 1047 2263 tegimenti

64 2283 132 2348 aliis
165 2283 241 2348 locis
276 2292 369 2347 erant
397 2285 523 2369 experti
550 2282 636 2347 nullo
658 2282 721 2347 telo
749 2305 855 2368 neque
882 2293 1047 2349 tormento

41 2389 155 2458 ,atraici
190 2410 291 2472 posse.
329 2386 396 2453 Ubi
428 2409 506 2451 vero
536 2409 574 2450 ea
597 2409 672 2473 pars
705 2389 821 2470 turris,
856 2408 939 2471 quae
973 2398 1048 2453 erat

64 2491 223 2576 perfecta,
253 2500 338 2555 tecta
368 2499 466 2575 atque
495 2493 619 2555 munita
648 2501 696 2555 cst
726 2491 768 2555 ab
792 2493 878 2555 omni
900 2492 967 2555 ictu
988 2490 1046 2557 ho·

63 2597 174 2677 stium,
213 2594 336 2678 pluteos
373 2594 416 2659 ad
452 2594 514 2659 alia
551 2618 649 2681 opera
683 2593 906 2678 abduxerunt3
944 2597 1046 2661 turris

63 2706 184 2761 tectum
212 2720 269 2781 per
298 2720 332 2761 se
361 2699 466 2783 ipsum
495 2698 712 2784 pressionibus
735 2722 777 2762 ex
803 2699 1045 2782 contignatione

43 2803 167 2886 aprima
191 2801 371 2885 supendere
393 2825 432 2866 ac
447 2801 557 2867 tollere
574 2811 756 2888 coeperunt.
784 2801 861 2886 Ubi,
884 2810 1046 2886 quantum

64 2904 236 2968 storiarum
274 2905 422 2970 demissio
461 2906 661 2991 patiebatur,
707 2915 832 2970 tantum
865 2904 1044 2989 elevarant,

63 3010 148 3071 intra
181 3006 262 3070 haee
295 3011 470 3093 tegimenta
503 3009 605 3074 abditi
636 3019 733 3095 atque
761 3010 876 3073 muniti
902 3008 1044 3094 parietes

63 3110 217 3177 lateribus
251 3112 463 3177 exstruebant
494 3135 670 3199 rursusque
707 3112 769 3176 alia
802 3113 966 3197 pressione
998 3112 1044 3177 sd

42 3215 301 3288 reedificandum
330 3215 390 3281 sibi
419 3217 523 3281 locum
554 3215 780 3303 expediebant.
825 3213 893 3280 Ubi
913 3222 1044 3301 tempus

64 3321 193 3385 alterius
232 3318 498 3385 contabulationis
535 3319 721 3403 videbatur,
766 3321 856 3403 tigna
891 3318 969 3381 item
1005 3328 1045 3383 ut

64 3428 166 3510 primo
199 3435 285 3490 tecta
318 3426 471 3490 extremis
504 3423 657 3489 lateribus
694 3418 897 3487 instruebant
932 3440 1042 3505 exque
