2376 3924
136 217 199 282 256
439 217 490 267 nn
508 215 628 267 nanno
648 214 816 266 canesco.

115 405 463 492 tcomprehendebant
478 406 515 471 id
527 408 645 491 ipsum,
662 404 751 491 qu'od
762 403 968 471 morabatur.
985 405 1113 470 Milites

136 520 254 577 contra
277 512 396 592 nostri,
420 530 620 595 quamquam
642 507 831 594 periculoso
855 528 979 591 genere
989 508 1114 595 'proelii

135 615 276 700 locoque
288 613 402 699 iniquo
414 611 663 698 premebantur,
679 620 793 677 tamen
806 613 917 676 omnia
929 611 1113 685 fortissimo

114 716 351 782 4sustinebant
375 718 497 782 animo.
520 717 587 781 Res
611 718 699 781 enim
723 715 904 800 gerebatur
927 724 960 779 et
977 714 1113 781 excelso

136 820 210 887 loco
235 829 268 885 et
292 822 326 885 in
350 829 536 906 conspectu
560 821 729 886 exercitus
752 820 870 901 nostri,
903 838 1114 903 magnusque

135 926 303 1009 utrimque
326 923 453 990 clamor
477 922 658 988 oriebatur.
681 924 735 989 Ita
752 924 902 1008 quisque,
925 930 1023 1008 prout
1041 930 1113 987 erat

135 1029 282 1094 maxime
295 1027 450 1110 insignis,
464 1048 528 1112 quo
540 1028 653 1092 notior
667 1027 891 1111 testatiorque
901 1026 1010 1091 virtus
1024 1034 1113 1090 esset

137 1134 219 1215 eius,
242 1129 320 1195 telis
343 1130 491 1195 hostium
513 1129 732 1215 flammaeque
757 1152 793 1195 se
816 1127 988 1194 offerebat.

112 1264 123 1298 η
221 1234 272 1298 43.
297 1231 424 1298 Caesar
447 1255 522 1297 cum
545 1231 733 1319 complures
766 1254 844 1298 suos
867 1231 1041 1297 vulnerari
1064 1234 1114 1296 vi·

137 1339 241 1421 deret,
258 1361 301 1403 ex
318 1336 470 1402 omnibus
488 1335 602 1423 oppidi
617 1335 770 1421 partibus
786 1334 942 1402 cohortes
965 1345 1113 1401 montem

135 1442 320 1507 ascendere
349 1450 382 1506 et
411 1439 626 1507 simulatione
649 1441 815 1506 moenium
841 1438 1113 1526 occupandorum

113 1546 316 1612 2clamorem
338 1544 487 1631 undique
510 1543 603 1610 iubet
628 1543 757 1609 tollere.
782 1542 856 1624 Quo
879 1544 970 1608 facto
986 1552 1112 1630 perter-

134 1652 192 1716 riti
217 1649 388 1736 oppidani,
413 1671 498 1727 cum,
522 1648 604 1733 quid
627 1657 786 1731 ageretur
809 1649 843 1712 in
860 1647 944 1713 locis
961 1647 1112 1733 reliquis,

135 1763 249 1819 essent
265 1754 429 1839 suspensi,
446 1760 610 1817 revocant
626 1751 668 1816 ab
693 1751 932 1837 impugnandis
956 1750 1112 1838 operibus

114 1866 285 1922 sarmatos
308 1858 479 1941 murisque
503 1855 696 1940 disponunt.
720 1856 775 1921 Ita
790 1855 898 1920 nostri
912 1855 979 1920 fine
993 1854 1113 1941 proelii

135 1961 225 2025 facto
250 1958 405 2024 celeriter
429 1980 530 2044 opera
558 1957 692 2023 flamma
722 1958 962 2043 comprehensa
989 1958 1113 2045 partim

113 2065 359 2147 erestinguunt,
375 2064 498 2149 partim
516 2062 774 2128 interscindunt.
798 2061 882 2128 Cum
893 2063 1113 2149 pertinaciter

135 2171 333 2234 resisterent
350 2165 521 2252 oppidani,
536 2187 662 2246 magna
679 2167 782 2230 etiam
797 2175 895 2252 parte
912 2167 1038 2231 amissa
1055 2166 1112 2230 siti

136 2294 270 2337 suorum
286 2273 320 2336 in
337 2270 506 2337 sententia
522 2278 768 2355 permanerent,
785 2269 831 2334 ad
842 2277 1044 2357 postremum
1058 2293 1112 2337 cu·

136 2375 257 2441 niculis
281 2396 388 2440 venae
411 2374 513 2438 fontis
538 2375 721 2439 intercisae
746 2382 824 2437 sunt
841 2382 944 2459 atque
960 2396 1111 2440 aversae.

114 2478 210 2558 squo
234 2479 325 2544 facto
342 2486 480 2564 repente
494 2479 652 2563 perennis
670 2478 807 2543 exaruit
822 2477 897 2543 fons
913 2486 1112 2565 tantamque

136 2583 252 2649 attulit
276 2582 453 2668 oppidanis
478 2581 597 2647 salutis
622 2581 904 2669 desperationem,
926 2591 963 2648 ut
986 2581 1024 2647 id
1044 2603 1112 2648 non

135 2686 305 2752 hominum
340 2684 493 2769 consilio,
527 2684 588 2749 sed
622 2685 758 2750 deorum
780 2685 956 2752 voluntate
984 2685 1112 2751 factum

134 2799 303 2874 putarent.
327 2790 447 2874 Itaque
471 2811 506 2853 se
529 2790 734 2855 necessitate
750 2790 861 2855 coacti
884 2788 1111 2856 tradiderunt.

219 2892 271 2958 44.
288 2891 426 2975 Caesar,
439 2915 514 2958 cum
529 2907 623 2958 suam
635 2892 807 2959 lenitatem
821 2896 992 2978 cognitam
1008 2893 1112 2959 omni·

134 2995 196 3061 bus
213 2999 314 3062 sciret
337 3019 445 3083 neque
460 3007 641 3081 vereretur,
664 3021 707 3063 ne
731 2999 812 3084 quid
834 2998 1037 3065 crudelitate
1051 3019 1112 3063 na·

134 3110 232 3166 turae
254 3099 426 3166 videretur
442 3103 593 3187 asperius
610 3102 742 3184 fecisse,
765 3123 874 3188 neque
891 3103 1018 3169 exitum
1033 3122 1111 3167 con-

136 3204 286 3270 siliorum
310 3226 443 3269 suorum
467 3203 764 3287 animadverteret,
788 3206 816 3270 si
833 3205 896 3271 tali
912 3206 1045 3272 ratione
1063 3203 1112 3270 di-

135 3311 243 3374 versis
258 3309 293 3373 in
308 3308 393 3373 locis
408 3307 521 3393 plures
538 3308 682 3373 consilia
697 3311 852 3392 inissent,
869 3307 1021 3394 exemplo
1035 3329 1111 3393 sup·

134 3412 228 3498 plicii
245 3410 463 3479 deterrendos
478 3409 624 3496 reliquos
641 3412 860 3478 existimavit.
875 3412 996 3497 Itaque
1007 3413 1111 3475 omni·

133 3515 208 3597 bus,
232 3517 289 3600 qui
311 3536 405 3585 arma
427 3513 587 3597 tulerant,
609 3536 728 3582 manus
751 3515 919 3602 praecidit
941 3516 1112 3600 vitamque
