2376 3924
113 232 174 299 158
439 230 490 279 DE
509 230 627 281 BDLLO
648 229 759 281 CIVILI

91 421 285 489 dedicabat.
308 423 362 488 Ex
384 423 582 508 Pompeiano
604 422 750 486 exercitu
772 421 900 486 circiter
927 418 1019 484 milia
1042 437 1094 484 xv

112 527 265 593 cecidisse
298 526 503 609 videbantur,
541 525 599 591 sed
632 527 669 610 in
698 524 895 590 deditionem
926 533 1096 590 venerunt

112 629 248 716 amplius
269 629 357 695 milia
379 647 482 693 xxnn
517 625 672 714 (namque
696 629 793 692 etiam
816 626 973 710 cohortes,
1004 648 1095 714 quae

112 734 272 820 praesidio
294 737 327 799 in
343 732 480 798 castellis
495 733 634 816 fuerant,
658 754 728 797 sese
744 730 851 799 Sullae
867 728 1093 818 dediderunt),

111 837 203 903 multi
237 847 407 924 praeterea
440 839 473 901 in
506 837 659 901 finitimas
697 837 843 900 civitates
880 835 1092 921 refugerunt3

90 943 268 1026 asignaque
295 939 445 1005 militaria
467 963 510 1005 ex
533 940 651 1025 proelio
674 939 717 1004 ad
740 938 914 1004 Caesarem
942 948 1021 1005 sunt
1042 962 1094 1008 re-

114 1044 180 1110 lata
204 1062 321 1109 cdxxx
345 1052 377 1109 et
399 1042 526 1129 aquilae
549 1059 631 1107 vnn.
661 1043 701 1107 L.
724 1044 886 1107 Domitius
909 1065 953 1106 ex
974 1046 1094 1109 castris

112 1151 146 1213 in
167 1155 310 1213 montem
331 1147 506 1232 refugiens,
530 1169 605 1213 cum
626 1147 713 1212 vires
735 1168 811 1212 eum
832 1145 1022 1212 lassitudine
1037 1147 1093 1214 de-

112 1252 272 1334 fecissent,
296 1250 338 1316 ab
362 1251 524 1336 equitibus
548 1260 597 1316 est
618 1250 815 1316 interfectus.

201 1355 271 1419 100.
295 1355 421 1420 Eodem
443 1363 587 1440 tempore
610 1355 653 1418 D.
677 1354 809 1420 Laelius
832 1374 906 1418 cum
929 1353 1032 1419 classe
1048 1355 1094 1421 ad

112 1459 322 1524 Brundisium
344 1461 434 1524 venit
456 1458 635 1543 eademque
663 1460 798 1542 ratione,
833 1479 898 1543 qua
924 1457 1051 1525 factum
1074 1483 1095 1524 a

113 1562 239 1628 Libone
272 1572 369 1628 antea
402 1563 704 1643 demonstravimus,
748 1561 886 1627 insulam
930 1561 1095 1628 obiectam

91 1669 219 1752 aportui
230 1667 425 1732 Brundisino
441 1670 552 1733 tenuit.
577 1667 729 1733 Similiter
740 1668 900 1748 Vatinius,
917 1667 972 1751 qui
987 1665 1094 1733 Brun

115 1771 195 1837 disio
229 1779 389 1856 praeerat,
427 1772 520 1836 tectis
553 1772 782 1856 instructisque
816 1769 945 1856 scaphis
981 1768 1095 1834 elicuit

116 1897 217 1940 naves
249 1873 423 1940 Laelianas
456 1883 554 1959 atquc
587 1896 630 1938 ex
659 1874 710 1939 his
739 1874 865 1960 longius
898 1871 1095 1959 productam

113 2000 213 2042 unam
247 1980 512 2062 quinqueremem
541 1985 574 2043 et
602 1979 742 2042 minores
776 1977 857 2043 duas
879 1979 912 2040 in
935 1977 1095 2062 angustiis

114 2090 225 2169 portus
260 2083 353 2166 cepit,
388 2082 529 2166 itemque
563 2103 621 2167 per
655 2083 779 2167 equites
813 2079 984 2165 dispositos
1006 2100 1095 2166 aqua

91 2184 286 2272 sprohibcre
309 2184 488 2249 classiarios
510 2186 654 2250 instituit.
694 2185 760 2251 Sed
782 2182 913 2249 Laelius
946 2191 1094 2269 tempore

114 2291 191 2354 anni
213 2287 429 2353 commodiore
451 2310 529 2353 usus
551 2288 593 2353 ad
615 2287 838 2372 navigandum
861 2288 1017 2352 onerariis
1038 2308 1095 2352 na

113 2393 209 2458 vibus
238 2390 382 2478 Corcyra
404 2392 676 2477 Dyrrhachioque
710 2413 830 2477 aquam
862 2392 928 2455 suis
960 2410 1095 2477 suppor-

92 2495 215 2580 4tabat,
249 2517 355 2582 neque
378 2519 398 2561 a
420 2497 582 2582 proposito
616 2495 843 2561 deterrebatur
875 2514 982 2579 neque
1016 2502 1095 2559 ante

114 2598 270 2685 proelium
285 2601 319 2664 in
333 2597 500 2664 Thessalia
522 2598 645 2663 factum
667 2599 831 2682 cognitum
845 2606 902 2662 aut
916 2597 1096 2682 ignominia

115 2705 305 2768 amissarum
327 2704 461 2767 navium
483 2711 540 2766 aut
561 2703 819 2767 necessariarum
845 2722 956 2766 rerum
984 2702 1096 2788 inopia

115 2830 159 2872 ox
180 2817 275 2893 portu
296 2806 464 2893 insulaque
487 2805 603 2891 expelli
625 2808 736 2892 potuit.

204 2909 274 2974 101.
297 2910 407 2975 Isdem
428 2910 496 2975 fere
518 2909 717 2995 temporibus
740 2908 871 2975 Cassius
894 2930 969 2974 cum
991 2906 1096 2974 classe

116 3015 273 3100 Syrorum
296 3023 328 3078 et
350 3014 548 3079 Phoenicum
568 3024 604 3101 ⁴et
625 3012 760 3078 Cilicum
781 3015 814 3077 in
837 3012 979 3081 Siciliam
992 3013 1096 3096 venit,

116 3127 149 3183 et
171 3139 245 3183 cum
267 3126 352 3182 esset
374 3115 522 3181 Caesaris
545 3116 655 3182 classis
679 3116 783 3181 divisa
805 3118 839 3180 in
861 3116 944 3182 duae
971 3124 1095 3202 partes,

116 3220 268 3286 dimidiae
291 3223 375 3306 parti
397 3230 561 3306 praeesset
583 3223 619 3286 P.
637 3220 796 3306 Sulpicius
819 3229 949 3306 praetor
964 3217 1098 3285 Vibone

116 3326 159 3391 ad
181 3326 310 3408 fretum,
345 3325 497 3390 dimidiae
520 3325 565 3389 M.
589 3326 785 3410 Pomponius
819 3325 862 3390 ad
895 3324 1097 3409 Messanam,

115 3432 204 3516 prius
227 3428 356 3494 Cassius
379 3429 421 3494 ad
437 3429 622 3493 Messanam
643 3428 782 3493 navibus
797 3427 972 3511 advolavit,
996 3448 1100 3512 quem

94 3535 312 3619 2Pomponius
334 3532 375 3599 de
397 3535 465 3598 eius
495 3532 640 3598 adventu
673 3540 891 3620 cognosceret,
925 3531 1099 3620 perturba
