2376 3924
363 246 477 325 11111111
495 247 515 309 1,
535 245 612 299 car.
630 244 741 295 sr-as.
1003 244 1043 307 37

66 436 160 499 ltalia
194 435 237 499 ad
265 434 323 500 On.
347 436 537 521 Pompeium
570 434 872 521 proficiscebantur,
907 436 976 519 alii,
1011 448 1047 501 ut

66 542 227 625 principes
261 538 358 603 talem
387 540 535 603 nuntium
564 538 724 621 attulisse,
754 537 807 602 alii
829 560 870 603 ne
893 548 1046 603 eventum

67 643 141 707 belli
164 652 370 728 exspectasse
401 651 457 707 aut
485 665 528 707 ex
557 641 704 707 omnibus
734 644 897 707 novissimi
919 645 1046 707 venisse

67 748 266 811 viderentur.

152 850 203 916 54.
229 850 311 915 Cum
333 853 365 914 in
388 850 437 914 his
460 853 615 935 angustiis
631 873 683 916 100
699 860 793 934 esset,
816 861 913 935 atque
937 873 1047 916 01111100

67 957 139 1019 viae
163 954 205 1019 ab
228 955 416 1019 Afranianis
439 954 592 1019 militibus
615 953 841 1040 equitibusque
865 953 1047 1022 obsideren-

67 1070 135 1142 tur,
169 1082 230 1124 nec
260 1069 373 1145 pontes
401 1060 513 1145 perfici
546 1069 690 1144 possent,
725 1061 862 1144 imperat
895 1059 1047 1123 militibus

68 1162 198 1247 Caesar,
221 1174 258 1229 ut
280 1186 381 1228 naves
403 1164 539 1245 faciant,
569 1166 659 1228 cuius
681 1165 808 1248 generis
832 1186 906 1227 eum
929 1165 1048 1247 superi-

68 1266 175 1331 oribus
205 1271 297 1332 annis
325 1290 403 1332 usus
424 1268 612 1332 Britanniae
641 1268 804 1332 docuerat.
850 1267 986 1332 Carinae
1010 1287 1070 1331 001

69 1374 208 1455 primum
241 1381 402 1435 statumen
436 1371 518 1435 alvei
548 1374 683 1435 materia
718 1369 855 1454 fiebant3
891 1369 1049 1456 reliquum

69 1498 184 1560 corpus
216 1478 349 1540 navium
376 1474 550 1540 viminibus
581 1485 769 1540 contextum
803 1476 896 1538 coriis
929 1477 1049 1559 intege-

70 1577 175 1643 batur.
221 1580 291 1643 Has
326 1578 487 1664 perfectas
516 1580 616 1643 carris
649 1580 765 1642 iunctis
793 1577 923 1642 devehit
952 1589 1071 1642 noctu³

69 1683 155 1746 milia
178 1704 331 1768 passuum
354 1706 373 1747 a
396 1685 508 1748 castris
532 1701 608 1746 xxu
631 1682 810 1767 militesque
839 1682 888 1746 his
911 1682 1049 1746 navibus
1145 1759 1147 1762 Α

68 1789 189 1851 flumen
216 1798 414 1876 transportat
436 1790 717 1871 continentemque
746 1789 836 1872 ripae
859 1785 971 1850 collem
994 1787 1048 1849 im·

69 1895 197 1977 proviso
226 1903 371 1980 occupat.
416 1894 514 1958 Hunc
537 1890 697 1974 celeriter,
720 1893 908 1977 priusquam
931 1890 973 1954 ab
996 1889 1072 1954 ada

69 1998 220 2061 versariis
243 2000 409 2081 sentiatur,
434 1999 617 2061 communit.
660 1997 736 2060 Huc
758 1996 917 2082 legionem
939 2006 1050 2081 postea

68 2103 175 2165 traicit
203 2110 300 2186 atque
330 2125 373 2166 ex
395 2111 533 2185 utraque
556 2109 649 2187 parte
672 2109 803 2185 pontem
825 2101 976 2181 instituit,
1006 2097 1078 2168 lii-„-

70 2203 133 2267 duo
162 2203 297 2288 perficit.
342 2205 394 2269 Ita
417 2211 615 2290 commeatus
645 2212 677 2266 et
700 2205 755 2287 qui
777 2203 930 2267 frumenti
952 2219 1073 2265 causas

69 2315 294 2391 processerant
309 2315 378 2371 tuto
402 2306 445 2370 ad
467 2327 502 2370 se
523 2307 637 2390 recipit
660 2315 692 2369 01
714 2327 783 2369 10111
806 2305 1051 2369 frumentariam

68 2409 223 2493 expedire
244 2412 365 2497 incipit.

154 2512 205 2577 55.
229 2512 356 2579 Eodem
372 2514 424 2578 die
447 2516 592 2600 equitum
613 2536 766 2599 magnam
788 2522 914 2598 partem
929 2512 1050 2576 flumen

65 2617 203 2705 traiecit.
250 2618 315 2700 Qui
348 2619 551 2702 inopinantes
586 2616 792 2703 pabulatores
827 2625 859 2679 01
892 2617 960 2679 sine
988 2613 1052 2679 ullo

70 2718 241 2804 dissipatos
263 2722 377 2785 timore
400 2723 545 2806 aggressi
567 2742 723 2805 magnum
745 2740 917 2783 numerum
931 2721 1052 2783 iumen-

70 2832 178 2886 torum
200 2832 298 2908 atque
319 2824 485 2889 hominum
507 2826 715 2909 intercipiunt
738 2822 988 2908 cohortibusque
1004 2845 1075 2890 cer

70 2928 162 2990 tratis
192 2927 334 3005 subsidio
363 2931 467 2993 missis
496 2931 635 2992 scienter
663 2930 696 2992 in
724 2927 805 2992 duas
838 2937 947 3013 partes
982 2949 1053 2992 sese

74 3029 290 3115 distribuunt„
320 3031 373 3097 alii
399 3042 435 3098 ut
463 3031 606 3119 praedae
635 3030 795 3118 praesidio
825 3034 902 3115 sint,
937 3031 989 3094 alii
1018 3040 1055 3094 ut

76 3134 278 3200 venientibus
300 3137 453 3201 resistant
474 3145 573 3221 atque
595 3157 650 3199 eos
672 3134 861 3220 propellant,
890 3156 1075 3218 unamques

71 3238 245 3322 cohortem,
269 3261 353 3324 quae
375 3248 498 3304 temere
520 3248 596 3303 ante
613 3247 738 3303 ceteras
754 3247 849 3302 extra
865 3239 968 3301 aciem
983 3257 1053 3320 pro·

71 3353 234 3428 currerat,
264 3342 423 3408 seclusam
451 3342 493 3409 ab
522 3342 653 3429 reliquis
677 3344 934 3407 circumveniunt
957 3350 1053 3425 atque

72 3447 273 3514 interficiunt
293 3445 535 3534 incolumesque
558 3469 632 3512 cum
654 3469 773 3532 magna
795 3445 918 3531 praeda
941 3443 1055 3508 eodem

77 3558 178 3638 ponte
193 3546 234 3617 111
328 3559 600 3631 10101011011111.
