2376 3924
121 254 164 318 94
283 326 285 330 ¹
425 256 475 306 nn
494 256 615 308 annno
635 257 794 308 esnnrco

98 445 196 511 4Huc
219 466 324 510 naves
349 447 496 533 undique
513 471 555 513 ex
571 448 721 513 finitimis
738 447 932 533 regionibus
950 457 983 513 et
1000 471 1100 535 quam

120 551 291 635 superiore
324 560 457 616 aestate
491 551 536 618 ad
560 553 758 618 Veneticum
786 550 912 618 bellum
942 552 1098 618 effecerat

98 653 264 719 celassem
287 654 381 719 iubet
403 658 593 720 convenire.
620 656 761 721 Interim
784 656 926 720 consilio
951 658 1021 721 eius
1045 678 1099 721 co-

120 759 213 840 gnito
244 767 277 823 et
311 781 370 842 per
399 767 604 823 mercatores
634 757 765 844 perlato
796 758 841 823 ad
864 759 1049 825 Britannos
1079 783 1099 823 a

119 858 345 944 compluribus
370 862 501 927 insulae
524 860 721 927 civitatibus
746 862 791 927 ad
819 885 893 927 eum
915 862 1023 946 legati
1045 886 1099 929 ve-

119 964 227 1048 niunt,
251 967 306 1050 qui
327 963 551 1050 polliceantur
575 965 710 1030 obsides
732 965 812 1030 dare
835 975 937 1052 atque
960 968 1098 1052 imperio

99 1091 112 1131 c
120 1066 233 1153 populi
245 1067 388 1134 Romani
404 1069 644 1156 obtemperare.
669 1060 801 1151 Quibus
824 1069 950 1135 auditis
974 1069 1097 1135 libera·

119 1170 197 1237 liter
220 1171 391 1258 pollicitus
408 1172 638 1258 hortatusque,
661 1173 752 1236 utin
776 1194 815 1236 ea
833 1175 1002 1236 sententia
1025 1195 1098 1258 per-

119 1284 304 1359 manerent,
326 1298 382 1341 eos
401 1276 534 1342 domum
550 1277 693 1342 remittit
713 1284 745 1341 et
764 1297 839 1341 cum
857 1277 897 1340 iis
915 1296 983 1340 una
1002 1274 1097 1340 Com·

99 1380 230 1467 rmium,
254 1402 351 1465 quem
374 1382 446 1465 ipse
470 1379 693 1447 Atrebatibus
722 1381 889 1465 superatis
912 1400 1026 1463 regem
1051 1379 1098 1444 ibi

118 1485 353 1566 constituerat,
366 1485 461 1550 cuius
475 1493 509 1550 et
520 1487 681 1577 virtutem
693 1495 726 1550 et
741 1483 919 1549 consilium
930 1484 1097 1569 probabat

118 1597 152 1653 et
180 1610 276 1674 quem
301 1588 365 1653 sibi
395 1589 527 1655 fidelem
557 1613 631 1656 esse
660 1588 909 1671 arbitrabatur,
939 1590 1098 1674 cuiusque

118 1694 305 1757 auctoritas
318 1693 352 1757 in
365 1691 417 1757 his
430 1693 625 1777 regionibus
639 1693 754 1777 magni
767 1690 966 1776 habebatur,
982 1692 1096 1757 mittit.

95 1794 206 1860 sHuie
223 1797 376 1882 imperat,
400 1817 483 1881 quas
500 1798 618 1883 possit,
635 1797 738 1861 adeat
755 1797 913 1860 civitates
930 1795 1097 1860 hortetur·

118 1919 191 1983 que,
215 1907 251 1962 ut
274 1900 388 1986 populi
411 1901 565 1983 Romani,
579 1901 678 1966 fidem
703 1911 895 1987 sequantur,
920 1921 1030 1986 seque
1045 1922 1096 1963 ce·

96 2002 233 2067 cleriter
257 2025 295 2068 eo
318 2012 496 2069 venturum
516 2006 659 2069 nuntiet.
694 2004 886 2069 Volusenus
910 2004 1096 2089 perspectis

118 2107 312 2190 regionibus
330 2108 493 2191 omnibus,
518 2117 680 2193 quantum
697 2109 728 2173 ei
749 2108 925 2174 facultatis
949 2106 1023 2171 dari
1040 2128 1096 2191 po-

118 2212 192 2295 tuit,
216 2213 272 2296 qui
289 2213 369 2276 navi
386 2211 502 2296 egredi
518 2235 558 2278 ac
576 2236 611 2278 se
627 2211 785 2279 barbaris
805 2214 1014 2278 committere
1030 2233 1096 2275 non

117 2314 268 2398 auderet,
285 2316 401 2400 quinto
420 2314 473 2380 die
489 2315 534 2380 ad
547 2314 729 2382 Caesarem
745 2316 927 2381 revertitur
946 2336 1096 2402 quaeque

118 2416 164 2481 ibi
185 2419 424 2504 perspexisset,
447 2421 628 2486 renuntiat.

204 2521 255 2585 22.
279 2521 368 2586 Dum
398 2523 432 2587 in
456 2522 507 2588 his
534 2523 618 2588 locis
648 2522 776 2589 Caesar
803 2524 941 2588 navium
975 2545 1096 2608 paran-

119 2625 237 2690 darum
260 2647 364 2692 causa
380 2636 540 2709 moratur,
565 2651 607 2692 ex
630 2647 756 2711 magna
779 2636 875 2713 parte
891 2625 1097 2690 Morinorum

117 2729 259 2795 adeum
284 2731 389 2814 legati
412 2739 587 2813 venerunt,
612 2731 667 2815 qui
688 2728 784 2795 sede
808 2729 991 2813 superioris
1015 2739 1096 2796 tem-

116 2836 207 2918 poris
225 2833 366 2900 consilio
384 2841 596 2915 excusarent,
621 2832 711 2917 quod
734 2833 884 2897 homines
907 2831 1047 2898 barbari
1063 2844 1097 2898 et

116 2947 253 3002 nostrae
265 2936 520 3002 consuetudinis
529 2937 674 3022 imperiti
682 2934 807 3002 bellum
815 2934 937 3023 populo
945 2935 1095 3000 Romano

117 3041 287 3123 fecissent,
312 3062 413 3125 seque
430 3063 479 3122 ea,
497 3061 583 3126 quae
600 3040 809 3126 imperasset,
832 3039 982 3104 facturos
998 3036 1094 3124 polli-

95 3153 281 3209 tcerentur.
305 3144 379 3208 Hoc
396 3143 460 3208 sibi
479 3141 608 3209 Caesar
626 3146 709 3209 satis
727 3152 912 3230 opportune
928 3140 1096 3207 accidisse

117 3247 312 3329 arbitratus,
326 3247 413 3332 quod
426 3247 893 3333 nequeposttergumhostem
907 3244 1095 3329 relinquere

116 3351 253 3417 volebat
282 3374 389 3439 neque
419 3351 500 3417 belli
524 3353 664 3436 gerendi
691 3360 829 3438 propter
858 3352 937 3417 anni
965 3356 1094 3434 tempus

117 3454 314 3521 facultatem
342 3455 491 3521 habebat
520 3478 627 3542 neque
656 3455 718 3522 has
747 3454 956 3521 tantularum
983 3474 1095 3518 rerum

118 3561 355 3646 occupationes
383 3560 583 3625 Britanniae
617 3558 872 3646 anteponendas
906 3554 1095 3641 iudicabat,
