2376 3924
367 237 477 290 mens
493 237 516 301 1,
535 237 610 290 oar.
633 236 740 290 n-1s.
1002 237 1042 303 13

67 430 137 497 solo
162 452 212 513 ea,
239 453 324 517 quae
347 431 381 496 in
405 438 573 496 conventu
596 429 740 497 dixerat.
784 430 879 495 Dicit
900 430 1040 497 liberius

67 544 168 621 atque
193 533 365 603 audacius.
386 534 533 601 -Eadem
562 544 701 601 secreto.
719 534 762 601 ab
792 534 869 602 aliis
893 535 1040 621 quaerit3

64 640 189 724 reperit
213 660 288 703 esse
304 659 399 703 vera:
423 639 531 724 ipsum
547 661 621 704 esse
636 639 887 721 Dumnorigem,
911 659 1063 714 summai

64 742 221 825 audacia,
244 763 367 826 magna
391 742 481 828 apud
503 742 634 828 plebem
650 751 785 829 propter
800 741 1041 809 liberalitatem

65 847 190 929 gratia,
214 848 371 934 cupidum
393 870 502 913 rerum
525 867 696 912 novarum.
720 844 917 932 Complures
933 869 1040 913 annos

64 953 215 1035 portoria
254 951 448 1037 reliquaque
486 952 598 1017 omnia
628 949 822 1016 Aeduorum
855 951 1039 1035 vectigalia

64 1075 170 1139 parvo
192 1057 300 1141 pretio
324 1055 496 1141 redempta
521 1053 655 1138 babere,
678 1063 856 1140 propterea
876 1054 964 1140 quod
981 1055 1038 1121 illo

64 1157 188 1222 licente
216 1169 335 1224 contra
363 1158 457 1223 liceri
487 1157 611 1223 audeat
643 1178 750 1222 nemo.
795 1156 858 1223 His
880 1157 982 1223 rebus
1006 1168 1063 1229 ets

65 1282 161 1327 suam
184 1286 253 1328 rem
276 1262 478 1328 familiarem
501 1262 638 1326 auxisse
661 1271 693 1326 et
711 1259 894 1327 facultates
911 1262 955 1326 ad
971 1262 1038 1328 lar·

64 1363 223 1446 giendum
245 1387 388 1449 magnas
412 1386 643 1451 comparass03
681 1385 839 1448 magnum
866 1388 1061 1451 numerumn

64 1468 235 1552 equitatus
265 1491 324 1534 suo
354 1478 487 1555 sumptu
516 1490 646 1554 semper
676 1468 767 1534 alere
796 1477 830 1535 et
853 1470 979 1535 circum
1002 1492 1038 1536 se

63 1568 203 1654 habere,
237 1593 344 1659 neque
367 1571 474 1637 solum
498 1570 602 1654 domi,
639 1571 698 1637 sed
727 1573 829 1637 etiam
852 1572 943 1658 apud
965 1573 1061 1640 fini-e

52 1674 164 1756 ,timas
181 1675 339 1741 civitates
361 1674 502 1759 largiter
520 1697 620 1761 posse
636 1686 736 1761 atque
752 1676 849 1742 buius
866 1678 1038 1761 potentiae

62 1800 168 1844 eausa
191 1787 332 1845 matrem
362 1782 396 1845 in
419 1780 631 1863 Biturigibus
654 1780 782 1845 homini
804 1779 875 1870 illio
899 1780 1037 1846 nobilis·

62 1883 147 1948 simo
163 1905 203 1949 ac
219 1883 454 1969 potentissimo
471 1882 668 1965 collocasse,
683 1886 792 1970 ipsum
809 1907 852 1949 ex
868 1883 1059 1951 Helvetiisu

61 2007 200 2051 uxorem
229 1985 364 2069 habere,
394 2007 539 2052 sororem
567 2009 622 2052 ex¹
639 1997 746 2053 matre
776 1996 808 2053 et
832 1990 1036 2075 propinquas

61 2112 141 2156 suas
164 2100 303 2176 nuptum
326 2092 361 2156 in
384 2090 470 2156 alias
494 2092 652 2158 civitates
673 2090 869 2158 collocasse.
905 2092 1059 2159 Faveres

61 2202 95 2258 et
117 2215 239 2279 cupere
262 2192 427 2259 Helvetiis
443 2203 580 2280 propter
600 2217 674 2261 eam
690 2195 900 2278 affinitatem,
924 2195 1037 2262 odisse

61 2297 164 2363 etiam
198 2319 257 2363 suo
290 2299 425 2363 nomine
453 2294 634 2364 Caesarem
663 2308 695 2363 et
722 2298 906 2383 Romanos,
948 2300 1037 2386 quod

61 2421 175 2465 eorum
190 2399 339 2467 adventu
349 2403 502 2488 potentia
514 2403 585 2468 eius
600 2402 782 2486 deminuta,
798 2411 831 2468 et
843 2403 1036 2470 Divitiacus

59 2503 166 2569 frater
188 2505 223 2568 in
246 2505 420 2590 antiquum
441 2504 551 2571 locum
566 2507 699 2589 gratiae
715 2515 817 2592 atque
832 2507 968 2573 honoris
992 2508 1037 2573 sit

60 2608 247 2673 restitutus.
294 2605 330 2673 Si
354 2607 435 2694 quid
457 2609 593 2676 accidat
615 2611 784 2692 Romanis,
816 2633 978 2677 summam
1000 2613 1057 2678 ine

59 2733 152 2797 spem
166 2732 226 2796 per
241 2709 417 2777 Helvetios
433 2713 529 2796 regni
552 2712 726 2778 obtinendi
748 2715 879 2797 venire3
895 2717 1034 2800 imperio

58 2813 172 2902 populi
195 2813 337 2879 Romani
360 2836 427 2880 non
450 2815 548 2881 modo
574 2815 615 2881 de
638 2837 752 2900 regno,
782 2818 842 2884 sed
865 2820 967 2885 etiam
992 2819 1034 2885 de

58 2939 110 3000 ea,
122 2938 222 3003 quam
233 2917 368 3002 babeat,
382 2921 494 3001 gratia
507 2919 695 3007 desperare.
712 2922 912 3008 Reperiebat
931 2925 1068 2990 etiamn

57 3022 92 3087 in
117 3020 309 3106 quaerendo
332 3019 470 3104 Caesar,
501 3024 589 3109 quod
611 3024 775 3110 proelium
797 3037 952 3113 equestre
975 3028 1033 3094 ad·

57 3145 191 3190 versum
213 3125 330 3209 paucis
355 3133 434 3190 ante
463 3125 582 3192 diebus
607 3137 696 3194 esset
724 3130 866 3213 factum,
899 3131 1033 3197 initium

56 3229 128 3294 eius
157 3227 259 3312 fugae
286 3228 413 3294 factum
435 3252 456 3295 a
478 3229 687 3316 Dumnorige
715 3242 816 3320 atque
844 3235 914 3300 eius
942 3236 1032 3320 equi·

54 3332 147 3398 tibus
174 3334 266 3413 (nam
289 3334 464 3418 equitatui,
487 3356 585 3421 quem
607 3338 735 3403 auxilio
758 3335 898 3404 Caesari
921 3337 1032 3404 Aedui

54 3436 229 3521 miserant,
243 3434 432 3502 Dumnorix
448 3434 634 3523 praeeratl:
650 3463 765 3509 eorum
775 3442 857 3528 fuga
869 3441 1031 3529 reliquum

56 3559 131 3604 esse
155 3539 340 3626 equitatum
361 3543 587 3628 perterritum.
