2376 3924
381 233 492 285 ursas
509 233 556 298 vr,
575 232 653 285 oar.
672 235 780 285 rr-ar.
1007 235 1069 300 155

90 430 263 494 cruciatus
280 425 496 490 interficiunt.
519 425 655 490 Funera
672 434 750 490 sunt
766 448 826 511 pro
842 425 935 492 cultu
953 425 1091 493 Gallo-4

92 555 164 597 rum
186 530 368 614 magnifica
391 537 424 593 et
441 537 653 615 sumptuosa;
677 531 863 616 omniaque,
881 552 966 616 quae
980 533 1068 597 vivis

93 635 186 700 cordi
209 635 314 698 fuisse
338 632 557 713 arbitrantur,
581 632 752 715 inignem
781 633 938 718 inferunt,
968 637 1069 701 etiam

93 737 265 821 animalia,
288 759 329 802 ac
352 734 453 821 paulo
478 757 579 822 supra
602 735 690 800 hanc
714 738 908 802 memoriam
932 741 1020 803 servi
1038 751 1070 805 et

92 843 245 926 clientes,
268 861 352 926 quos
377 839 420 904 ab
443 840 486 905 iis
504 838 647 904 dilectos
665 862 741 904 esse
757 840 948 923 constabat,
972 844 1070 908 iustis

91 945 267 1011 funeribus
291 942 455 1008 confectis
478 964 547 1007 una
571 943 820 1008 cremabantur.

195 1047 247 1112 20.
265 1046 360 1128 Quae
372 1047 531 1112 civitates
545 1046 751 1112 commodius
767 1070 862 1114 suam
878 1072 947 1114 rem
963 1051 1071 1136 publi·

93 1175 168 1218 cam
208 1151 449 1217 administrare
486 1153 736 1235 existimantur,
774 1153 901 1218 habent
938 1155 1071 1239 legibus

94 1265 259 1340 sanctum,
291 1257 321 1321 si
351 1256 425 1342 quis
454 1254 537 1340 quid
567 1255 608 1320 de
637 1279 674 1321 re
703 1256 841 1342 publica
871 1281 891 1323 a
919 1258 1071 1325 finitimis

93 1382 227 1426 rumore
248 1368 308 1424 aut
324 1358 415 1426 fama
432 1361 612 1444 acceperit,
636 1362 685 1424 uti
702 1360 748 1425 ad
763 1363 1000 1446 magistratum
1018 1363 1072 1428 de·

93 1465 181 1530 ferat
204 1484 290 1529 neve
312 1485 388 1528 curn
411 1484 476 1549 quo
501 1462 569 1529 alio
593 1467 827 1548 communicet,
859 1465 948 1552 quod
972 1488 1094 1552 saepes

93 1568 244 1633 hominen
278 1569 475 1633 temerarios
511 1577 613 1654 atque
648 1569 820 1654 imperitos
844 1568 941 1634 falsis
965 1593 1073 1635 rumo-

95 1671 188 1737 ribus
212 1673 332 1736 torreri
356 1679 388 1736 et
411 1670 457 1735 ad
479 1670 611 1735 facinus
642 1670 768 1756 impelli
800 1680 832 1736 et
865 1672 905 1736 de
936 1677 1072 1739 summis

96 1775 195 1841 rebus
219 1775 395 1840 consilium
420 1796 542 1860 capere
566 1777 739 1858 cognitum
764 1784 825 1840 est.
849 1776 1095 1859 Magistratuse

97 1901 182 1965 quae
194 1880 268 1944 visa
285 1887 363 1943 sunt
383 1877 572 1961 occultant,
595 1900 746 1965 quaeque
763 1901 837 1943 esse
854 1902 896 1943 ex
911 1903 974 1945 usu
990 1880 1074 1945 iudi-

97 1990 271 2067 caverunt,
292 1980 504 2047 multitudini
527 1981 685 2067 produnt.
714 1982 767 2046 De
791 1981 986 2067 republica
1008 1985 1075 2048 nisi

96 2107 156 2171 per
178 2082 357 2151 concilium
373 2083 472 2170 ,loqui
494 2105 561 2149 non
586 2084 793 2150 conceditur.

200 2187 251 2252 21.
265 2185 425 2254 Germani
441 2187 581 2253 multum
593 2187 636 2252 ab
652 2188 974 2255 hacconsuetudine
988 2191 1076 2256 diffe-

97 2303 185 2358 runt.
208 2291 296 2358 Nam
313 2313 422 2378 neque
447 2290 584 2356 druides
601 2291 738 2375 habent,
762 2293 817 2377 qui
834 2292 934 2357 rebus
952 2293 1076 2359 divinis

98 2399 260 2484 praesint,
283 2417 393 2482 neque
409 2395 586 2460 sacrificiis
604 2395 753 2462 student.
776 2396 923 2462 Deorum
938 2418 1098 2462 numeror

99 2523 156 2567 eos
180 2499 270 2567 solos
296 2499 433 2582 ducunt,
468 2520 550 2584 quoe
574 2509 717 2565 cernunt
740 2508 773 2563 et
797 2521 936 2586 quorum
962 2510 1077 2585 aperte

99 2605 218 2691 opibus
254 2605 425 2683 iuvantur,
461 2601 573 2667 Solem
601 2610 634 2666 et
657 2601 847 2668 Vulcanum
878 2610 912 2667 et
935 2603 1077 2686 Lunam,

98 2708 244 2795 reliquos
267 2729 309 2772 ne
325 2707 416 2772 fama
432 2705 567 2792 quidem
582 2715 796 2791 acceperunt.
820 2707 902 2771 Vita
920 2710 1026 2772 omnis
1044 2709 1099 2773 ine

98 2810 336 2877 venationibus
353 2818 454 2897 atque
470 2811 504 2875 in
522 2809 644 2875 studiis
661 2812 709 2875 rei
730 2810 888 2875 militaris
905 2813 1079 2903 consistit3

99 2940 118 2980 a
141 2912 292 3001 parvulis
316 2912 426 2980 labori
449 2935 490 2978 ac
508 2912 654 2979 duritiae
678 2913 825 2979 student.
862 2914 927 2995 Qui
958 2915 1101 2981 diutia-4

100 3021 184 3084 sime
200 3016 389 3105 impuberes
405 3027 673 3104 permanserunt,
699 3019 881 3084 maximam
898 3021 985 3085 inter
1002 3044 1079 3086 suos

98 3124 210 3188 ferunt
233 3120 387 3187 laudem:
409 3121 473 3187 boc
495 3121 542 3186 ali
567 3130 744 3207 staturam,
769 3121 815 3187 ali
832 3125 921 3188 vires
941 3146 1079 3189 nervos-

98 3225 369 3313 quoconfirmari
384 3233 516 3311 putant.
540 3226 637 3291 Intra
654 3248 778 3291 annum
790 3248 870 3290 vero
883 3228 1100 3292 vicesimumo

99 3329 246 3396 feminae
261 3329 420 3395 notitiam
434 3327 597 3395 habuisse
613 3330 647 3393 in
663 3330 869 3415 turpissimis
885 3328 1013 3393 babent
1029 3353 1079 3394 re·

102 3432 182 3517 bns,
214 3433 312 3498 cuius
341 3433 391 3498 rei
418 3431 513 3497 nulla
538 3442 588 3498 est
613 3433 807 3517 occultatio,
838 3432 927 3519 quod
951 3442 982 3496 et
1006 3454 1079 3518 pro·
1178 3430 1184 3449 ¹

104 3536 233 3603 miscus
264 3536 301 3601 in
331 3533 523 3600 fluminibus
555 3534 752 3621 perluuntur
781 3544 814 3600 et
843 3534 987 3622 pellibus
1022 3545 1081 3601 aut
1160 3565 1162 3569 ’
