2376 3924
124 217 187 281 264
460 213 568 266 sunm
588 214 758 265 ursicini

111 413 225 468 terant
258 405 405 468 cohortes
439 414 597 488 armatae;
633 403 738 467 cidem
771 411 880 466 autom
913 402 1030 488 oppido
1065 403 1110 468 ad

132 506 286 571 dextrum
314 505 397 570 latus
420 508 488 571 eius
517 527 618 570 cornu
645 513 715 570 erat
748 507 939 591 oppositum,
972 505 1111 570 voreba-

131 618 258 694 turque,
281 632 332 692 ne,
356 612 383 673 si
406 619 665 695 praetergressus
688 618 782 692 esset,
806 631 848 672 ex
872 607 990 693 oppido
1013 631 1110 694 erup-

110 716 216 778 ttione
238 715 325 778 facta
348 714 389 778 ab
414 713 513 778 latere
541 735 616 778 eum
643 712 748 776 adorti
771 711 986 777 conciderent.
1010 714 1111 778 Prae-

129 826 220 881 terea
235 816 317 880 haec
332 838 460 901 quoque
472 838 548 880 eum
559 837 657 881 causa
669 814 821 898 tardavit,
838 815 925 899 quod
937 826 1007 880 erat
1018 815 1111 882 locus

130 920 264 1005 quidam
282 919 513 1005 perimpeditus
529 929 604 984 ante
620 921 723 982 aciem
739 919 906 1004 Scipionis,
930 941 1027 1004 quem
1043 923 1113 986 suis

129 1024 357 1109 impedimento
381 1022 424 1087 ad
445 1023 531 1087 ultra
553 1020 789 1087 occurrendum
804 1022 873 1085 fore
889 1023 1110 1088 existimabat.

214 1126 265 1192 59.
282 1129 312 1192 N
314 1150 355 1192 on
370 1126 510 1192 arbitror
522 1149 592 1192 esse
604 1125 937 1212 praetermittendum,
954 1129 1111 1210 quemad-

128 1230 260 1294 modum
283 1234 444 1296 excrcitus
466 1233 633 1316 utriusque
649 1230 769 1294 fuerint
783 1232 816 1293 in
832 1232 934 1294 aciem
948 1231 1110 1296 instructi.

107 1333 234 1419 asupio
257 1335 319 1400 hoc
340 1334 435 1399 modo
459 1336 561 1401 aciem
584 1333 712 1398 direxit.
737 1331 923 1398 Collocabat
944 1335 977 1396 in
1000 1334 1110 1399 fronte

128 1458 202 1503 suas
226 1448 258 1503 et
280 1439 381 1504 lubae
405 1438 555 1524 legiones,
590 1446 661 1524 post
684 1459 739 1500 cas
762 1445 871 1500 autem
892 1436 1052 1501 Numidas
1074 1440 1110 1502 in

128 1540 321 1606 subsidiaria
355 1542 424 1606 acic
456 1543 502 1605 ita
537 1548 728 1604 extenuatos
752 1547 784 1603 et
811 1540 844 1602 in
873 1537 1111 1622 longitudinem

129 1644 277 1729 directos,
311 1655 348 1710 ut
380 1644 492 1731 procul
527 1642 664 1728 simplex
698 1663 768 1706 esse
802 1643 888 1705 acies
920 1641 1029 1706 media
1064 1643 1109 1708 ab

127 1747 310 1833 legionariis
344 1748 497 1813 militibus
530 1746 697 1811 videretur
733 1742 777 1831 [in
811 1745 962 1811 cornibus
996 1755 1108 1811 autem

105 1852 250 1938 aduplex
274 1874 344 1917 esse
368 1846 636 1935 existimabaturl.
671 1848 869 1934 Elephantos
893 1849 1009 1914 dextro
1033 1853 1108 1915 sini-

128 1965 259 2040 stroque
282 1977 383 2021 cornu
405 1954 618 2018 collocaverat
633 1952 821 2039 aequalibus
842 1955 926 2018 iuter
941 1974 995 2018 eos
1010 1955 1109 2019 inter·

126 2057 218 2122 vallis
241 2060 426 2140 interiectis,
460 2066 533 2143 post
561 2065 670 2121 autem
703 2056 890 2142 elephantos
923 2066 1109 2122 armaturas

103 2155 214 2227 *leves
229 2162 453 2247 Numidasque
476 2161 649 2227 auxiliares
673 2160 892 2226 substituerat.
915 2161 1108 2244 Equitatum

123 2267 287 2333 fienatum
314 2269 499 2332 universum
514 2268 546 2330 in
564 2287 621 2330 suo
637 2265 754 2329 denuo
770 2286 871 2329 cornu
886 2263 1106 2350 disposuerat:

125 2373 289 2436 sinistrum
323 2374 409 2436 enim
441 2394 543 2436 cornu
580 2370 697 2456 oppido
731 2370 841 2435 Uzitta
879 2367 1104 2452 claudebatur,

103 2486 230 2561 ⁵neque
254 2477 486 2561 eratspatium
510 2476 672 2558 equitatus
695 2472 889 2559 explicandi.
928 2474 1107 2538 Praeterea

124 2579 283 2645 Numidas
306 2579 450 2664 levisque
474 2585 660 2642 armaturae
683 2576 843 2641 infinitam
864 2575 1106 2641 multitudinem

125 2684 167 2748 ad
190 2683 342 2747 dextram
363 2693 490 2768 partem
513 2703 590 2744 suae
613 2682 693 2744 aciei
717 2687 910 2765 opposuerat
924 2678 993 2744 fare
1008 2681 1106 2745 inter·

124 2790 206 2850 iecto
229 2810 294 2851 uon
323 2789 428 2849 minus
461 2783 546 2847 mille
580 2804 736 2868 passuum
770 2784 873 2867 spatio
897 2780 994 2847 etad
1017 2781 1106 2848 collis

14 2918 24 2953 ,·
124 2889 251 2952 radices
273 2890 376 2973 magis
392 2887 562 2973 appulerat
577 2886 767 2971 longiusque
783 2885 826 2950 ab
842 2885 1106 2952 adversariorum

125 2993 255 3074 suisque
279 2992 377 3075 copiis
400 2989 621 3075 promovebat,
655 2988 689 3053 id
711 2988 773 3053 hoc
795 2988 936 3072 consilio,
959 2998 1005 3073 ut,
1029 3012 1106 3055 oum

125 3096 210 3157 acies
234 3093 318 3158 duae
341 3095 424 3158 inter
446 3116 480 3157 se
504 3096 792 3175 concucurrissent,
816 3094 905 3158 initio
918 3096 1105 3161 certaminis

124 3197 219 3283 paulo
241 3197 367 3283 longius
390 3200 459 3262 eius
482 3202 643 3282 equitatus
666 3200 901 3263 circumvectus
923 3220 968 3263 ex
989 3199 1106 3285 impro-

122 3304 192 3367 viso
222 3301 388 3367 clauderet
420 3299 625 3366 multitudine
660 3324 718 3365 sua
752 3302 933 3366 exercitum
956 3298 1107 3367 Caesaris

123 3414 220 3490 atquc
244 3405 470 3491 perturbatum
491 3405 603 3471 iaculis
625 3404 811 3488 configeret.
836 3404 930 3471 Haec
944 3402 1006 3469 fuit
1020 3406 1106 3472 ratio

124 3509 281 3596 Scipionis
304 3531 342 3574 ao
365 3509 418 3575 die
440 3507 628 3596 proeliandi.
