2376 3924
267 227 316 277 AD
336 225 435 280 CAES.
453 225 556 276 BELL.
576 225 680 276 GALL.
700 224 760 286 VII,
780 223 888 275 73-75.
951 224 1067 274 XXXIII

194 432 217 467 c.
230 416 263 466 'lb
276 415 382 480 copiae,
398 430 467 479 quae
482 413 598 480 singulis
612 412 753 464 Gallorum
772 414 900 478 gentibus
918 415 1067 480 imperatae

86 505 152 570 sint,
169 504 212 553 his
231 502 288 554 iere
306 501 399 552 verbis
416 501 445 550 in
464 500 604 551 codicibus
627 504 832 550 enumerantur:
861 499 900 568 (2)
925 497 1068 566 Imperant

85 587 198 642 Aeduis
217 591 300 653 atque
318 600 412 638 eornm
432 583 588 651 clientibus,
608 581 777 652 Sepusiovis,
796 583 994 653 Anibivoretis,
1006 585 1067 639 Au-

86 673 171 728 lercis
189 670 426 733 Brannooicibus‚
446 668 630 737 Brannoviis,
648 668 728 722 milia
746 667 880 737 XXXV;
894 686 996 737 parem
1013 687 1067 726 riu-

85 777 195 814 merum
212 758 350 814 Arvernis
370 757 516 810 adiunctis
536 755 683 822 Eleutetis,
703 754 850 820 Cadurcis,
867 755 992 825 Gabalis,
1010 758 1067 812 Vel-

87 847 181 915 laviis,
208 845 258 914 qui
285 845 336 899 sub
366 844 483 912 imperio
510 843 704 896 Arvernorum
729 857 788 896 esse
815 849 1000 912 consuerunt,
1029 845 1069 912 (3)

87 933 237 1002 Sequanis,
258 931 422 994 Senonibus,
440 929 631 998 Bituripibns,
650 927 795 997 Santonis,
813 929 943 992 Rutenis,
958 930 1068 985 Oarnn-

89 1020 167 1074 tibus
187 1019 319 1073 duodena
338 1017 432 1084 nulia,-
450 1015 606 1070 Bellovacis
618 1014 663 1083 X,·
681 1015 797 1068 totidem
809 1014 1069 1086 Lemovicibns,·

87 1110 191 1159 octona
200 1102 366 1158 Pictonibus
376 1107 402 1154 et
414 1099 536 1154 Turonis
546 1104 572 1152 et
582 1099 706 1153 Parisiis
720 1104 747 1152 et
756 1100 908 1169 Helvetiis,·
927 1102 1068 1157 Senoni-

87 1192 131 1245 bn
139 1206 162 1259 s,
181 1188 340 1256 Ambianis,
353 1185 590 1253 Mediomatricis,
603 1186 783 1254 Petrocoriis,
797 1187 920 1256 Nerviis,
933 1189 1069 1259 Morinis,

88 1274 305 1344 Nitiobropibns
339 1273 427 1340 quirin
459 1272 554 1341 milia;
580 1271 710 1326 Aulercis
741 1272 906 1327 Cenomanis
940 1276 1070 1347 totidem,-

88 1360 276 1417 Atrebatvbus
290 1360 374 1428 ΠΠ,·
390 1358 564 1424 Veliocassis,
584 1358 752 1412 Lemoviis
771 1365 798 1412 et
815 1360 944 1415 Aulercis
956 1362 1070 1418 Eburo-

88 1449 198 1504 vicibus
226 1453 320 1513 terna3
347 1447 386 1514 (4)
410 1445 556 1500 Rauracis
580 1450 606 1498 et
623 1445 706 1498 Boiis
725 1481 732 1495 .
751 1487 756 1498 .
776 1464 783 1510 3
810 1445 902 1499 XXX
928 1450 1070 1504 universis

89 1535 263 1596 civitatibus,
282 1549 353 1601 quae
367 1531 506 1586 Oceanum
521 1531 668 1600 attinpmit
681 1547 804 1598 quaeque
816 1547 910 1585 eornm
922 1540 1037 1588 consuet
1059 1566 1070 1576 -

91 1622 158 1676 cline
170 1619 334 1675 Armoricae
352 1617 543 1687 appellantur,
555 1633 609 1686 qno
627 1622 695 1670 sunt
707 1616 739 1670 in
750 1633 865 1671 numero
879 1617 1069 1691 Coriosolites,

89 1708 228 1774 Redones,
247 1705 415 1772 Ambibarii,
442 1703 556 1772 Caletes,
582 1703 693 1767 Orienti,
718 1703 933 1771 Lemovices,
956 1707 1069 1762 Venelli.

88 1796 118 1846 in
142 1795 194 1846 hac
217 1794 420 1844 enumeratione
446 1797 539 1858 aperte
562 1796 705 1858 peccatum
730 1797 778 1854 est,
803 1797 831 1842 et
854 1793 925 1859 quod
948 1792 1070 1848 Senones

90 1884 212 1946 Itemque
225 1879 383 1933 Lemovices
394 1880 437 1931 bis
455 1883 707 1942 commemorantur,
720 1884 747 1929 et
759 1879 832 1945 qnod
844 1881 921 1930 deest
933 1883 1070 1947 copiarum

90 1982 229 2029 numerus,
248 1981 328 2031 quern
346 1965 466 2016 Rauraci
483 1969 511 2015 et
527 1963 590 2014 Boii
608 1963 673 2014 dare
691 1962 836 2014 debebant.
855 1979 943 2031 neque
961 1968 989 2016 id
1001 1970 1071 2019 veri-

90 2052 181 2104 simile
207 2052 316 2103 videtur
342 2053 371 2102 in
397 2051 449 2102 hoc
477 2052 612 2102 sociorum
639 2050 730 2102 indIce
757 2050 862 2101 nullam
884 2051 1004 2103 Andium
1026 2057 1071 2108 vel

90 2140 230 2190 Andorum
249 2140 414 2190 mentionem
433 2153 492 2188 esse
512 2137 617 2200 iactam,
637 2152 705 2203 quos
723 2138 795 2188 inter
812 2139 912 2203 primos
925 2139 1071 2207 Vercinge-

91 2225 176 2290 torigi
194 2240 223 2274 se
241 2224 398 2275 adiunxisse
417 2239 499 2289 supra
518 2239 540 2276 c.
554 2222 608 2285 4,6
626 2222 741 2274 relatum
762 2227 809 2275 est.
835 2232 998 2291 quapropter
1016 2228 1070 2278 iarn

90 2313 119 2363 in
132 2311 271 2376 superiore
285 2310 404 2360 editione
418 2310 570 2375 suspicatus
583 2325 651 2373 sum,
664 2309 779 2360 alterum
791 2308 861 2360 illud
874 2308 1071 2366 Senonibus

91 2415 125 2448 ex
138 2402 264 2463 corrupta
276 2397 394 2462 genuina
406 2395 539 2462 scriptura
550 2408 632 2447 sena
645 2394 807 2448 Andibus
821 2401 909 2447 ortum
921 2415 989 2451 esse.
1007 2401 1071 2452 inde

92 2485 175 2536 etiam
188 2487 270 2549 patet,
289 2498 337 2533 cur
350 2482 488 2547 copiarum
499 2481 631 2532 Rauracis
644 2486 672 2532 et
683 2482 758 2532 Boiis
773 2483 966 2549 imperatarum
978 2503 1071 2539 nume·

91 2586 138 2621 rus
151 2568 245 2618 deesse
258 2569 389 2619 videatur.
409 2584 469 2619 cum
483 2569 556 2619 enim
569 2568 652 2618 verba
669 2582 753 2620 sena
764 2567 927 2624 Andibus
945 2590 1073 2640 perversa

93 2659 186 2706 essent
208 2654 237 2703 in
260 2652 470 2721 Senonibus,
494 2654 553 2704 fieri
578 2655 659 2705 etiam
682 2671 793 2706 necesse
818 2662 883 2722 erat,
907 2664 937 2709 ut
958 2662 1072 2723 numeri,

93 2742 142 2808 qni
155 2740 311 2791 civitatibus
322 2744 432 2806 propter
443 2756 535 2806 parem
547 2739 709 2791 auxiliorum
719 2742 852 2792 rationem
862 2760 917 2794 una
925 2746 1072 2796 nominatis

92 2827 236 2893 praemissi
249 2831 347 2888 esseut,
366 2825 400 2876 ad
413 2826 617 2876 antecedentem
632 2828 753 2893 gentium
772 2844 881 2895 gregem
900 2832 1071 2896 referrentur,

92 2914 134 2963 ita
146 2918 177 2962 ut
189 2912 320 2963 Rauracis
334 2917 360 2962 et
371 2912 448 2962 Boiis
467 2913 613 2964 novissimo
631 2913 692 2964 Ioco
711 2917 927 2968 commemoratis
945 2935 1072 2970 uumerus

92 2998 289 3050 detraheretur.
309 2997 380 3064 quod
397 3013 463 3048 vero
479 2996 681 3052 Lemovices
699 2999 742 3050 bis
759 3002 891 3053 nominati
910 3009 979 3070 sunt,
997 3021 1072 3056 mero

92 3086 267 3136 librariorum
286 3084 370 3134 errori
388 3082 561 3135 tribuendum
580 3090 628 3147 est,
648 3087 694 3150 qui
712 3083 870 3140 Lemovices
889 3093 916 3140 et
934 3089 1072 3144 Lemovios

93 3171 281 3223 confuderunt.
301 3170 370 3221 falso
390 3170 461 3220 enim
481 3172 506 3232 ξ.
524 3170 541 3218 4
559 3169 725 3238 Lemovices,
748 3173 931 3225 Arvernorum
954 3175 1072 3240 finitimi,

92 3261 164 3308 inter
187 3257 341 3308 Armoricae
369 3261 465 3324 gentes
493 3262 745 3323 commemorantur,
772 3261 932 3312 omittuntur
957 3279 1021 3313 vero
1044 3263 1072 3312 in

92 3345 189 3396 harum
216 3345 339 3410 gentium
365 3345 569 3395 enumeratione
593 3343 720 3413 Lemovii,
748 3362 822 3397 oram
849 3349 1012 3399 maritimam
1038 3348 1073 3398 ad

93 3433 192 3484 ostium
207 3432 349 3498 Sequanae
361 3432 520 3486 incolentes.
539 3433 632 3498 itaque
644 3435 668 3495 ξ.
681 3432 699 3481 4
711 3448 760 3498 pro
774 3433 950 3484 Lemovicum
962 3435 1073 3487 nomine

93 3524 168 3569 certe
185 3518 365 3569 Lexoviorum
384 3517 556 3571 scribendum
575 3523 625 3571 est.
644 3535 695 3571 nec
707 3523 799 3571 tamen
817 3535 878 3570 curn
898 3521 932 3571 iis
950 3519 1073 3584 fecerim,

147 3629 232 3671 Caesar.
247 3629 264 3671 1.
911 3639 929 3673 a
