2376 3924
380 206 489 260 omno
507 207 557 269 111,
577 207 653 257 cue.
675 207 783 257 ro-ra.
1033 206 1073 270 73

95 419 197 483 seque
210 418 285 462 curn
292 396 489 462 Viridovice
502 388 765 480 coniunxerunt3
777 417 967 482 magnaque
978 417 1097 481 prae-4

95 512 190 567 terea
213 499 394 565 multitudo
418 499 566 586 undique
589 521 632 563 ex
649 498 763 564 Gallia
786 498 993 584 perditorum
1017 497 1074 562 ho-

95 605 222 669 minum
234 603 467 689 latronumque
475 610 689 684 convenerat,
703 624 785 688 quos
800 624 874 688 spes
887 601 1074 687 praedandi

96 707 312 793 studiumque
339 705 492 771 bellandi
522 705 565 770 ab
594 705 805 788 agricultura
835 714 867 769 et
902 704 1075 769 cotidiano

95 809 215 875 labore
238 808 434 876 revocabat.
480 807 627 875 Sabinus
652 808 773 873 idoneo
798 806 952 872 omnibus
976 807 1098 876 rebuss

96 913 171 979 loco
201 914 324 978 castris
356 935 429 978 sese
459 912 615 995 tenebat,
644 934 719 976 cum
747 910 928 976 Viridovix
957 920 1076 976 contra

97 1041 173 1083 eum
210 1016 311 1082 duum
345 1017 473 1083 milium
509 1017 618 1102 spatio
647 1015 857 1080 consedisset
886 1015 1077 1100 cotidieque

95 1120 272 1207 productis
285 1122 391 1208 copiis
404 1120 579 1207 pugnandi
591 1130 794 1205 potestatem
806 1121 945 1201 faceret,
961 1120 1077 1184 utiam

96 1222 774 1308 uonsolumhostibusincontemptionem
783 1221 1076 1300 Sabinusveniret,

98 1328 159 1394 sed
178 1329 282 1395 etiam
303 1337 495 1393 nostrorum
518 1327 662 1393 militurn
678 1327 818 1393 vocibus
834 1329 987 1395 nonnihil
1004 1351 1076 1396 car·

96 1442 250 1518 peretur3
274 1441 472 1517 tantamque
496 1433 687 1517 opinionem
705 1434 834 1497 timoris
850 1433 1016 1519 praebuit,
1041 1443 1100 1499 uto

97 1541 166 1603 iam
183 1537 228 1602 ad
244 1536 369 1602 vallum
386 1545 576 1601 castrorum
591 1535 706 1601 hostes
723 1536 885 1602 accedere
902 1537 1077 1603 auderent.

95 1641 139 1706 Id
155 1664 195 1706 ca
209 1639 250 1705 de
263 1662 367 1705 causa
383 1639 542 1722 faciebat,
560 1638 649 1724 quod
664 1662 739 1705 oum
751 1649 849 1705 tanta
863 1640 1098 1706 multitudines

97 1745 245 1810 hostium
261 1745 460 1829 praesertim
477 1765 514 1809 eo
532 1743 683 1828 absente,
700 1745 756 1830 qui
769 1768 931 1810 summam
947 1747 1078 1830 imperii

97 1859 240 1930 teneret,
253 1849 318 1914 nisi
331 1869 436 1934 aequo
450 1847 525 1913 loco
537 1857 597 1914 aut
610 1852 862 1934 opportunitate
875 1850 988 1936 aliqua
997 1851 1078 1915 data

96 1953 215 2035 legato
239 1951 465 2017 dimicandum
488 1972 555 2016 non
579 1952 810 2017 existimabat.

189 2053 239 2118 18.
268 2055 343 2120 Hac
367 2056 566 2121 confirmata
591 2057 747 2141 opinione
769 2058 899 2122 timoris
923 2057 1079 2123 idoneum

99 2159 269 2248 quendam
285 2160 452 2225 hominem
476 2169 509 2224 et
533 2159 696 2226 callidum
713 2160 850 2245 delegit,
867 2160 1013 2246 Gallum,
1037 2186 1080 2227 ex

98 2266 155 2347 iis,
173 2284 255 2348 quos
272 2263 391 2328 auxilii
409 2285 514 2330 causa
531 2286 643 2328 secum
659 2263 818 2330 habebat.
841 2264 930 2331 Huic
947 2268 1101 2351 magnis2

99 2367 636 2454 praemiispollicitationibusque
647 2368 839 2453 persuadet,
850 2371 899 2433 uti
913 2369 1079 2434 adhostes

100 2481 267 2555 transeat,
291 2481 334 2554 et,
358 2471 440 2557 quid
462 2472 535 2536 fieri
558 2471 651 2555 velit,
677 2472 804 2537 edocet.
851 2472 915 2554 Qui
938 2474 996 2538 ubi
1020 2492 1101 2559 prot

100 2575 243 2663 perfuga
256 2574 301 2639 ad
313 2597 370 2640 eos
383 2576 487 2659 venit,
504 2575 658 2640 timorem
671 2576 896 2641 Romanorum
908 2579 1080 2662 proponit3

102 2677 224 2764 quibus
248 2679 416 2762 angustiis
446 2680 518 2764 ipse
541 2676 669 2744 Caesar
692 2702 713 2744 a
735 2680 875 2744 Venetis
900 2691 1081 2766 prematur,

102 2781 219 2866 docet,
247 2804 355 2868 neque
378 2782 512 2866 longius
536 2782 673 2866 abesse,
702 2786 781 2870 quin
805 2787 959 2869 proxima
982 2793 1102 2849 noctes

102 2885 250 2952 Sabinus
267 2885 355 2951 olam
369 2908 412 2951 ex
422 2889 547 2952 castris
561 2889 745 2953 exercitum
759 2888 883 2954 educat
896 2889 985 2954 etad
998 2887 1081 2952 Cae-

103 3012 214 3055 sarem
231 2989 350 3055 auxilii
366 2989 496 3055 ferendi
513 3011 618 3056 causa
632 2991 879 3076 proficiscatur.
909 2991 1008 3073 Quod
1023 2991 1104 3056 ubit

102 3093 255 3160 auditum
273 3101 333 3176 est,
350 3093 565 3159 conclamant
585 3116 709 3178 omnes,
727 3097 938 3160 occasionem
954 3097 1082 3179 negotii

102 3195 190 3262 bene
213 3197 352 3280 gerendi
376 3197 598 3263 amittendam
620 3220 687 3262 non
712 3219 801 3264 esse:
835 3199 879 3263 ad
903 3208 1017 3263 castra
1041 3199 1082 3262 iri

103 3309 268 3387 oportere.
302 3299 432 3366 Multae
455 3323 508 3365 res
532 3300 578 3365 ad
600 3300 662 3365 hoc
679 3300 856 3366 consilium
873 3299 991 3365 Gallos
1007 3301 1102 3364 hor-o

102 3403 283 3472 tabantur:
306 3404 514 3490 superiorum
531 3403 659 3469 dierum
676 3402 793 3469 Sabini
811 3405 993 3486 cunctatio,
1009 3424 1082 3488 per-

101 3509 207 3594 fugae
223 3508 446 3593 confirmatio,
461 3509 575 3594 inopia
592 3507 806 3591 cibariorum,
829 3511 884 3574 cui
900 3510 949 3573 rei
965 3529 1083 3593 parum
