2376 3924
160 220 224 285 224
465 219 515 270 un
533 218 655 270 annno
674 217 832 271 caturco

264 408 315 472 82.
339 408 428 473 Dum
451 407 586 493 longius
610 407 654 474 ab
669 409 855 474 munitione
871 407 1016 475 aberant
1033 407 1134 494 Galli,

160 513 235 598 plus
258 511 474 579 multitudine
495 511 638 578 telorum
660 511 899 598 proficiebant3
914 522 1135 599 posteaquam

160 618 296 703 propius
313 625 560 698 successerunt,
573 625 632 681 aut
649 639 684 681 se
702 615 845 681 stimulis
859 617 1075 702 inopinantes
1088 619 1135 682 iu·

162 719 311 786 duebant
333 730 393 786 aut
415 722 449 785 in
473 719 609 786 scrobes
627 719 732 785 delati
747 719 1063 786 transfodiebantur
1078 730 1136 787 aut

162 848 205 890 ex
227 824 318 889 vallo
342 846 382 890 ac
406 821 557 888 turribus
573 825 709 889 traiecti
725 822 802 910 pilis
818 823 1004 890 muralibus
1021 824 1136 893 interi·

140 928 254 993 tbant.
278 926 394 992 Multis
410 926 559 1012 undique
574 925 770 992 vulneribus
792 927 941 1012 acceptis
956 926 1053 993 nulla
1068 950 1136 994 mu·

161 1033 289 1096 uitione
312 1038 482 1116 perrupta,
506 1053 581 1096 cum
604 1029 664 1095 lux
688 1038 870 1116 appeteret,
893 1031 1005 1113 veriti,
1034 1053 1078 1096 ne
1094 1030 1135 1097 ab

161 1136 268 1201 latere
292 1144 408 1219 aperto
433 1157 475 1200 ex
499 1134 726 1222 superioribus
742 1137 864 1202 castris
881 1136 1058 1221 eruptione
1073 1137 1136 1201 cir·

140 1240 443 1322 ³cumvenirentur,
461 1261 497 1304 se
513 1239 558 1304 ad
575 1260 652 1304 suos
664 1249 872 1326 receperunt.
888 1238 935 1305 At
947 1240 1136 1323 interiores,

163 1344 241 1409 dum
258 1365 308 1427 ea,
326 1365 412 1429 quae
428 1365 449 1407 a
465 1343 747 1426 Vercingetorige
762 1341 808 1408 ad
821 1344 1029 1429 eruptionem
1040 1365 1135 1428 prae·

139 1456 283 1532 sparata
325 1454 432 1530 erant,
472 1444 655 1532 proferunt,
690 1447 817 1532 priores
849 1446 959 1511 fossas
989 1445 1136 1533 explent,

162 1551 290 1617 diutius
314 1553 348 1616 iu
372 1550 423 1615 his
455 1548 555 1614 rebus
583 1547 863 1615 administrandis
893 1551 1015 1615 morati
1043 1552 1136 1636 prius

162 1677 239 1721 suos
265 1653 467 1720 discessisse
495 1661 736 1736 cognoverunt,
766 1674 865 1738 quam
894 1653 1136 1720 munitionibus

161 1760 479 1845 appropinquarent.
502 1758 557 1823 Ita
579 1780 616 1822 re
639 1757 765 1823 infecta
788 1759 823 1822 in
846 1757 1004 1843 oppidum
1026 1779 1137 1824 rever·

160 1871 284 1928 terunt.

265 1964 315 2030 83.
339 1965 398 2028 Bis
421 1985 545 2049 magno
568 1987 644 2030 oum
668 1964 868 2032 detrimento
891 1965 1018 2052 repulsi
1033 1964 1137 2049 Galli,

162 2069 242 2155 quid
266 2077 382 2153 agant,
402 2068 601 2153 consulunt3
629 2068 778 2135 locorum
801 2071 928 2156 peritos
958 2069 1139 2153 adhibent3

163 2197 205 2239 ex
227 2173 280 2238 his
305 2175 511 2258 superiorum
540 2186 727 2239 castrorum
756 2175 840 2239 situs
868 2173 1138 2262 munitionesque

140 2287 382 2362 zcognoscunt.
417 2278 503 2343 Erat
538 2301 558 2344 a
589 2276 875 2362 septentrionibus
903 2277 1012 2362 collis,
1040 2299 1139 2364 quem

162 2391 299 2468 propter
321 2381 589 2465 magnitudinem
605 2382 768 2446 circuitus
792 2402 891 2465 opere
907 2381 1138 2467 circumplecti

162 2508 229 2551 non
252 2495 431 2572 potuerant
454 2487 578 2569 nostri3
600 2485 792 2551 necessario
808 2506 915 2569 paene
932 2486 1046 2572 iniquo
1063 2486 1138 2553 loco

142 2598 198 2654 ³et
220 2587 343 2653 leniter
366 2587 489 2653 declivi
512 2599 626 2655 castra
647 2587 808 2653 fecerant.
832 2588 927 2654 Haec
945 2587 1052 2654 Gaius
1068 2589 1137 2657 An-

163 2694 277 2757 tistius
299 2692 449 2776 Reginus
478 2700 511 2758 et
536 2690 643 2758 Gaius
672 2690 835 2758 Caninius
865 2691 1003 2759 Rebilus
1032 2691 1139 2780 legati

141 2805 238 2861 4cum
255 2796 385 2861 duabus
402 2795 592 2880 legionibus
609 2795 819 2862 obtinebant.
837 2796 989 2883 Cognitis
1005 2819 1066 2884 per
1082 2821 1138 2866 ex·

162 2899 350 2984 ploratores
387 2899 581 2983 regionibus
607 2900 709 2965 duces
733 2901 879 2967 hostium
902 2918 948 2964 nx
970 2901 1066 2969 milia
1097 2927 1140 2970 ex

164 3005 253 3068 omni
269 3025 405 3069 numero
423 3002 578 3087 deligunt
594 3027 708 3070 earum
724 3005 913 3090 civitatum,
930 3026 1016 3092 quae
1031 3008 1140 3073 maxi·

142 3128 251 3172 amam
279 3108 415 3173 virtutis
445 3108 635 3193 opinionem
670 3108 861 3194 habebant3
895 3110 975 3196 quid
1009 3132 1141 3197 quoque
1175 3166 1177 3171 ,

163 3219 262 3298 pacto
297 3212 354 3293 agi
388 3210 533 3296 placeat,
568 3211 698 3277 occulte
733 3214 821 3279 inter
854 3235 890 3279 se
913 3216 1141 3300 constituunt3

166 3314 314 3381 adeundi
336 3324 466 3401 tempus
491 3314 664 3399 definiunt,
696 3338 771 3382 eum
798 3316 956 3382 meridies
986 3340 1062 3385 esse
1089 3320 1139 3386 vi·

143 3419 296 3485 edeatur.
326 3419 389 3484 His
418 3420 525 3505 copiis
553 3418 909 3487 Vercassivellaunum
938 3420 1140 3510 Arvernum,

164 3545 265 3588 unum
289 3547 331 3589 ex
354 3532 513 3611 quattuor
535 3521 688 3607 ducibus,
710 3525 932 3611 propinquum
953 3526 1139 3614 Vercinge-
