2376 3924
381 264 492 314 arnna
509 264 560 328 111,
579 264 657 315 oar.
670 265 780 315 ss-sa
1005 265 1066 329 149

93 474 186 537 posse
208 451 398 537 Pompeium
431 455 620 519 existimans
653 453 738 518 hanc
766 452 827 518 sibi
855 454 1068 519 commodissi-

93 577 181 618 mam
203 554 277 619 belli
299 558 458 620 rationem
478 557 643 642 iudicavit,
675 559 722 622 uti
745 567 852 622 castra
874 581 917 622 ex
939 581 976 622 eo
999 557 1068 623 loco

93 669 240 723 moveret
255 682 447 746 semperque
462 670 547 726 esset
562 664 595 725 in
609 660 787 744 itineribus,
811 660 893 726 haec
909 671 1068 746 spectans,

97 773 130 826 nt
151 763 319 828 movendis
342 766 455 828 castris
478 763 689 850 pluribusque
712 764 869 830 adeundis
888 765 965 830 locis
988 788 1069 829 com·

94 866 238 931 modiore
260 889 295 931 re
317 868 529 933 frumentaria
551 878 706 953 uteretur,
729 870 887 954 simulque
909 871 943 934 in
957 871 1070 933 itinere

95 980 132 1034 ut
154 970 295 1055 aliquam
329 975 529 1037 occasionem
563 972 738 1038 dimicandi
771 976 1012 1038 nancisceretur
1040 983 1072 1036 et

96 1075 258 1139 insolitum
285 1075 328 1139 ad
356 1075 501 1140 laborem
523 1076 657 1162 Pompei
691 1080 870 1141 exercitum
903 1075 1071 1140 cotidianis

96 1178 263 1242 itineribus
297 1178 500 1264 defatigaret.
534 1180 595 1243 His
627 1183 806 1245 constitutis
838 1180 946 1261 rebus,
981 1183 1092 1264 signo³

96 1285 161 1347 iam
188 1284 394 1368 profectionis
422 1283 498 1349 dato
527 1283 809 1369 tabernaculisque
838 1284 978 1349 detensis
1008 1286 1073 1347 ani-

96 1387 306 1451 madversum
329 1396 378 1450 est
400 1386 593 1472 panloante
616 1397 710 1452 extra
733 1388 928 1453 cotidianam
944 1409 1073 1451 consuc-

97 1491 243 1554 tudinem
265 1489 391 1576 longius
413 1513 433 1554 a
455 1489 538 1554 vallo
562 1512 632 1555 esse
655 1493 757 1554 aciem
771 1491 906 1578 Pompei
928 1512 1074 1576 progres-

99 1615 178 1675 sam,
202 1603 327 1657 utnon
353 1595 463 1678 iniquo
495 1592 565 1658 loco
600 1617 693 1680 posse
727 1595 874 1660 dimicari
896 1594 1074 1660 videretur.
1114 1671 1133 1682 Ι,

99 1698 192 1760 Tunc
215 1694 336 1761 Caesar
365 1697 453 1782 apud
481 1719 565 1781 suos,
595 1720 669 1763 cum
697 1701 761 1763 iam
790 1708 875 1763 esset
903 1722 1020 1784 agmen
1041 1703 1096 1762 int

99 1804 209 1886 portis,
239 1797 469 1866 ‘differendum
492 1801 549 1865 est’
582 1803 696 1888 inquit,
726 1799 801 1868 ‘iter
830 1806 864 1868 in
891 1805 1076 1889 praesentia

99 1906 192 1971 nobis
215 1904 310 1970 etde
332 1903 452 1990 proelio
476 1904 693 1989 cogitandum,
728 1908 810 1971 sicut
831 1928 959 1992 semper
982 1903 1076 1992 depo-

100 2011 275 2094 poscimus3
299 2012 405 2074 animo
429 2011 527 2074 simus
550 2009 593 2074 ad
616 2010 836 2077 dimicandum
858 2014 979 2098 parati:
1012 2034 1077 2075 non

100 2112 193 2177 facile
216 2116 418 2178 occasionem
440 2123 552 2199 postea
573 2115 798 2200 reperiemus’3
845 2116 1077 2199 confestimque

101 2218 269 2304 expeditas
292 2220 400 2304 copias
423 2217 540 2283 educit.

189 2322 238 2386 86.
262 2322 435 2408 Pompeius
458 2344 596 2409 quoque,
628 2332 665 2387 ut
693 2333 805 2409 postea
833 2325 997 2408 cognitum
1020 2330 1078 2403 est,

103 2448 234 2492 suorum
257 2429 399 2490 omnium
426 2425 556 2491 hortatu
578 2435 735 2490 statuerat
757 2427 876 2512 proelio
901 2425 1081 2490 decertare.

103 2533 252 2615 Namque
275 2533 373 2595 etiam
394 2531 428 2594 in
451 2528 580 2594 consilio
610 2528 827 2615 superioribus
856 2528 970 2593 diebus
993 2527 1081 2591 dixe-

104 2643 165 2716 rat,
188 2636 379 2720 priusqnam
413 2643 646 2699 concurrerent
679 2635 775 2715 acies,
809 2633 878 2697 fore
911 2634 958 2697 uti
991 2653 1080 2695 exer-

106 2741 188 2802 citus
212 2738 361 2804 Caesaris
394 2737 576 2825 pelleretur.
621 2736 661 2800 Id
695 2757 769 2800 cum
802 2745 910 2800 essent
936 2735 1102 2821 pleriquea

106 2842 267 2926 admirati,
286 2839 366 2907 ‘scio
388 2842 462 2925 me',
490 2843 604 2928 inquit,
628 2837 746 2927 ‘paene
767 2838 991 2904 incredibilem
1012 2861 1083 2903 rem

108 2945 263 3030 polliceri;
302 2946 359 3010 sed
391 2947 552 3011 rationem
585 2943 706 3009 consilii
738 2946 815 3037 mei·
839 2945 984 3030 accipite,
1019 2965 1082 3028 quo

106 3051 247 3113 firmiore
270 3052 376 3114 animo
398 3053 432 3113 in
457 3048 615 3135 proelium
636 3048 808 3134 prodeatis.
831 3048 983 3113 Persuasi
998 3049 1104 3131 equi-a

107 3153 194 3216 tibus
217 3156 334 3218 nostris
372 3151 484 3239 (idque
512 3152 591 3217 mihi
618 3151 760 3218 facturos
783 3147 1083 3235 confirmaverunt),

108 3266 154 3340 ut,
188 3279 263 3322 cum
295 3259 427 3343 propius
460 3257 503 3321 sit
534 3277 711 3343 aceessum,
749 3255 902 3321 dextrum
936 3253 1084 3319 Caesaris

109 3383 210 3425 cornu
242 3359 284 3425 ab
319 3359 420 3446 latera
454 3369 567 3447 aperto
599 3358 858 3448 aggrederentur
885 3367 920 3422 et
952 3359 1085 3422 circum·

109 3474 208 3530 venta
230 3464 273 3532 ab
295 3475 388 3553 tergo
420 3465 491 3530 acie
521 3465 614 3553 prins
644 3461 873 3551 perturbatum
905 3461 1085 3526 exercitum

109 3567 276 3655 pellerent,
321 3588 421 3655 quam
455 3589 477 3636 a
512 3564 606 3649 nobis
641 3564 739 3633 telum
945 3586 982 3627 'u
1004 3565 1095 3647 ’ω-
