2376 3924
144 237 206 300 236
482 234 591 284 saum
609 233 780 284 AFthA'm

143 425 278 510 repulsis
302 425 602 509 convulneratisque
626 423 668 486 ad
684 444 742 486 sua
758 420 919 508 praesidia
933 442 1016 504 sese,
1041 423 1131 486 sicut

144 538 214 593 erat
236 530 420 610 instructus,
444 528 589 613 recipere
612 527 725 612 coepit.

249 633 297 696 18.
321 634 456 697 Interim
478 632 523 697 M.
547 631 694 695 Petreius
717 638 749 692 et
765 626 822 692 On.
839 628 913 692 Piso
937 649 1013 691 cum
1037 631 1130 713 equi·

145 736 230 801 tibus
253 735 402 800 Numidis
424 751 497 798 unc
525 733 634 797 electis
662 728 872 817 peditatuque
901 729 1049 794 eiusdem
1072 753 1129 816 ge-

144 841 230 902 neris
253 840 330 902 satis
353 837 469 922 grandi
492 858 534 900 ex
557 837 670 900 itinere
698 843 788 898 recta
817 833 958 898 subsidio
982 835 1052 897 suis
1076 856 1129 899 oc·

123 950 287 1005 2currunt.
312 940 421 1024 Atque
449 940 557 1004 hostes
586 940 651 1002 suis
674 947 862 1002 exterrere
893 937 1033 1002 firmatis
1055 960 1129 1002 rur-

144 1067 263 1130 susque
286 1047 449 1109 renovatis
472 1047 586 1108 animis
608 1044 800 1127 legionarios
823 1043 986 1106 conversis
1010 1043 1130 1126 equiti-

144 1150 205 1213 bus
229 1151 418 1234 rccipientes
452 1150 641 1212 novissimos
675 1147 795 1211 adoriri
818 1155 850 1210 et
872 1145 1030 1231 impedire
1053 1167 1128 1210 coe·

122 1263 271 1338 sperant,
296 1275 358 1337 quo
381 1254 487 1316 minus
509 1254 542 1315 in
566 1260 673 1316 castra
696 1273 730 1314 se
753 1252 943 1336 reciperent.
989 1249 1066 1313 Hac
1090 1270 1128 1312 re

145 1358 372 1421 animadversa
395 1355 515 1420 Caesar
545 1354 635 1419 iubet
662 1357 754 1439 signa
784 1354 928 1418 converti
951 1361 984 1416 et
1015 1352 1129 1417 medio

123 1478 258 1548 scampo
274 1463 487 1546 redintegrari
503 1459 669 1546 proelium.
691 1458 774 1524 Cum
790 1458 831 1523 ab
847 1456 992 1522 hostibus
1007 1457 1130 1523 eodem

144 1566 240 1631 modo
264 1576 464 1652 pugnaretur
486 1589 546 1630 ncc
569 1566 747 1630 comminus
763 1563 805 1628 ad
820 1585 934 1628 manus
949 1563 1127 1646 rediretur,

145 1669 358 1755 Caesarisque
382 1672 506 1755 equites
529 1671 672 1733 iumenta
695 1692 736 1732 ex
759 1689 880 1732 nausea
902 1669 1035 1750 recenti,
1060 1670 1128 1752 siti,

145 1774 310 1858 languore,
345 1775 518 1858 paucitate,
552 1772 740 1837 vulneribus
774 1771 951 1856 defatigata
974 1770 1017 1834 ad
1041 1772 1128 1836 inse-

146 1876 311 1960 quendum
333 1877 458 1940 hostem
474 1876 815 1961 perseverandumque
831 1897 961 1939 cursum
976 1874 1128 1941 tardiora

145 1978 316 2061 haberent,
352 1979 478 2063 dieique
512 2001 587 2064 pars
621 1983 740 2064 exigua
774 1983 837 2044 iam
867 1979 991 2064 reliqua
1025 1989 1127 2063 esset,

146 2082 330 2146 cohortibus
353 2082 513 2167 equitibus
537 2083 743 2148 circumdatis
766 2084 960 2167 cohortatur,
997 2093 1036 2149 ut
1058 2106 1128 2151 uno

146 2190 212 2251 ictu
245 2187 479 2252 contenderent
511 2210 617 2273 neque
651 2190 862 2272 remitterent,
901 2188 1004 2253 donec
1037 2188 1128 2255 ultra

146 2290 273 2356 ultimos
297 2292 392 2357 colles
415 2292 522 2357 hostes
544 2292 759 2378 reppulissent
774 2301 872 2376 atque
888 2314 998 2356 eorum
1015 2304 1129 2361 essent

125 2398 246 2480 apotiti.
281 2397 396 2481 ltaque
431 2399 521 2482 signo
556 2396 631 2460 dato
665 2399 698 2461 in
732 2396 840 2460 hostes
873 2395 1026 2481 languide
1058 2398 1129 2463 tela

146 2497 418 2585 neglegenterque
456 2503 618 2564 mittentes
653 2498 757 2563 subito
795 2501 937 2564 immittit
973 2499 1128 2567 cohortes

145 2612 333 2688 turmasque
356 2625 503 2687 suorum3
539 2614 636 2689 atque
659 2612 778 2688 puncto
801 2605 954 2688 temporis
976 2602 1129 2672 hostibus

146 2705 230 2770 nullo
254 2710 380 2792 negotio
405 2730 518 2792 eampo
542 2707 650 2792 pulsis,
680 2717 752 2793 post
774 2707 853 2771 colle
876 2707 1008 2772 deiectis
1036 2712 1129 2776 nacti

146 2808 251 2872 locum
274 2820 372 2895 atque
396 2811 439 2875 ibi
462 2810 626 2897 paulisper
649 2813 846 2895 commorati,
881 2813 926 2876 ita
953 2813 1001 2877 uti
1030 2823 1130 2881 erant

147 2916 303 2996 instructi,
337 2914 451 2978 leniter
479 2937 513 2978 se
543 2914 585 2978 ad
619 2937 693 2978 suas
726 2917 886 3000 recipiunt
918 2917 1127 2985 munitiones.

146 3018 293 3100 itemque
317 3017 494 3081 adversarii
524 3018 607 3081 male
630 3021 754 3104 accepti
776 3028 845 3083 tum
868 3019 1000 3084 demum
1022 3041 1058 3085 so
1081 3020 1128 3088 ad

146 3144 204 3185 sua
228 3120 388 3206 praesidia
411 3121 622 3187 contulerunt.

234 3225 282 3290 19.
306 3226 442 3289 Interim
465 3248 503 3289 ea
526 3248 561 3288 re
584 3236 676 3310 gesta
699 3235 731 3290 et
753 3227 873 3313 proelio
897 3226 1058 3313 dirempto
1082 3250 1129 3297 cx

146 3329 341 3394 adversariis
365 3329 536 3415 perfugere
565 3329 673 3416 plures
696 3353 738 3394 ex
762 3333 846 3394 omni
875 3353 996 3416 genero
1024 3332 1129 3401 homi·

145 3455 232 3516 num,
267 3443 299 3498 et
333 3444 500 3519 praeterea
538 3437 706 3520 intercepti
743 3431 904 3521 [hostium]
941 3436 1130 3522 complures

125 3539 270 3620 ²equites
306 3538 503 3623 peditesque.
549 3539 602 3602 Ex
630 3537 747 3623 quibus
782 3541 945 3624 cognitum
973 3548 1024 3604 est
1052 3564 1130 3610 con·
