2376 3924
103 201 165 264 100
401 200 451 251 11
471 200 591 251 annno
611 199 768 251 61111166

100 391 223 455 6661116
244 389 418 456 discedere
447 413 487 455 66
511 412 588 456 suos
612 391 700 455 clam
724 415 767 457 ex
790 393 883 475 agris
908 390 1076 456 deducere

100 503 293 579 coeperunt.

185 597 237 662 31.
261 597 306 662 At
323 595 461 682 Caesar,
487 600 550 664 etsi
567 598 716 663 nondum
732 620 846 664 eorum
863 597 1006 662 consilia
1023 618 1075 662 oo-

100 709 275 785 gnoveret,
296 710 409 767 temen
429 711 523 768 etex
543 711 666 768 eventu
676 705 812 768 navium
833 724 968 768 suarum
987 710 1077 766 etex

100 828 148 888 eo,
173 805 261 890 quod
286 803 421 870 obsides
447 805 528 870 dare
545 807 808 890 intermiserant,
831 805 902 870 fore
918 804 964 888 id,
987 802 1077 889 quod

75 909 234 993 reccidit,
251 906 500 994 suspicabatur.
523 911 642 995 ltaque
658 910 704 976 ad
720 932 833 975 omnes
850 931 950 975 casus
968 906 1075 972 subsi-

100 1010 157 1077 dis
173 1010 403 1097 comparebat.
438 1012 524 1077 Nam
541 1022 573 1077 et
590 1014 792 1078 frumentum
816 1035 858 1077 ex
875 1014 967 1096 agris
992 1012 1075 1077 coti-

100 1115 154 1180 die
170 1116 204 1179 in
221 1124 333 1181 castra
350 1114 544 1181 conferebat
558 1118 915 1203 etquaegravissimse
928 1115 1076 1180 afflictae

99 1228 195 1283 erant
211 1240 327 1302 naves,
351 1241 466 1284 6611111
481 1222 623 1286 materia
639 1229 741 1306 atque
763 1243 841 1286 aere
865 1221 910 1286 ad
926 1219 1074 1305 reliquas

97 1321 299 1387 reficiendas
315 1320 475 1387 utebatur
499 1335 532 1389 et
548 1345 634 1408 quae
657 1323 701 1388 ad
725 1346 782 1388 eas
804 1346 859 1388 res
876 1331 974 1388 erant
988 1325 1074 1406 usui,

74 1448 140 1495 sex
176 1427 362 1490 continenti
394 1428 598 1510 comportari
634 1425 782 1491 iubebat.
827 1427 963 1511 Itaque,
998 1447 1074 1490 eum

98 1550 224 1594 summo
242 1528 353 1594 studio
369 1552 389 1594 6
406 1527 569 1594 militibus
583 1529 890 1611 administraretur,
913 1530 1073 1593 1111611-

96 1632 159 1698 bus
184 1634 328 1716 amissis,
353 1633 490 1719 reliquis
513 1642 550 1698 ut
573 1635 730 1717 navigari
754 1632 926 1698 commode
949 1642 1074 1719 posset,

97 1736 217 1801 effecit.

181 1838 233 1905 32.
261 1839 351 1905 Dum
368 1863 407 1905 ea
424 1849 597 1924 geruntur,
618 1841 752 1926 legione
768 1863 812 1906 ex
828 1839 1072 1905 consuetudine

96 1965 164 2008 1116
176 1943 415 2010 frumentatum
428 1946 543 2029 missa,
562 1967 648 2030 quae
660 1944 899 2031 appellabatur
917 1944 1072 2030 septima,

96 2068 204 2131 neque
216 2046 285 2112 ulla
298 2047 343 2112 ed
356 2047 392 2112 id
406 2058 537 2133 tempus
553 2046 635 2113 belli
652 2050 843 2134 suspicione
860 2047 1072 2132 interposita,

96 2172 171 2216 cum
193 2173 272 2237 pars
295 2151 466 2218 hominum
482 2154 516 2217 in
533 2154 626 2236 egris
643 2161 843 2235 remaneret,
865 2172 945 2237 pars
969 2152 1072 2215 etiam

96 2255 130 2318 in
154 2263 267 2320 666116
290 2257 485 2338 1611116161,
501 2257 536 2339 11,
562 2257 618 2341 qui
633 2277 693 2342 pro
709 2257 815 2343 portis
832 2264 1021 2321 castrorum
1036 2256 1072 2318 in

97 2360 244 2423 statione
268 2369 375 2442 erant,
399 2356 539 2424 anssri
555 2361 799 2425 nuntiaverunt
814 2357 986 2444 pulverem
1002 2380 1072 2422 ma·

95 2463 208 2544 iorem,
232 2484 331 2547 quam
347 2463 555 2529 consuetudo
579 2463 693 2547 ferret,
717 2465 752 2528 in
776 2486 816 2529 66
838 2470 935 2550 parte
951 2461 1072 2544 videri,

73 2587 195 2650 squam
212 2566 246 2630 in
262 2575 392 2651 partem
408 2565 497 2650 legio
515 2568 579 2632 iter
593 2567 742 2633 fecisset.
773 2565 903 2632 Caesar
918 2564 963 2648 id,
981 2565 1072 2651 quod

95 2678 178 2749 erat,
202 2670 403 2753 suspicatus,
425 2668 554 2754 aliquid
568 2672 647 2735 novi
660 2691 680 2734 a
693 2668 848 2735 barbaris
861 2670 981 2733 initum
992 2689 1072 2732 con·

95 2770 171 2853 silii,
195 2771 359 2854 cohortes,
384 2774 526 2857 quaein
550 2772 752 2838 stationibus
777 2782 883 2857 erant,
907 2792 1019 2837 secum
1036 2773 1071 2836 in

95 2895 168 2937 eam
182 2883 312 2958 partem
326 2876 506 2961 proficisci,
523 2898 567 2940 ex
582 2876 721 2961 reliquis
736 2876 820 2941 duas
837 2877 871 2941 11
889 2877 1070 2942 stationem

94 2975 249 3040 cohortes
279 2978 475 3063 succedere,
505 2978 654 3065 reliquas
683 2982 810 3046 armari
834 2988 867 3045 et
891 2979 1070 3045 confestim

71 3100 168 3144 66666
192 3080 349 3166 subsequi
372 3083 480 3148 iussit.
515 3080 598 3148 Cum
620 3083 721 3169 paulo
744 3083 878 3168 longius
902 3105 922 3148 a
944 3083 1069 3148 6661116

93 3186 329 3268 processisset,
360 3206 437 3251 suos
467 3186 511 3252 ab
535 3186 689 3252 hostibus
712 3189 819 3273 premi
842 3195 944 3274 atque
966 3205 1070 3270 aegre

94 3289 259 3352 sustinere
283 3297 316 3352 61
339 3288 491 3355 conferta
515 3291 648 3374 legione
672 3314 715 3356 ex
738 3290 892 3357 omnibus
914 3288 1070 3376 partibus

71 3391 162 3456 stela
174 3393 284 3457 conici
296 3391 546 3459 animadvertit.
570 3394 655 3459 Nam
669 3395 757 3480 quod
770 3396 859 3461 omni
875 3418 919 3461 ex
930 3394 1069 3482 reliquis

91 3495 244 3581 partibus
270 3496 421 3563 demesso
445 3498 611 3564 frumento
635 3521 714 3585 pars
739 3521 805 3565 una
830 3507 903 3565 erat
927 3497 1069 3585 relique,
