2376 3924
438 250 586 314 11111111,
607 249 683 301 ote.
706 252 817 300 ae-n.
1068 252 1109 316 29

130 442 211 508 sidio
240 465 340 535 prope
372 444 495 529 priores
524 442 667 526 legiones
690 442 857 507 Fabianae
881 443 966 508 duae
989 444 1111 510 flumen

132 548 337 629 transissent,
367 546 660 632 impedimentaque
689 557 722 611 et
750 549 852 611 omnis
880 551 1042 633 equitatus
1065 570 1110 612 se·

132 660 296 737 queretur,
326 650 431 714 subito
455 653 486 715 vi
510 661 681 716 ventorum
705 661 737 715 et
759 673 863 737 aquae
886 652 1109 736 magnitudine

131 777 212 841 pons
243 763 292 819 est
320 756 518 840 interruptus
552 764 584 818 et
616 754 742 840 reliqua
770 754 941 819 multitudo
965 757 1110 841 equitum

131 857 313 924 interclusa.
360 859 434 940 Quo
468 859 595 942 cognito
625 881 645 921 a
672 859 800 922 Petreio
836 867 868 922 et
897 857 1033 923 Afranio
1067 881 1132 930 ex4

132 983 252 1048 aggere
275 969 372 1045 atque
396 958 548 1042 cratibus,
578 982 661 1045 quae
685 961 816 1025 flumine
840 961 1038 1044 ferebantur,
1062 985 1110 1026 oe·

131 1067 240 1130 leriter
268 1086 325 1129 suo
354 1074 450 1150 ponte
475 1063 639 1147 Afranius,
670 1086 766 1149 quem
791 1065 907 1151 oppido
931 1067 1109 1150 castrisque

131 1171 338 1233 coniunctum
360 1166 513 1238 habebat,
536 1165 678 1250 legiones
701 1184 756 1233 1111
780 1170 1023 1253 equitatumque
1046 1191 1109 1232 om·

131 1296 206 1338 nem
229 1273 355 1337 traiecit
377 1270 568 1355 duabusque
584 1270 738 1336 Fabianis
760 1275 899 1336 oeeurrit
920 1272 1110 1359 legionibus,

132 1376 231 1442 Cuius
254 1376 398 1441 adventu
427 1377 572 1440 nuntiato
596 1377 634 1439 L.
659 1375 812 1457 Plancus,
848 1379 902 1461 qui
930 1377 1131 1462 legionibuss

131 1489 290 1567 praeerat,
314 1481 496 1543 necessaria
519 1500 553 1541 re
578 1489 708 1543 ooaotus
732 1478 837 1542 locum
859 1482 945 1565 eapit
968 1482 1108 1565 superio-

131 1608 200 1649 rem
234 1583 461 1667 diversamque
490 1584 592 1646 aciem
626 1584 658 1645 in
688 1581 769 1645 duas
796 1591 905 1667 partes
934 1585 1108 1666 constituit,

131 1713 171 1753 ne
195 1688 237 1753 ab
260 1689 407 1772 equitatu
429 1688 655 1750 circumveniri
678 1695 794 1771 posset.
836 1686 887 1750 Ita
917 1709 1130 1771 congressuse

130 1794 245 1878 impari
267 1813 401 1856 numero
424 1812 559 1874 magnos
587 1792 724 1876 impetus
752 1790 912 1874 legionum
935 1793 1108 1877 equitatus-

130 1919 194 1982 que
224 1897 368 1960 sustinet.
414 1893 590 1959 Commisso
619 1893 660 1958 ab
690 1894 850 1978 equitibus
873 1894 992 1980 proelio
1016 1897 1129 1980 signas

130 2002 291 2085 legionum
319 1999 457 2063 duarum
479 1997 591 2084 procul
619 1997 661 2062 ab
689 2000 833 2083 utrisque
857 2001 1106 2085 conspiciuntur,

131 2126 211 2189 quas
251 2103 286 2168 O.
321 2101 444 2166 Fabius
482 2101 633 2166 ulteriore
671 2112 769 2187 ponte
809 2102 950 2167 subsidio
991 2106 1107 2169 nostris

130 2210 262 2271 miserat
291 2209 470 2292 suspicatus
499 2206 567 2271 fore
590 2206 638 2288 id,
667 2206 754 2290 quod
782 2207 914 2288 aooidit,
944 2217 980 2270 ut
1008 2207 1107 2272 duces

131 2310 392 2374 adversariormn
425 2313 592 2375 oeeasione
626 2321 658 2374 et
691 2308 848 2375 beneficio
882 2310 1030 2374 fortunae
1064 2311 1107 2374 ad

129 2424 255 2479 nostros
289 2415 515 2501 opprimendos
548 2423 725 2480 uterentur.
783 2416 931 2496 Quarum
964 2415 1108 2479 adventu

130 2518 286 2605 proelium
308 2519 476 2603 dirimitur,
501 2541 636 2585 assuas
659 2529 795 2604 uterque
818 2517 959 2602 legiones
981 2518 1108 2584 reducit

130 2626 162 2687 in
186 2634 300 2689 eastra.

215 2726 266 2791 41.
291 2729 340 2793 Eo
357 2726 454 2793 biduo
471 2727 682 2793 Caesareum
705 2727 867 2814 equitibus
882 2744 1002 2811 mcccc,
1025 2750 1106 2814 quos

130 2830 191 2895 sibi
213 2832 373 2917 praesidio
396 2831 586 2918 reliquerat,
614 2834 648 2897 in
677 2843 783 2898 eastra
806 2835 964 2919 pervenit.
1008 2834 1104 2917 Pons,

130 2937 185 3019 qui
200 2936 306 3001 fuerat
320 2945 512 3022 tempestate
524 2939 732 3023 interruptus,
748 2960 852 3023 paene
864 2947 935 3002 erat
949 2938 1104 3021 refectus,

129 3039 216 3103 huno
248 3049 347 3104 noctu
380 3041 492 3126 perfioi
525 3042 625 3105 iussit.
681 3041 756 3127 Ipse
796 3044 924 3128 oognita
962 3041 1126 3107 loeorums

129 3152 246 3208 natura
274 3147 363 3230 ponti
392 3147 569 3231 castrisque
597 3145 757 3231 praesidio
780 3168 840 3227 serr
862 3147 1009 3211 eohortes
1032 3144 1100 3210 reli-

129 3249 198 3330 quit
225 3258 322 3334 atque
346 3250 453 3313 omnia
475 3249 705 3335 impedimenta
728 3259 760 3315 et
782 3260 910 3336 postero
933 3251 985 3316 die
1008 3253 1105 3317 omni-

129 3351 190 3416 bus
218 3354 317 3439 eopiis
345 3351 462 3438 triplici
491 3354 647 3419 instructa
674 3356 743 3419 aoie
772 3355 815 3419 ad
847 3355 989 3419 ilerdam
1011 3357 1105 3440 profi-

129 3457 259 3521 oisoitur
287 3466 320 3522 et
346 3454 408 3522 sub
436 3458 550 3522 eastris
571 3457 700 3524 Afranii
722 3461 863 3523 constitit
885 3468 918 3523 et
939 3458 984 3522 ibi
1006 3459 1105 3544 pauli-

129 3581 204 3645 sper
232 3559 294 3627 sub
323 3561 424 3627 umis
449 3568 594 3629 monins
614 3561 693 3629 feeit
720 3584 824 3648 aequo
847 3562 915 3627 looo
938 3563 1106 3648 pugnandi
