2376 3924
121 248 183 313 110
394 253 396 256 ·
449 249 499 298 nu
517 247 637 299 sunno
655 247 768 299 curun

121 439 297 523 duriusque
326 436 443 502 cotidie
471 446 599 524 tempus
628 437 671 501 ad
693 435 981 523 transportandum
1004 435 1103 502 lenio·

98 539 211 606 tribus
232 543 338 605 ventis
366 540 609 627 exspectabant.
656 538 784 622 Quibus
812 540 911 606 rebus
933 550 1104 626 permotus

121 643 242 708 (laesor
264 644 474 709 Brundisium
496 644 538 709 ad
561 665 635 709 suos
664 646 808 709 severius
838 645 982 730 scripsit,
1012 648 1103 709 nacti

120 748 272 813 idoneum
304 757 439 813 ventum
471 771 512 813 ne
546 750 748 813 occasionem
784 747 961 833 navigandi
995 748 1103 814 dimit-

120 861 242 936 terent,
276 854 345 918 sive
378 853 421 918 ad
442 852 528 932 Apol
550 851 665 915 ostiam
694 853 758 916 sinc
780 851 824 915 ud
854 852 948 917 litora
970 850 1103 939 Apollo-

121 958 257 1021 niatium
290 978 421 1021 cursum
454 955 595 1042 dirigere
638 966 736 1043 atque
780 979 818 1023 eo
854 977 956 1022 naves
994 957 1103 1020 cicere

99 1069 261 1146 spossent.
306 1061 399 1126 Haec
431 1085 451 1126 a
484 1059 637 1127 custodiis
670 1060 821 1126 classium
853 1060 923 1126 loca
955 1061 1102 1124 maxime

120 1163 292 1248 vacabant,
316 1165 404 1250 quod
426 1187 461 1230 se
475 1164 601 1250 longius
618 1184 639 1227 a
654 1164 801 1252 portibus
817 1167 1017 1230 committere
1033 1187 1102 1229 non

121 1267 294 1334 audebant.

111 1376 113 1380 ’
206 1372 257 1436 26.
294 1372 344 1437 Illi
381 1371 527 1438 adhibita
564 1373 702 1437 audacia
739 1381 771 1436 et
807 1374 927 1436 virtute
965 1372 1102 1437 admini-

120 1475 297 1540 strantibus
320 1477 365 1541 M.
378 1475 520 1541 Antonio
542 1485 576 1540 et
598 1476 692 1540 Fufio
716 1475 845 1557 Caleno,
870 1475 1006 1540 multum
1020 1475 1102 1561 ipsis

120 1577 272 1643 militibus
294 1577 497 1654 hortantibus
519 1601 625 1664 neque
647 1578 745 1642 ullum
769 1579 947 1664 periculum
969 1601 1027 1664 pro
1050 1601 1101 1644 sa-

120 1685 184 1748 lute
208 1684 356 1749 Caesaris
384 1681 608 1749 recusantibus
639 1685 725 1747 nacti
748 1692 894 1746 austrum
916 1704 1017 1747 naves
1039 1683 1101 1748 sol·

120 1798 201 1851 vunt
235 1797 332 1872 atquc
372 1787 472 1852 altero
505 1787 558 1852 die
592 1786 796 1872 Apolloniam
830 1783 1100 1874 [Dyrrhachium]

101 1889 424 1974 epraetervehuntur.
449 1890 610 1971 Quicum
633 1897 740 1954 essent
762 1911 804 1952 ex
828 1890 1003 1953 continenti
1025 1891 1099 1972 visi,

121 1991 298 2079 Coponius,
328 1995 382 2077 qui
409 1993 606 2078 Dyrrhachii
641 1993 734 2057 classi
757 1991 902 2057 Rhodiae
936 2003 1100 2078 praeerat,

120 2118 221 2161 naves
237 2119 279 2160 ex
295 2105 390 2181 portu
406 2096 523 2180 educit,
548 2106 668 2161 etcum
691 2099 755 2160 iam
778 2097 894 2160 nostris
916 2097 1101 2161 remissiore

120 2208 217 2264 vento
240 2203 540 2286 appropinquasset,
563 2200 650 2264 idem
671 2208 780 2264 auster
794 2197 956 2263 increbuit
969 2201 1100 2265 nostris·

99 2325 184 2389 sque
207 2303 367 2389 praesidio
395 2304 464 2368 lirit.
495 2304 609 2388 Neque
631 2325 710 2367 vero
732 2301 783 2366 ille
807 2301 848 2366 ob
871 2324 944 2366 eam
965 2324 1100 2369 causam

121 2416 239 2471 conatu
262 2405 453 2489 desistebat,
482 2404 540 2470 scd
568 2403 679 2469 labore
702 2413 735 2470 ct
756 2407 999 2490 perseverantia
1020 2427 1100 2470 nau·

120 2520 227 2575 tarum
243 2512 341 2575 etiam
355 2511 423 2574 vim
444 2509 644 2594 tempestatis
667 2509 813 2593 superari
836 2528 929 2592 posse
945 2505 1101 2593 sperabat

121 2623 425 2700 praetervectosque
439 2611 685 2697 Dyrrhachium
706 2633 826 2695 magna
840 2612 874 2676 vi
888 2612 978 2676 venti
999 2610 1099 2677 nihilo

99 2720 224 2781 ⁴secius
240 2715 445 2802 sequebatur.
469 2716 579 2780 Nostri
590 2717 640 2780 usi
655 2714 804 2803 fortunae
815 2712 973 2780 beneficio
988 2724 1099 2782 tamen

86 2804 88 2808 Α
120 2823 277 2906 impetum
299 2820 408 2885 classis
430 2816 597 2901 timebant,
620 2820 647 2883 si
669 2818 891 2889 forterentus
912 2819 1098 2885 remisisset.

120 2923 216 2987 Nacti
248 2932 391 3008 portum,
430 2925 484 3007 qui
521 2921 701 3008 appellatur
732 2921 976 3008 Nymphaeum,
1012 2921 1100 2988 ultra

120 3025 250 3090 Lissum
278 3025 364 3089 milia
392 3048 545 3111 passuum
567 3044 622 3109 111,
656 3047 693 3090 eo
721 3047 822 3090 naves
848 3024 1101 3091 introduxerunt

122 3127 191 3215 (qui
215 3137 325 3215 portus
348 3128 390 3193 ab
406 3128 517 3194 Africo
540 3127 721 3214 tegebatur,
744 3128 786 3194 ab
809 3138 919 3194 austro
940 3150 1006 3194 non
1028 3139 1100 3194 erat

74 3267 77 3274 ·
121 3231 224 3320 tutus)
247 3233 415 3319 leviusque
443 3237 643 3320 tempestatis
666 3256 765 3320 quam
787 3233 897 3299 classis
914 3230 1100 3320 'pericnlum

100 3339 383 3403 sacstimavcrunt.
418 3339 492 3423 Quo
514 3337 707 3423 simulatque
728 3340 894 3403 introitum
915 3345 973 3421 est,
996 3338 1099 3405 incre·

121 3439 210 3506 dibili
233 3440 384 3508 felicitate
407 3450 533 3525 auster,
563 3443 618 3527 qui
641 3463 699 3527 per
721 3440 857 3507 biduum
877 3440 1030 3527 flaverat,
1063 3443 1100 3508 in

118 3544 268 3610 Africum
289 3568 325 3612 se
346 3549 452 3612 vertit
