2376 3924
432 254 544 304 uranu
559 253 636 317 vm,
653 253 825 305 cans-a
1050 254 1116 321 ogs

135 446 291 535 piandos,
320 469 363 511 ex
392 445 513 532 quibus
540 446 687 512 hostium
716 445 861 512 consilia
883 456 1115 531 cognosceret.

136 551 282 637 Equites
297 550 410 615 officio
426 551 535 615 functi
551 552 749 615 renuntiant
762 571 889 636 panem
902 552 936 615 in
949 550 1139 617 aediliciisa

138 677 215 720 esse
237 656 406 731 inventos,
429 664 532 740 atque
553 653 627 736 hos,
652 675 721 719 non
743 655 800 740 qui
824 674 982 738 agrorum
1005 654 1115 720 uolen-

138 759 259 823 dorum
285 779 392 823 causa
414 759 660 821 remansissent
691 763 848 843 (namque
871 779 946 822 esse
968 757 1116 844 undiquc

138 861 323 945 diligenter
345 860 592 944 demigratum),
623 860 684 926 sed
710 862 766 947 qui
790 860 989 947 speculandi
1011 883 1116 928 causa

138 975 254 1031 essent
268 965 412 1029 remissi.
428 963 459 1028 A
474 963 595 1049 quibus
611 986 686 1029 cum
702 976 881 1052 quaereret
895 963 1034 1050 Caesar,
1050 987 1137 1054 quos

138 1070 215 1135 loco
243 1067 426 1133 multitudo
455 1078 546 1132 esset
574 1066 835 1135 Bellovacorum
865 1069 998 1157 quodve
1026 1080 1115 1137 esset

91 1193 95 1200 ·
137 1173 317 1239 consilinm
335 1194 458 1255 eorum,
474 1171 687 1238 inveniebat:
702 1173 902 1240 Bellovacos
919 1196 1043 1258 omnes,
1060 1176 1137 1261 qui«

139 1300 235 1344 arma
267 1277 356 1341 ferre
385 1285 535 1363 possent,
570 1278 604 1341 in
635 1300 737 1342 unum
766 1277 876 1343 locum
906 1279 1116 1361 convenisse,

138 1383 286 1467 itemque
301 1379 497 1463 Ambianos,
521 1380 696 1465 Aulercos,
719 1379 866 1464 Caletos,
890 1381 1117 1468 Veliocasses,

138 1483 344 1566 Atrebatas;
360 1483 472 1550 locum
488 1487 612 1550 castris
629 1485 800 1550 excelsum
821 1487 855 1551 in
873 1486 960 1551 silva
977 1488 1117 1552 circuni·

140 1587 222 1653 data
243 1587 369 1675 palude
392 1587 571 1673 delegisse,
596 1589 836 1675 impedimenta
853 1591 965 1655 omnia
982 1591 1016 1654 in
1032 1590 1117 1654 ulto·

138 1693 245 1757 riores
269 1691 375 1756 silvas
398 1691 594 1757 contulisse.
629 1690 826 1779 Complures
851 1714 925 1758 esse
948 1694 1117 1779 principes

137 1796 220 1862 belli
236 1805 403 1880 auctores,
420 1795 481 1860 sed
496 1796 746 1862 multitudinem
762 1798 907 1862 maxime
920 1795 1044 1862 Oorroo
1061 1795 1117 1862 ob·

138 1909 340 1987 temperare,
364 1899 454 1985 quod
469 1900 500 1965 ei
517 1922 646 1966 summo
671 1923 745 1966 esse
770 1900 847 1966 odio
867 1923 986 1967 nomen
1003 1899 1117 1988 populi

139 2003 279 2070 Romani
303 2003 563 2070 intellexissent.
597 2005 720 2070 Paucis
750 2014 829 2071 ante
853 2005 971 2070 diebus
996 2027 1039 2071 ex
1062 2004 1138 2070 hist

139 2108 263 2174 castris
280 2106 479 2173 Atrebatem
495 2105 681 2173 Commium
705 2107 903 2174 discessisse
925 2108 970 2174 ad
986 2107 1116 2174 auxilia

140 2210 383 2277 Germanorum
399 2210 616 2296 adducenda,
640 2233 779 2298 quorum
802 2221 835 2277 et
857 2213 1018 2276 vicinitas
1042 2233 1115 2298 pro·

138 2317 264 2403 pinqua
277 2325 311 2381 et
318 2314 498 2381 multitudo
509 2322 598 2380 esset
607 2316 749 2381 infinita.
767 2313 1138 2381 Constituisseautemn

138 2418 340 2485 Bellovacos
375 2421 521 2485 omnium
548 2420 739 2506 principum
774 2441 950 2500 consensu,
988 2440 1116 2485 summa

140 2522 248 2608 plebis
283 2523 482 2609 cupiditate,
517 2524 556 2606 si,
589 2531 626 2589 ut
665 2523 843 2607 diceretur,
879 2520 1005 2587 Caesar
1040 2544 1115 2588 oum

138 2626 247 2691 tribus
264 2626 453 2711 legionibus
469 2629 611 2711 veniret,
627 2627 744 2693 offerre
762 2650 797 2692 se
814 2627 858 2692 ad
875 2626 1116 2710 dimicandum,

139 2752 181 2795 ne
196 2732 369 2797 miseriore
384 2753 426 2797 ac
450 2732 585 2797 duriore
601 2740 720 2817 postea
737 2731 937 2796 condicione
955 2749 1028 2796 oum
1044 2740 1116 2796 toto

139 2836 293 2900 exercitu
322 2834 497 2902 decertare
525 2844 742 2920 cogerentur3
773 2837 803 2900 si
831 2836 976 2901 maiores
1000 2836 1137 2921 copiast

140 2936 336 3022 adduceret,
358 2938 393 3002 in
410 2960 448 3004 eo
464 2937 538 3003 loco
553 2959 761 3024 permanere,
785 2959 882 3024 quem
900 2937 1115 3024 delegissent,

139 3040 359 3127 pabulatione
374 3051 497 3124 autem,
521 3062 607 3128 quae
630 3051 769 3128 propter
791 3043 873 3106 anni
897 3051 1025 3129 tempus
1042 3063 1116 3107 cum

140 3145 263 3230 exigua
287 3154 357 3211 tum
380 3145 523 3224 disiecta
547 3153 647 3228 esset,
671 3154 704 3210 et
727 3145 989 3211 frumentatione
1014 3155 1048 3212 et
1067 3167 1116 3210 ro·

138 3248 229 3336 liquo
252 3258 443 3316 commeatu
466 3271 510 3314 ex
533 3248 665 3313 insidiis
689 3247 867 3334 prohibere
890 3250 1068 3315 Romanos.

224 3351 254 3418 8.
278 3353 373 3436 Quae
396 3350 526 3419 ansar
548 3352 839 3418 consentientibus
863 3353 1016 3439 pluribus
1041 3374 1117 3419 cum

138 3467 318 3541 cognosset
342 3452 445 3544 litque
468 3480 523 3540 ea,
554 3477 640 3543 quae
663 3468 946 3543 proponerentur,
973 3455 1117 3522 consilia

137 3560 239 3647 plena
253 3560 455 3647 prudentiae
470 3560 637 3648 longeque
652 3583 673 3626 a
684 3561 878 3626 temeritate
894 3559 1119 3628 barbarorum.
