2376 3924
399 232 509 287 LIBER
526 238 547 298 1,
567 235 644 288 CAP.
657 237 764 290 ra-1o.
1032 233 1070 300 11

90 429 263 493 institutos
288 448 372 511 esse,
395 430 445 492 uti
463 426 598 494 obsides
615 429 780 513 accipere,
804 448 870 492 non
888 425 969 491 dare
990 446 1068 490 con-

91 531 235 596 suerint:
273 532 345 596 eius
368 532 417 597 rei
438 530 597 618 populum
619 530 806 597 Romanum
836 552 910 595 esse
935 538 1068 595 testem.

42 622 45 628 ¹
89 635 163 700 Hoc
187 655 348 719 responso
373 634 452 701 dato
477 634 645 701 discessit.

195 737 243 802 15.
278 737 417 804 Postero
452 738 507 804 die
541 747 656 804 castra
686 760 729 802 ex
759 758 797 802 co
826 735 900 801 loco
923 744 1069 802 movent.

88 841 184 907 Idem
207 841 290 906 facit
307 840 436 907 Caesar
458 843 709 928 equitatumque
733 862 873 923 omnem,
897 840 942 906 ad
957 862 1069 906 nume·

90 967 165 1009 rum
188 952 347 1031 quattuor
369 943 509 1027 milium,
538 966 635 1031 quem
659 966 701 1010 ex
725 945 815 1010 omni
838 945 1014 1029 provincia
1037 954 1070 1009 ct

90 1047 218 1113 Aeduis
241 1056 343 1135 atque
367 1070 480 1114 eorum
497 1049 598 1113 sociis
614 1056 770 1113 coactum
792 1045 952 1130 habebat,
974 1069 1070 1132 prae-

89 1153 204 1235 mittit,
232 1153 288 1237 qui
310 1152 462 1236 videant,
492 1174 575 1238 quas
599 1153 634 1217 in
657 1160 773 1237 partes
795 1151 910 1216 hostes
935 1151 1000 1216 iter
1022 1151 1070 1215 fa·

90 1255 194 1319 cient.
234 1254 299 1336 Qui
328 1255 484 1342 cupidius
517 1255 737 1320 novissimum
771 1273 892 1337 agmen
926 1255 1093 1320 insecutis

90 1357 202 1422 alieno
236 1355 311 1423 loco
345 1379 421 1423 cum
455 1359 608 1444 equitatu
641 1355 873 1423 Helvetiorum
908 1356 1069 1442 proelium

90 1461 322 1544 committunt3
338 1469 372 1526 et
387 1462 486 1548 pauci
501 1460 542 1525 de
557 1461 683 1526 nostris
700 1459 839 1530 cadunt.
859 1457 933 1539 Quo
944 1459 1094 1545 proelias

92 1562 218 1631 sublati
234 1562 394 1647 Helvetii,
418 1563 507 1650 quod
531 1565 723 1650 quingentis
748 1562 916 1650 equitibus
940 1572 1071 1629 tantam

90 1666 342 1733 multitudinem
365 1669 513 1754 equitum
536 1666 771 1754 propulerant,
808 1665 971 1733 audacius
996 1666 1071 1733 sub·

91 1771 211 1836 sistere
234 1792 474 1858 nonnunquam
505 1781 538 1838 et
566 1771 751 1836 novissimo
781 1772 916 1854 agmine
943 1769 1072 1857 proelio

91 1884 226 1940 nostros
250 1875 420 1942 lacessere
443 1883 636 1961 coeperunt.
660 1872 789 1940 Caesar
812 1897 889 1941 suos
909 1898 930 1941 a
944 1874 1095 1961 proelios

91 1978 288 2045 continebat
305 2002 346 2046 ac
363 1981 447 2045 satis
460 1978 609 2045 habebat
622 1979 657 2043 in
668 1979 863 2064 praesentia
874 1977 1004 2044 hostem
1020 2002 1072 2045 ra·

91 2083 181 2168 pinis
204 2081 481 2168 pabulationibus
500 2080 867 2168 [populationibus]que
884 2081 1072 2168 prohibere

91 2185 147 2249 Ita
171 2184 243 2250 dies
267 2187 402 2252 circiter
425 2185 617 2272 quindecim
639 2185 888 2259 iterfecerunt,
911 2187 962 2252 uti
984 2188 1096 2256 intera

91 2289 311 2355 novissimum
327 2289 473 2355 hostium
489 2309 611 2373 agmen
629 2295 661 2352 et
685 2294 836 2353 nostrum
848 2289 991 2374 primum
1006 2310 1073 2354 non

93 2391 238 2478 amplius
251 2393 361 2479 quinis
379 2401 438 2458 aut
454 2394 545 2458 senis
561 2389 698 2457 milibus
710 2411 872 2476 passuum
884 2392 1073 2458 interesset.

183 2494 232 2562 16.
254 2497 393 2563 Interim
418 2497 544 2563 cotidie
560 2494 690 2562 Caesar
707 2493 844 2561 Aeduos
860 2496 1073 2580 frumentum,

93 2597 184 2685 qnod
201 2609 314 2665 essent
328 2600 463 2686 publice
479 2599 633 2687 polliciti,
648 2599 816 2683 flagitare.
834 2599 920 2665 Nam
936 2608 1097 2687 proptera

93 2701 233 2787 frigora,
257 2704 347 2790 quod
371 2702 486 2771 Gallia
510 2704 572 2771 sub
596 2702 899 2790 septentrionibus,
933 2713 970 2768 ut
994 2713 1074 2770 ante

95 2804 222 2871 dictum
246 2817 307 2892 est,
330 2811 442 2894 posita
459 2818 520 2893 est,
543 2830 611 2875 non
629 2807 727 2874 modo
744 2806 913 2873 frumenta
929 2809 964 2872 in
981 2810 1074 2891 agris

94 2917 230 2975 matura
264 2934 332 2977 non
367 2922 480 2996 erant,
520 2911 579 2977 sed
612 2933 655 2977 ne
680 2909 796 2997 pabuli
826 2912 959 2999 quidem
990 2915 1074 2978 satis

95 3033 220 3096 magna
244 3016 341 3102 copia
366 3015 583 3103 suppetebat3
608 3037 645 3081 eo
662 3023 775 3081 autem
792 3015 968 3099 lrumento,
985 3017 1094 3102 quoda

93 3117 229 3182 flumine
245 3119 353 3185 Arare
382 3119 527 3185 navibus
558 3118 781 3200 subvexerat,
815 3128 993 3205 propterea
1023 3123 1072 3186 uti

94 3221 205 3285 minus
227 3230 370 3307 poterat,
394 3222 484 3310 quod
506 3223 571 3288 iter
595 3221 637 3288 ab
650 3219 759 3287 Arare
771 3221 920 3288 Helvetii
945 3233 1075 3289 averto·

95 3332 183 3403 rant,
207 3348 228 3390 a
251 3325 372 3412 quibus
397 3326 573 3393 discedere
595 3324 743 3392 nolebat
767 3324 867 3391 Diem
887 3349 929 3392 ex
946 3326 1000 3392 die
1018 3326 1098 3392 dur

95 3449 172 3493 cere
202 3427 329 3495 Aedui:
363 3429 520 3514 conferri,
543 3431 764 3515 comportari,
794 3429 916 3495 adesse
954 3429 1074 3495 dicere.

95 3531 162 3598 Ubi
188 3555 224 3597 se
247 3532 374 3599 diutius
401 3533 479 3600 duci
502 3533 673 3601 intellexit
694 3541 727 3598 et
744 3532 831 3598 diem
844 3535 987 3618 instare,
1011 3554 1097 3620 quos
