<?xml version="1.0" encoding="UTF-8"?>
<!DOCTYPE html PUBLIC "-//W3C//DTD XHTML 1.0 Transitional//EN"
    "http://www.w3.org/TR/xhtml1/DTD/xhtml1-transitional.dtd">
<html xmlns="http://www.w3.org/1999/xhtml" xml:lang="en" lang="en">
 <head>
  <title>
</title>
<meta http-equiv="Content-Type" content="text/html;charset=utf-8" />
  <meta name='ocr-system' content='tesseract 3.04.00' />
  <meta name='ocr-capabilities' content='ocr_page ocr_carea ocr_par ocr_line ocrx_word'/>
</head>
<body>
  <div class='ocr_page' id='page_1' title='image "./ciuliicaesarisc00hoffgoog/ciuliicaesarisc00hoffgoog_0595.png"; bbox 0 0 2376 3924; ppageno 0'>
   <div class='ocr_carea' id='block_1_1' title="bbox 121 217 793 279">
    <p class='ocr_par' dir='ltr' id='par_1_1' title="bbox 121 217 793 279">
     <span class='ocr_line' id='line_1_1' title="bbox 121 217 793 279; baseline -0.015 -1"><span class='ocrx_word' id='word_1_1' title='bbox 121 217 182 279; x_wconf 77' lang='lat'>190</span> <span class='ocrx_word' id='word_1_2' title='bbox 416 218 525 269; x_wconf 82' lang='lat' dir='ltr'><strong>BELLI</strong></span> <span class='ocrx_word' id='word_1_3' title='bbox 544 217 793 270; x_wconf 77' lang='lat' dir='ltr'>ALEXANDRlNI</span> 
     </span>
    </p>
   </div>
   <div class='ocr_carea' id='block_1_2' title="bbox 91 404 1097 3404">
    <p class='ocr_par' dir='ltr' id='par_1_2' title="bbox 97 404 1097 704">
     <span class='ocr_line' id='line_1_2' title="bbox 97 404 1097 495; baseline 0.007 -25"><span class='ocrx_word' id='word_1_4' title='bbox 97 404 203 478; x_wconf 57' lang='lat' dir='ltr'>aditus</span> <span class='ocrx_word' id='word_1_5' title='bbox 227 407 322 472; x_wconf 91' lang='lat' dir='ltr'>deleti</span> <span class='ocrx_word' id='word_1_6' title='bbox 345 417 460 473; x_wconf 81' lang='lat' dir='ltr'><strong>essent.</strong></span> <span class='ocrx_word' id='word_1_7' title='bbox 497 409 562 491; x_wconf 83' lang='lat' dir='ltr'>Qui</span> <span class='ocrx_word' id='word_1_8' title='bbox 584 418 621 474; x_wconf 92' lang='lat' dir='ltr'>ut</span> <span class='ocrx_word' id='word_1_9' title='bbox 642 409 774 495; x_wconf 90' lang='lat' dir='ltr'>paulum</span> <span class='ocrx_word' id='word_1_10' title='bbox 796 408 838 474; x_wconf 92' lang='lat' dir='ltr'>ab</span> <span class='ocrx_word' id='word_1_11' title='bbox 862 409 913 475; x_wconf 92' lang='lat' dir='ltr'>illo</span> <span class='ocrx_word' id='word_1_12' title='bbox 928 411 1044 475; x_wconf 87' lang='lat' dir='ltr'>timore</span> <span class='ocrx_word' id='word_1_13' title='bbox 1061 432 1097 477; x_wconf 89' lang='lat' dir='ltr'>se</span> 
     </span>
     <span class='ocr_line' id='line_1_3' title="bbox 117 513 1097 599; baseline 0.004 -23"><span class='ocrx_word' id='word_1_14' title='bbox 117 522 320 596; x_wconf 80' lang='lat' dir='ltr'>recrearunt,</span> <span class='ocrx_word' id='word_1_15' title='bbox 350 513 493 579; x_wconf 89' lang='lat' dir='ltr'>adiuncti</span> <span class='ocrx_word' id='word_1_16' title='bbox 520 513 570 578; x_wconf 90' lang='lat' dir='ltr'>his</span> <span class='ocrx_word' id='word_1_17' title='bbox 600 516 654 599; x_wconf 90' lang='lat' dir='ltr'>qui</span> <span class='ocrx_word' id='word_1_18' title='bbox 677 513 959 599; x_wconf 81' lang='lat' dir='ltr'>subsequebantur</span> <span class='ocrx_word' id='word_1_19' title='bbox 981 536 1097 580; x_wconf 86' lang='lat' dir='ltr'>rursus</span> 
     </span>
     <span class='ocr_line' id='line_1_4' title="bbox 118 617 748 704; baseline 0.003 -25"><span class='ocrx_word' id='word_1_20' title='bbox 118 638 306 702; x_wconf 80' lang='lat' dir='ltr'>oppugnare</span> <span class='ocrx_word' id='word_1_21' title='bbox 328 617 541 683; x_wconf 81' lang='lat' dir='ltr'>Mithridaten</span> <span class='ocrx_word' id='word_1_22' title='bbox 564 626 748 704; x_wconf 89' lang='lat' dir='ltr'>coeperunt.</span> 
     </span>
    </p>

    <p class='ocr_par' dir='ltr' id='par_1_3' title="bbox 117 720 1097 1120">
     <span class='ocr_line' id='line_1_5' title="bbox 203 720 1097 810; baseline 0.004 -25"><span class='ocrx_word' id='word_1_23' title='bbox 203 720 254 786; x_wconf 80' lang='lat'>28.</span> <span class='ocrx_word' id='word_1_24' title='bbox 288 722 428 786; x_wconf 88' lang='lat' dir='ltr'>Mittitur</span> <span class='ocrx_word' id='word_1_25' title='bbox 450 744 469 785; x_wconf 89' lang='lat' dir='ltr'>a</span> <span class='ocrx_word' id='word_1_26' title='bbox 492 721 680 788; x_wconf 88' lang='lat' dir='ltr'>Mithridate</span> <span class='ocrx_word' id='word_1_27' title='bbox 709 724 840 787; x_wconf 89' lang='lat' dir='ltr'>nuntius</span> <span class='ocrx_word' id='word_1_28' title='bbox 862 721 1012 806; x_wconf 80' lang='lat' dir='ltr'>Caesari,</span> <span class='ocrx_word' id='word_1_29' title='bbox 1040 726 1097 810; x_wconf 91' lang='lat' dir='ltr'>qui</span> 
     </span>
     <span class='ocr_line' id='line_1_6' title="bbox 117 824 1096 912; baseline 0.005 -24"><span class='ocrx_word' id='word_1_30' title='bbox 117 846 187 889; x_wconf 92' lang='lat' dir='ltr'>rem</span> <span class='ocrx_word' id='word_1_31' title='bbox 208 833 334 912; x_wconf 86' lang='lat' dir='ltr'>gestam</span> <span class='ocrx_word' id='word_1_32' title='bbox 355 825 522 911; x_wconf 87' lang='lat' dir='ltr'>perferret.</span> <span class='ocrx_word' id='word_1_33' title='bbox 547 824 720 912; x_wconf 81' lang='lat' dir='ltr'>Cognoscit</span> <span class='ocrx_word' id='word_1_34' title='bbox 735 849 777 891; x_wconf 88' lang='lat' dir='ltr'>ex</span> <span class='ocrx_word' id='word_1_35' title='bbox 792 829 858 892; x_wconf 90' lang='lat' dir='ltr'>suis</span> <span class='ocrx_word' id='word_1_36' title='bbox 873 826 989 891; x_wconf 88' lang='lat' dir='ltr'>eadem</span> <span class='ocrx_word' id='word_1_37' title='bbox 1012 827 1096 894; x_wconf 84' lang='lat' dir='ltr'>haec</span> 
     </span>
     <span class='ocr_line' id='line_1_7' title="bbox 117 928 1096 1017; baseline 0.001 -22"><span class='ocrx_word' id='word_1_38' title='bbox 117 928 271 995; x_wconf 89' lang='lat' dir='ltr'>accidisse</span> <span class='ocrx_word' id='word_1_39' title='bbox 301 951 370 993; x_wconf 89' lang='lat' dir='ltr'>rex.</span> <span class='ocrx_word' id='word_1_40' title='bbox 415 930 467 994; x_wconf 88' lang='lat' dir='ltr'>Ita</span> <span class='ocrx_word' id='word_1_41' title='bbox 496 952 599 1016; x_wconf 89' lang='lat' dir='ltr'>paene</span> <span class='ocrx_word' id='word_1_42' title='bbox 626 930 686 995; x_wconf 91' lang='lat' dir='ltr'>sub</span> <span class='ocrx_word' id='word_1_43' title='bbox 714 931 801 996; x_wconf 90' lang='lat' dir='ltr'>idem</span> <span class='ocrx_word' id='word_1_44' title='bbox 829 940 956 1017; x_wconf 87' lang='lat' dir='ltr'>tempus</span> <span class='ocrx_word' id='word_1_45' title='bbox 978 939 1012 996; x_wconf 93' lang='lat' dir='ltr'>et</span> <span class='ocrx_word' id='word_1_46' title='bbox 1032 954 1096 997; x_wconf 89' lang='lat' dir='ltr'>rex</span> 
     </span>
     <span class='ocr_line' id='line_1_8' title="bbox 118 1032 1095 1120; baseline 0.003 -24"><span class='ocrx_word' id='word_1_47' title='bbox 118 1032 160 1096; x_wconf 91' lang='lat' dir='ltr'>ad</span> <span class='ocrx_word' id='word_1_48' title='bbox 183 1032 430 1119; x_wconf 89' lang='lat' dir='ltr'>opprimendum</span> <span class='ocrx_word' id='word_1_49' title='bbox 451 1033 664 1099; x_wconf 87' lang='lat' dir='ltr'>Mithridaten</span> <span class='ocrx_word' id='word_1_50' title='bbox 687 1035 900 1120; x_wconf 89' lang='lat' dir='ltr'>proficiscitur</span> <span class='ocrx_word' id='word_1_51' title='bbox 922 1043 956 1099; x_wconf 88' lang='lat' dir='ltr'>et</span> <span class='ocrx_word' id='word_1_52' title='bbox 970 1032 1095 1100; x_wconf 89' lang='lat' dir='ltr'>Caesar</span> 
     </span>
    </p>

    <p class='ocr_par' dir='ltr' id='par_1_4' title="bbox 93 1135 1094 2575">
     <span class='ocr_line' id='line_1_9' title="bbox 96 1135 1093 1224; baseline 0.002 -21"><span class='ocrx_word' id='word_1_53' title='bbox 96 1135 160 1203; x_wconf 78' lang='lat' dir='ltr'>aad</span> <span class='ocrx_word' id='word_1_54' title='bbox 183 1136 412 1223; x_wconf 87' lang='lat' dir='ltr'>recipiendum.</span> <span class='ocrx_word' id='word_1_55' title='bbox 452 1137 613 1203; x_wconf 89' lang='lat' dir='ltr'>Celeriore</span> <span class='ocrx_word' id='word_1_56' title='bbox 636 1138 776 1203; x_wconf 90' lang='lat' dir='ltr'>fluminis</span> <span class='ocrx_word' id='word_1_57' title='bbox 799 1138 862 1202; x_wconf 90' lang='lat' dir='ltr'>Nili</span> <span class='ocrx_word' id='word_1_58' title='bbox 884 1140 1093 1224; x_wconf 85' lang='lat' dir='ltr'>navigatione</span> 
     </span>
     <span class='ocr_line' id='line_1_10' title="bbox 117 1242 1094 1329; baseline 0.005 -25"><span class='ocrx_word' id='word_1_59' title='bbox 117 1263 177 1305; x_wconf 92' lang='lat' dir='ltr'>rex</span> <span class='ocrx_word' id='word_1_60' title='bbox 205 1250 254 1306; x_wconf 89' lang='lat' dir='ltr'>est</span> <span class='ocrx_word' id='word_1_61' title='bbox 282 1264 374 1325; x_wconf 89' lang='lat' dir='ltr'>usus,</span> <span class='ocrx_word' id='word_1_62' title='bbox 404 1245 437 1307; x_wconf 92' lang='lat' dir='ltr'>in</span> <span class='ocrx_word' id='word_1_63' title='bbox 465 1264 529 1328; x_wconf 90' lang='lat' dir='ltr'>quo</span> <span class='ocrx_word' id='word_1_64' title='bbox 556 1265 709 1329; x_wconf 87' lang='lat' dir='ltr'>magnam</span> <span class='ocrx_word' id='word_1_65' title='bbox 732 1252 765 1308; x_wconf 91' lang='lat' dir='ltr'>et</span> <span class='ocrx_word' id='word_1_66' title='bbox 786 1253 934 1328; x_wconf 86' lang='lat' dir='ltr'>paratam</span> <span class='ocrx_word' id='word_1_67' title='bbox 956 1242 1094 1309; x_wconf 79' lang='lat' dir='ltr'>classem</span> 
     </span>
     <span class='ocr_line' id='line_1_11' title="bbox 115 1344 1093 1429; baseline 0.003 -20"><span class='ocrx_word' id='word_1_68' title='bbox 115 1344 267 1409; x_wconf 89' lang='lat' dir='ltr'>habebat.</span> <span class='ocrx_word' id='word_1_69' title='bbox 301 1344 422 1411; x_wconf 88' lang='lat' dir='ltr'>Caesar</span> <span class='ocrx_word' id='word_1_70' title='bbox 445 1347 559 1411; x_wconf 87' lang='lat' dir='ltr'>eodem</span> <span class='ocrx_word' id='word_1_71' title='bbox 574 1348 687 1411; x_wconf 88' lang='lat' dir='ltr'>itinere</span> <span class='ocrx_word' id='word_1_72' title='bbox 703 1349 750 1411; x_wconf 89' lang='lat' dir='ltr'>uti</span> <span class='ocrx_word' id='word_1_73' title='bbox 765 1346 873 1429; x_wconf 90' lang='lat' dir='ltr'>noluit,</span> <span class='ocrx_word' id='word_1_74' title='bbox 897 1369 938 1411; x_wconf 87' lang='lat' dir='ltr'>ne</span> <span class='ocrx_word' id='word_1_75' title='bbox 953 1346 1093 1413; x_wconf 84' lang='lat' dir='ltr'>navibus</span> 
     </span>
     <span class='ocr_line' id='line_1_12' title="bbox 116 1448 1092 1535; baseline 0.006 -25"><span class='ocrx_word' id='word_1_76' title='bbox 116 1448 149 1511; x_wconf 92' lang='lat' dir='ltr'>in</span> <span class='ocrx_word' id='word_1_77' title='bbox 171 1448 302 1514; x_wconf 90' lang='lat' dir='ltr'>flumine</span> <span class='ocrx_word' id='word_1_78' title='bbox 325 1449 507 1533; x_wconf 84' lang='lat' dir='ltr'>dimicaret,</span> <span class='ocrx_word' id='word_1_79' title='bbox 530 1449 587 1514; x_wconf 88' lang='lat' dir='ltr'>sed</span> <span class='ocrx_word' id='word_1_80' title='bbox 611 1452 846 1515; x_wconf 85' lang='lat' dir='ltr'>circumvectus</span> <span class='ocrx_word' id='word_1_81' title='bbox 868 1458 976 1515; x_wconf 82' lang='lat' dir='ltr'>osteo</span> <span class='ocrx_word' id='word_1_82' title='bbox 998 1453 1092 1535; x_wconf 90' lang='lat' dir='ltr'>mari,</span> 
     </span>
     <span class='ocr_line' id='line_1_13' title="bbox 117 1552 1093 1639; baseline 0.005 -23"><span class='ocrx_word' id='word_1_83' title='bbox 117 1552 203 1637; x_wconf 92' lang='lat' dir='ltr'>quod</span> <span class='ocrx_word' id='word_1_84' title='bbox 220 1553 350 1618; x_wconf 85' lang='lat' dir='ltr'>Africae</span> <span class='ocrx_word' id='word_1_85' title='bbox 365 1556 466 1639; x_wconf 88' lang='lat' dir='ltr'>partis</span> <span class='ocrx_word' id='word_1_86' title='bbox 489 1574 559 1617; x_wconf 90' lang='lat' dir='ltr'>esse</span> <span class='ocrx_word' id='word_1_87' title='bbox 582 1552 709 1636; x_wconf 91' lang='lat' dir='ltr'>dicitur,</span> <span class='ocrx_word' id='word_1_88' title='bbox 732 1554 826 1618; x_wconf 88' lang='lat' dir='ltr'>sicuti</span> <span class='ocrx_word' id='word_1_89' title='bbox 848 1574 947 1639; x_wconf 85' lang='lat' dir='ltr'>supra</span> <span class='ocrx_word' id='word_1_90' title='bbox 961 1553 1093 1621; x_wconf 85' lang='lat' dir='ltr'>demon·</span> 
     </span>
     <span class='ocr_line' id='line_1_14' title="bbox 115 1659 1093 1745; baseline 0.004 -24"><span class='ocrx_word' id='word_1_91' title='bbox 115 1660 304 1741; x_wconf 82' lang='lat' dir='ltr'>stravimus3</span> <span class='ocrx_word' id='word_1_92' title='bbox 335 1661 423 1744; x_wconf 91' lang='lat' dir='ltr'>prius</span> <span class='ocrx_word' id='word_1_93' title='bbox 445 1667 554 1723; x_wconf 90' lang='lat' dir='ltr'>tamen</span> <span class='ocrx_word' id='word_1_94' title='bbox 576 1660 662 1744; x_wconf 89' lang='lat' dir='ltr'>regis</span> <span class='ocrx_word' id='word_1_95' title='bbox 685 1660 783 1744; x_wconf 92' lang='lat' dir='ltr'>copiis</span> <span class='ocrx_word' id='word_1_96' title='bbox 806 1659 961 1741; x_wconf 78' lang='lat' dir='ltr'>occurrit,</span> <span class='ocrx_word' id='word_1_97' title='bbox 992 1680 1093 1745; x_wconf 89' lang='lat' dir='ltr'>quam</span> 
     </span>
     <span class='ocr_line' id='line_1_15' title="bbox 114 1761 1093 1848; baseline 0.003 -24"><span class='ocrx_word' id='word_1_98' title='bbox 114 1762 142 1824; x_wconf 92' lang='lat' dir='ltr'>is</span> <span class='ocrx_word' id='word_1_99' title='bbox 164 1761 375 1827; x_wconf 85' lang='lat' dir='ltr'>Mithridaten</span> <span class='ocrx_word' id='word_1_100' title='bbox 399 1762 534 1848; x_wconf 84' lang='lat' dir='ltr'>aggredi</span> <span class='ocrx_word' id='word_1_101' title='bbox 557 1771 679 1848; x_wconf 87' lang='lat' dir='ltr'>posset,</span> <span class='ocrx_word' id='word_1_102' title='bbox 708 1784 847 1848; x_wconf 88' lang='lat' dir='ltr'>eumque</span> <span class='ocrx_word' id='word_1_103' title='bbox 870 1761 913 1826; x_wconf 93' lang='lat' dir='ltr'>ad</span> <span class='ocrx_word' id='word_1_104' title='bbox 935 1783 970 1826; x_wconf 92' lang='lat' dir='ltr'>se</span> <span class='ocrx_word' id='word_1_105' title='bbox 992 1764 1093 1827; x_wconf 84' lang='lat' dir='ltr'>vieto·</span> 
     </span>
     <span class='ocr_line' id='line_1_16' title="bbox 93 1865 1093 1953; baseline 0.009 -29"><span class='ocrx_word' id='word_1_106' title='bbox 93 1886 184 1929; x_wconf 78' lang='lat' dir='ltr'>arem</span> <span class='ocrx_word' id='word_1_107' title='bbox 207 1865 356 1930; x_wconf 93' lang='lat' dir='ltr'>incolumi</span> <span class='ocrx_word' id='word_1_108' title='bbox 372 1868 518 1930; x_wconf 88' lang='lat' dir='ltr'>exercitu</span> <span class='ocrx_word' id='word_1_109' title='bbox 532 1870 662 1952; x_wconf 88' lang='lat' dir='ltr'>recepit.</span> <span class='ocrx_word' id='word_1_110' title='bbox 686 1865 887 1932; x_wconf 90' lang='lat' dir='ltr'>Consederat</span> <span class='ocrx_word' id='word_1_111' title='bbox 901 1887 976 1932; x_wconf 89' lang='lat' dir='ltr'>cum</span> <span class='ocrx_word' id='word_1_112' title='bbox 991 1868 1093 1953; x_wconf 88' lang='lat' dir='ltr'>copiis</span> 
     </span>
     <span class='ocr_line' id='line_1_17' title="bbox 114 1968 1093 2057; baseline 0.003 -25"><span class='ocrx_word' id='word_1_113' title='bbox 114 1991 175 2032; x_wconf 90' lang='lat' dir='ltr'>rex</span> <span class='ocrx_word' id='word_1_114' title='bbox 207 1969 276 2034; x_wconf 90' lang='lat' dir='ltr'>loco</span> <span class='ocrx_word' id='word_1_115' title='bbox 309 1972 426 2034; x_wconf 84' lang='lat' dir='ltr'>natura</span> <span class='ocrx_word' id='word_1_116' title='bbox 459 1972 596 2053; x_wconf 87' lang='lat' dir='ltr'>munito,</span> <span class='ocrx_word' id='word_1_117' title='bbox 629 1970 717 2055; x_wconf 92' lang='lat' dir='ltr'>quod</span> <span class='ocrx_word' id='word_1_118' title='bbox 745 1979 816 2036; x_wconf 88' lang='lat' dir='ltr'>erat</span> <span class='ocrx_word' id='word_1_119' title='bbox 843 1972 911 2057; x_wconf 91' lang='lat' dir='ltr'>ipse</span> <span class='ocrx_word' id='word_1_120' title='bbox 933 1968 1093 2035; x_wconf 84' lang='lat' dir='ltr'>excelsior</span> 
     </span>
     <span class='ocr_line' id='line_1_18' title="bbox 115 2071 1091 2160; baseline 0.005 -25"><span class='ocrx_word' id='word_1_121' title='bbox 115 2071 250 2157; x_wconf 88' lang='lat' dir='ltr'>planicie</span> <span class='ocrx_word' id='word_1_122' title='bbox 273 2095 315 2137; x_wconf 86' lang='lat' dir='ltr'>cx</span> <span class='ocrx_word' id='word_1_123' title='bbox 331 2072 478 2138; x_wconf 91' lang='lat' dir='ltr'>omnibus</span> <span class='ocrx_word' id='word_1_124' title='bbox 502 2073 647 2160; x_wconf 88' lang='lat' dir='ltr'>partibus</span> <span class='ocrx_word' id='word_1_125' title='bbox 669 2073 830 2158; x_wconf 82' lang='lat' dir='ltr'>subiecta3</span> <span class='ocrx_word' id='word_1_126' title='bbox 853 2072 958 2139; x_wconf 86' lang='lat' dir='ltr'>tribus</span> <span class='ocrx_word' id='word_1_127' title='bbox 980 2082 1091 2139; x_wconf 85' lang='lat' dir='ltr'>autem</span> 
     </span>
     <span class='ocr_line' id='line_1_19' title="bbox 115 2175 1090 2264; baseline 0.004 -26"><span class='ocrx_word' id='word_1_128' title='bbox 115 2196 158 2239; x_wconf 91' lang='lat' dir='ltr'>ex</span> <span class='ocrx_word' id='word_1_129' title='bbox 180 2175 334 2242; x_wconf 88' lang='lat' dir='ltr'>lateribus</span> <span class='ocrx_word' id='word_1_130' title='bbox 356 2179 455 2242; x_wconf 86' lang='lat' dir='ltr'>variis</span> <span class='ocrx_word' id='word_1_131' title='bbox 477 2179 691 2242; x_wconf 91' lang='lat' dir='ltr'>munitionum</span> <span class='ocrx_word' id='word_1_132' title='bbox 705 2176 888 2264; x_wconf 79' lang='lat' dir='ltr'>generibus.</span> <span class='ocrx_word' id='word_1_133' title='bbox 900 2175 1090 2262; x_wconf 84' lang='lat' dir='ltr'>tegebatur:</span> 
     </span>
     <span class='ocr_line' id='line_1_20' title="bbox 114 2280 1090 2365; baseline 0.003 -21"><span class='ocrx_word' id='word_1_134' title='bbox 114 2301 215 2345; x_wconf 91' lang='lat' dir='ltr'>unum</span> <span class='ocrx_word' id='word_1_135' title='bbox 236 2281 319 2347; x_wconf 88' lang='lat' dir='ltr'>latus</span> <span class='ocrx_word' id='word_1_136' title='bbox 343 2292 413 2347; x_wconf 88' lang='lat' dir='ltr'>erat</span> <span class='ocrx_word' id='word_1_137' title='bbox 435 2282 598 2347; x_wconf 89' lang='lat' dir='ltr'>adiectum</span> <span class='ocrx_word' id='word_1_138' title='bbox 619 2281 742 2347; x_wconf 90' lang='lat' dir='ltr'>flumini</span> <span class='ocrx_word' id='word_1_139' title='bbox 758 2280 841 2365; x_wconf 86' lang='lat' dir='ltr'>Nilo,</span> <span class='ocrx_word' id='word_1_140' title='bbox 864 2280 1003 2347; x_wconf 85' lang='lat' dir='ltr'>alterum</span> <span class='ocrx_word' id='word_1_141' title='bbox 1024 2280 1090 2347; x_wconf 84' lang='lat' dir='ltr'>edi·</span> 
     </span>
     <span class='ocr_line' id='line_1_21' title="bbox 114 2383 1089 2469; baseline 0.002 -22"><span class='ocrx_word' id='word_1_142' title='bbox 114 2385 235 2449; x_wconf 89' lang='lat' dir='ltr'>tissime</span> <span class='ocrx_word' id='word_1_143' title='bbox 258 2384 327 2450; x_wconf 93' lang='lat' dir='ltr'>loco</span> <span class='ocrx_word' id='word_1_144' title='bbox 351 2384 494 2467; x_wconf 89' lang='lat' dir='ltr'>ductum,</span> <span class='ocrx_word' id='word_1_145' title='bbox 516 2394 554 2449; x_wconf 94' lang='lat' dir='ltr'>ut</span> <span class='ocrx_word' id='word_1_146' title='bbox 574 2393 701 2469; x_wconf 90' lang='lat' dir='ltr'>partem</span> <span class='ocrx_word' id='word_1_147' title='bbox 723 2391 903 2449; x_wconf 87' lang='lat' dir='ltr'>castrorum</span> <span class='ocrx_word' id='word_1_148' title='bbox 918 2383 1089 2469; x_wconf 84' lang='lat' dir='ltr'>obtineret,</span> 
     </span>
     <span class='ocr_line' id='line_1_22' title="bbox 112 2486 604 2575; baseline -0.004 -22"><span class='ocrx_word' id='word_1_149' title='bbox 112 2490 243 2553; x_wconf 89' lang='lat' dir='ltr'>tertium</span> <span class='ocrx_word' id='word_1_150' title='bbox 264 2488 382 2575; x_wconf 90' lang='lat' dir='ltr'>palude</span> <span class='ocrx_word' id='word_1_151' title='bbox 405 2486 604 2573; x_wconf 86' lang='lat' dir='ltr'>cingebatur.</span> 
     </span>
    </p>

    <p class='ocr_par' dir='ltr' id='par_1_5' title="bbox 112 2589 1090 2885">
     <span class='ocr_line' id='line_1_23' title="bbox 198 2589 1090 2657; baseline 0.002 -2"><span class='ocrx_word' id='word_1_152' title='bbox 198 2592 249 2657; x_wconf 79' lang='lat'>29.</span> <span class='ocrx_word' id='word_1_153' title='bbox 284 2593 373 2657; x_wconf 90' lang='lat' dir='ltr'>Inter</span> <span class='ocrx_word' id='word_1_154' title='bbox 401 2600 508 2656; x_wconf 87' lang='lat' dir='ltr'>castra</span> <span class='ocrx_word' id='word_1_155' title='bbox 536 2600 569 2656; x_wconf 91' lang='lat' dir='ltr'>et</span> <span class='ocrx_word' id='word_1_156' title='bbox 590 2589 739 2657; x_wconf 80' lang='lat' dir='ltr'>Caesaris</span> <span class='ocrx_word' id='word_1_157' title='bbox 767 2594 828 2657; x_wconf 88' lang='lat' dir='ltr'>iter</span> <span class='ocrx_word' id='word_1_158' title='bbox 849 2591 971 2657; x_wconf 89' lang='lat' dir='ltr'>flumen</span> <span class='ocrx_word' id='word_1_159' title='bbox 992 2593 1090 2657; x_wconf 87' lang='lat' dir='ltr'>iuter·</span> 
     </span>
     <span class='ocr_line' id='line_1_24' title="bbox 113 2693 1090 2782; baseline 0.002 -23"><span class='ocrx_word' id='word_1_160' title='bbox 113 2695 250 2760; x_wconf 89' lang='lat' dir='ltr'>cedebat</span> <span class='ocrx_word' id='word_1_161' title='bbox 279 2705 453 2781; x_wconf 85' lang='lat' dir='ltr'>angustum</span> <span class='ocrx_word' id='word_1_162' title='bbox 482 2695 642 2761; x_wconf 86' lang='lat' dir='ltr'>altissimis</span> <span class='ocrx_word' id='word_1_163' title='bbox 670 2697 763 2781; x_wconf 89' lang='lat' dir='ltr'>ripis,</span> <span class='ocrx_word' id='word_1_164' title='bbox 798 2695 885 2782; x_wconf 91' lang='lat' dir='ltr'>quod</span> <span class='ocrx_word' id='word_1_165' title='bbox 918 2696 952 2760; x_wconf 92' lang='lat' dir='ltr'>iu</span> <span class='ocrx_word' id='word_1_166' title='bbox 978 2693 1090 2761; x_wconf 82' lang='lat' dir='ltr'>Nilum</span> 
     </span>
     <span class='ocr_line' id='line_1_25' title="bbox 112 2797 1089 2885; baseline 0 -22"><span class='ocrx_word' id='word_1_167' title='bbox 112 2799 284 2883; x_wconf 87' lang='lat' dir='ltr'>influebat,</span> <span class='ocrx_word' id='word_1_168' title='bbox 314 2799 429 2866; x_wconf 90' lang='lat' dir='ltr'>aberat</span> <span class='ocrx_word' id='word_1_169' title='bbox 456 2808 564 2864; x_wconf 90' lang='lat' dir='ltr'>autem</span> <span class='ocrx_word' id='word_1_170' title='bbox 593 2798 636 2863; x_wconf 88' lang='lat' dir='ltr'>ab</span> <span class='ocrx_word' id='word_1_171' title='bbox 664 2801 750 2885; x_wconf 88' lang='lat' dir='ltr'>regis</span> <span class='ocrx_word' id='word_1_172' title='bbox 772 2801 886 2865; x_wconf 86' lang='lat' dir='ltr'>castris</span> <span class='ocrx_word' id='word_1_173' title='bbox 907 2797 996 2863; x_wconf 85' lang='lat' dir='ltr'>milia</span> <span class='ocrx_word' id='word_1_174' title='bbox 1016 2818 1089 2885; x_wconf 72' lang='lat' dir='ltr'>pas</span> 
     </span>
    </p>

    <p class='ocr_par' dir='ltr' id='par_1_6' title="bbox 91 2898 1090 3404">
     <span class='ocr_line' id='line_1_26' title="bbox 91 2898 1089 2968; baseline 0.002 -3"><span class='ocrx_word' id='word_1_175' title='bbox 91 2921 206 2966; x_wconf 69' lang='lat' dir='ltr'>esuum</span> <span class='ocrx_word' id='word_1_176' title='bbox 229 2905 355 2968; x_wconf 89' lang='lat' dir='ltr'>circiter</span> <span class='ocrx_word' id='word_1_177' title='bbox 377 2921 436 2968; x_wconf 85' lang='lat' dir='ltr'>vn.</span> <span class='ocrx_word' id='word_1_178' title='bbox 466 2904 540 2968; x_wconf 88' lang='lat' dir='ltr'>Rex</span> <span class='ocrx_word' id='word_1_179' title='bbox 562 2924 636 2967; x_wconf 91' lang='lat' dir='ltr'>cum</span> <span class='ocrx_word' id='word_1_180' title='bbox 657 2901 719 2967; x_wconf 92' lang='lat' dir='ltr'>hoc</span> <span class='ocrx_word' id='word_1_181' title='bbox 740 2902 853 2967; x_wconf 89' lang='lat' dir='ltr'>itinere</span> <span class='ocrx_word' id='word_1_182' title='bbox 875 2903 988 2968; x_wconf 85' lang='lat' dir='ltr'>venire</span> <span class='ocrx_word' id='word_1_183' title='bbox 1009 2898 1089 2967; x_wconf 78' lang='lat' dir='ltr'>Cae</span> 
     </span>
     <span class='ocr_line' id='line_1_27' title="bbox 112 3004 1089 3093; baseline -0.001 -22"><span class='ocrx_word' id='word_1_184' title='bbox 112 3029 218 3071; x_wconf 86' lang='lat' dir='ltr'>sarem</span> <span class='ocrx_word' id='word_1_185' title='bbox 249 3010 473 3093; x_wconf 86' lang='lat' dir='ltr'>comperisset,</span> <span class='ocrx_word' id='word_1_186' title='bbox 501 3009 680 3092; x_wconf 89' lang='lat' dir='ltr'>equitatum</span> <span class='ocrx_word' id='word_1_187' title='bbox 702 3027 831 3070; x_wconf 91' lang='lat' dir='ltr'>omnem</span> <span class='ocrx_word' id='word_1_188' title='bbox 853 3004 1089 3093; x_wconf 85' lang='lat' dir='ltr'>expeditosque</span> 
     </span>
     <span class='ocr_line' id='line_1_28' title="bbox 112 3109 1090 3196; baseline 0.001 -22"><span class='ocrx_word' id='word_1_189' title='bbox 112 3110 253 3174; x_wconf 90' lang='lat' dir='ltr'>delectos</span> <span class='ocrx_word' id='word_1_190' title='bbox 275 3109 399 3196; x_wconf 88' lang='lat' dir='ltr'>pedites</span> <span class='ocrx_word' id='word_1_191' title='bbox 428 3110 471 3175; x_wconf 90' lang='lat' dir='ltr'>ad</span> <span class='ocrx_word' id='word_1_192' title='bbox 503 3110 537 3175; x_wconf 90' lang='lat' dir='ltr'>id</span> <span class='ocrx_word' id='word_1_193' title='bbox 570 3111 691 3175; x_wconf 90' lang='lat' dir='ltr'>flumen</span> <span class='ocrx_word' id='word_1_194' title='bbox 724 3111 827 3193; x_wconf 89' lang='lat' dir='ltr'>misit,</span> <span class='ocrx_word' id='word_1_195' title='bbox 861 3111 917 3194; x_wconf 92' lang='lat' dir='ltr'>qui</span> <span class='ocrx_word' id='word_1_196' title='bbox 949 3110 1090 3175; x_wconf 69' lang='lat' dir='ltr'>uenatu</span> 
     </span>
     <span class='ocr_line' id='line_1_29' title="bbox 112 3210 1090 3299; baseline -0.002 -20"><span class='ocrx_word' id='word_1_197' title='bbox 112 3212 286 3279; x_wconf 89' lang='lat' dir='ltr'>Caesarem</span> <span class='ocrx_word' id='word_1_198' title='bbox 314 3212 522 3299; x_wconf 89' lang='lat' dir='ltr'>prohiberent</span> <span class='ocrx_word' id='word_1_199' title='bbox 553 3223 586 3278; x_wconf 89' lang='lat' dir='ltr'>et</span> <span class='ocrx_word' id='word_1_200' title='bbox 613 3216 737 3279; x_wconf 92' lang='lat' dir='ltr'>eminus</span> <span class='ocrx_word' id='word_1_201' title='bbox 766 3235 809 3277; x_wconf 86' lang='lat' dir='ltr'>ex</span> <span class='ocrx_word' id='word_1_202' title='bbox 830 3214 909 3299; x_wconf 92' lang='lat' dir='ltr'>ripis</span> <span class='ocrx_word' id='word_1_203' title='bbox 930 3210 1090 3299; x_wconf 83' lang='lat' dir='ltr'>proelium</span> 
     </span>
     <span class='ocr_line' id='line_1_30' title="bbox 111 3313 1090 3404; baseline -0.001 -22"><span class='ocrx_word' id='word_1_204' title='bbox 111 3320 215 3404; x_wconf 91' lang='lat' dir='ltr'>impar</span> <span class='ocrx_word' id='word_1_205' title='bbox 230 3320 364 3383; x_wconf 87' lang='lat' dir='ltr'>inirent:</span> <span class='ocrx_word' id='word_1_206' title='bbox 387 3316 508 3382; x_wconf 91' lang='lat' dir='ltr'>nullum</span> <span class='ocrx_word' id='word_1_207' title='bbox 524 3319 609 3381; x_wconf 87' lang='lat' dir='ltr'>enim</span> <span class='ocrx_word' id='word_1_208' title='bbox 623 3338 810 3403; x_wconf 90' lang='lat' dir='ltr'>processum</span> <span class='ocrx_word' id='word_1_209' title='bbox 825 3316 929 3381; x_wconf 85' lang='lat' dir='ltr'>virtus</span> <span class='ocrx_word' id='word_1_210' title='bbox 943 3313 1090 3381; x_wconf 85' lang='lat' dir='ltr'>habebat</span> 
     </span>
    </p>
   </div>
   <div class='ocr_carea' id='block_1_3' title="bbox 88 3418 1091 3612">
    <p class='ocr_par' dir='ltr' id='par_1_7' title="bbox 88 3418 1091 3612">
     <span class='ocr_line' id='line_1_31' title="bbox 88 3418 1091 3510; baseline -0.004 -21"><span class='ocrx_word' id='word_1_211' title='bbox 88 3433 167 3489; x_wconf 73' lang='lat' dir='ltr'>aaut</span> <span class='ocrx_word' id='word_1_212' title='bbox 195 3422 372 3510; x_wconf 90' lang='lat' dir='ltr'>periculum</span> <span class='ocrx_word' id='word_1_213' title='bbox 394 3422 525 3507; x_wconf 85' lang='lat' dir='ltr'>ignavia</span> <span class='ocrx_word' id='word_1_214' title='bbox 547 3419 686 3486; x_wconf 88' lang='lat' dir='ltr'>subibat.</span> <span class='ocrx_word' id='word_1_215' title='bbox 732 3421 825 3503; x_wconf 79' lang='lat' dir='ltr'>Quae</span> <span class='ocrx_word' id='word_1_216' title='bbox 857 3440 911 3486; x_wconf 87' lang='lat' dir='ltr'>res</span> <span class='ocrx_word' id='word_1_217' title='bbox 943 3418 1091 3485; x_wconf 87' lang='lat' dir='ltr'>incendit</span> 
     </span>
     <span class='ocr_line' id='line_1_32' title="bbox 111 3520 1090 3612; baseline -0.005 -18"><span class='ocrx_word' id='word_1_218' title='bbox 111 3528 220 3594; x_wconf 88' lang='lat' dir='ltr'>dolore</span> <span class='ocrx_word' id='word_1_219' title='bbox 243 3528 358 3593; x_wconf 90' lang='lat' dir='ltr'>milites</span> <span class='ocrx_word' id='word_1_220' title='bbox 382 3526 571 3612; x_wconf 91' lang='lat' dir='ltr'>equitesque</span> <span class='ocrx_word' id='word_1_221' title='bbox 593 3534 729 3609; x_wconf 88' lang='lat' dir='ltr'>nostros,</span> <span class='ocrx_word' id='word_1_222' title='bbox 753 3521 841 3610; x_wconf 91' lang='lat' dir='ltr'>quod</span> <span class='ocrx_word' id='word_1_223' title='bbox 861 3531 930 3589; x_wconf 81' lang='lat' dir='ltr'>tem</span> <span class='ocrx_word' id='word_1_224' title='bbox 944 3520 1002 3589; x_wconf 86' lang='lat' dir='ltr'>diu</span> <span class='ocrx_word' id='word_1_225' title='bbox 1015 3523 1090 3611; x_wconf 82' lang='lat' dir='ltr'>pari</span> 
     </span>
    </p>
   </div>
   <div class='ocr_carea' id='block_1_4' title="bbox 0 0 1192 3924">
    <p class='ocr_par' dir='ltr' id='par_1_8' title="bbox 0 0 1192 3924">
     <span class='ocr_line' id='line_1_33' title="bbox 0 0 1192 3924; baseline 0 2"><span class='ocrx_word' id='word_1_226' title='bbox 0 0 1192 3924; x_wconf 95' lang='lat' dir='ltr'> </span> 
     </span>
    </p>
   </div>
  </div>
 </body>
</html>
