2376 3924
115 223 252 273 LXXXIV
416 220 626 273 ADNOTATIO
646 221 792 272 CRITIOA

115 412 247 462 excidisse
266 418 348 461 ratus.
366 410 418 460 hac
436 410 572 475 particula
588 416 684 460 auctor
701 410 782 459 etiam
800 425 882 475 supra
901 425 923 461 c.
937 411 1007 476 28,3
1025 426 1091 461 risus

114 504 162 548 est.
193 504 221 548 at
238 498 299 548 loco
317 498 415 547 iterum
434 497 585 561 iterumque
603 501 745 562 perputato
763 511 860 546 vereor
876 500 919 556 ut,
947 496 1005 546 sive
1023 510 1090 547 nam

113 586 171 635 sive
189 583 289 637 etenim
307 584 455 643 scribatur,
482 597 545 632 vere
564 583 601 632 sit
622 587 746 638 sanatus,
774 598 834 632 cum
857 582 928 631 enim
952 587 1089 632 narratum

113 672 148 721 sit
166 676 224 721 orta
243 671 379 736 legionum
399 667 534 719 discordia
558 668 691 718 decimam
715 669 820 718 tertiam
844 667 973 734 oppidum
992 669 1088 741 ‘defen-

112 757 197 820 disse,
224 761 412 822 exspectamus
430 761 516 817 certe,
544 760 574 805 ut
592 756 674 805 etiam
696 753 861 820 reliquarum
884 754 1021 820 legionum
1046 756 1090 805 illi

111 844 313 895 adversantium
333 842 433 892 mentio
452 840 506 892 fiat.
537 846 699 906 quapropter
718 841 840 905 suspicor
860 854 928 892 non
952 857 984 890 ex
1003 842 1089 908 signi-

111 929 236 980 ficatione
259 942 372 980 nonae
394 928 511 994 legionis
534 928 682 989 restitisse,
711 943 770 976 cum
791 927 834 977 vel
852 926 987 979 nonani
1005 930 1088 994 scrip-

109 1022 165 1064 tum
181 1021 253 1065 esset
265 1014 310 1065 vel
328 1028 421 1067 riona
440 1017 569 1078 sequente
588 1014 658 1063 alius
677 1014 792 1079 legionis
811 1028 931 1078 numero,
950 1029 1019 1078 quae
1032 1031 1088 1065 una

111 1119 171 1151 curn
189 1116 266 1153 riona
284 1105 371 1151 turres
390 1116 422 1150 ex
440 1106 516 1165 parte
535 1105 562 1148 et
580 1115 683 1148 murum
703 1105 890 1164 occupaverat.

212 1204 234 1237 c.
247 1189 288 1249 36,
302 1190 332 1236 2:
355 1186 428 1252 quad
442 1185 546 1238 Caesar
565 1200 627 1238 curn
646 1183 889 1252 artimaduerteret,
907 1184 934 1238 si
951 1185 1087 1254 oppidum

110 1289 208 1340 capere
230 1272 420 1337 contenderet,
448 1273 505 1323 fore
529 1276 562 1324 ut
584 1270 707 1323 bonrines
730 1270 837 1338 perditi
862 1271 1042 1326 incenderent
1060 1278 1087 1327 et

108 1360 218 1413 moenia
237 1357 375 1428 delerentfl
394 1357 471 1423 fore
489 1360 585 1409 Dintcr
604 1359 753 1424 supplevit3
772 1365 800 1410 at
817 1360 931 1410 fortasse
950 1363 1086 1426 praeferre

109 1448 241 1499 debebam
260 1446 404 1498 lectionem
429 1447 531 1496 codicis
555 1446 571 1500 f
594 1444 718 1498 timuit
740 1461 791 1512 ne,
819 1462 889 1512 quae
906 1448 931 1497 ei
948 1448 1085 1514 probatur,

108 1534 251 1584 dummodo
275 1533 359 1583 verba
383 1531 456 1598 quod
479 1532 584 1586 Caesar
608 1547 670 1584 cunt
693 1531 929 1585 animaduerteret
952 1533 987 1584 ad
1010 1541 1084 1586 ante-

108 1621 234 1670 cedentia
251 1621 416 1681 referantur,
440 1618 522 1685 plane
541 1623 604 1683 apte
623 1617 738 1668 efficitur
757 1620 931 1670 constructio.
954 1646 988 1657 -·
1012 1623 1036 1684 §-
1055 1623 1084 1670 3:

106 1708 233 1756 lacunam
252 1711 314 1770 post
333 1704 496 1757 detinentur
516 1705 620 1754 not-avit
639 1704 801 1769 Nipperdey.

211 1811 233 1843 c.
252 1794 293 1853 37,
318 1796 346 1842 2:
375 1790 499 1858 Didius,
528 1791 576 1858 qui
603 1791 637 1841 ad
664 1789 758 1843 Gades
786 1790 872 1844 classi
898 1791 1084 1860 praefuisset,

106 1878 275 1944 sintulatque
292 1877 413 1929 nurttius
432 1875 539 1930 allatus
558 1881 606 1944 est,
621 1876 773 1942 'confestim
792 1877 870 1944 sequi
888 1878 989 1946 coepit,
1012 1893 1084 1945 par·

106 1965 157 2018 tini
171 1964 301 2033 peditum
319 1967 345 2016 et
364 1963 506 2030 equitatus
526 1963 802 2031 ad‘persequenduru
820 1963 944 2017 celeriter
956 1970 1084 2017 terrestre

82 2084 84 2087 -
105 2050 250 2116 faciebant
272 2049 343 2102 iter
366 2048 629 2118 nauiqationene
652 2049 887 2115 insequentes.
915 2054 1018 2116 quarto
1037 2051 1083 2105 die

104 2134 298 2204 naaiqatt'onc's
317 2149 338 2186 c.
357 2149 380 2200 q.
399 2131 440 2203 a]
462 2135 562 2184 retinui
579 2135 651 2185 hanc
668 2135 765 2200 prioris
784 2135 910 2185 editionis
929 2137 1083 2189 lectionem.

105 2223 167 2273 libri
181 2224 248 2273 haec
261 2223 317 2274 fere
330 2222 444 2272 habent:
465 2219 584 2288 Didius,
603 2219 663 2287 qui
684 2218 795 2273 Gadis
813 2219 905 2287 (cadis
924 2221 978 2289 af)
997 2221 1083 2276 classi

100 2308 290 2378 praefuisset,
318 2307 363 2359 ad
386 2323 481 2374 quent
504 2305 609 2360 simul
627 2306 748 2359 nuntius
767 2305 874 2360 allatus
892 2313 947 2370 est,
971 2310 1083 2376 partim

100 2395 250 2463 pedibus
278 2395 418 2463 (pedites,
448 2394 598 2464 peditatus
626 2395 670 2444 vel
694 2393 840 2461 peditibus
867 2395 1025 2464 deteriores)
1055 2403 1082 2451 et

103 2484 246 2551 equitatus
271 2483 310 2536 ad
330 2481 554 2551 persequendum
582 2481 707 2535 celeriter
734 2482 803 2535 iter
830 2482 975 2548 faciebant
1001 2484 1081 2537 item

103 2575 229 2637 quarto
248 2571 302 2624 die
320 2570 557 2640 rrauiqatione
578 2569 770 2638 (rtaviqationc
787 2569 838 2636 bit
857 2569 1004 2635 corifestinc
1016 2586 1081 2624 eon-

102 2662 244 2724 sequentes
263 2657 397 2725 (cortfestt
412 2661 556 2724 sequentes
574 2652 611 2722 f).
636 2656 700 2706 inde
712 2656 868 2722 Nipperdey
887 2657 1022 2708 ediderat:
1040 2657 1080 2712 D.

102 2759 126 2810 q.
146 2743 179 2795 cl.
193 2759 251 2810 pn,
279 2743 457 2809 siniuladque
478 2741 589 2795 Gadis
607 2757 635 2794 n.
654 2757 680 2793 a.
700 2757 735 2804 a,
763 2757 785 2794 c.
804 2756 826 2794 s.
845 2757 882 2809 c.,·
905 2743 1016 2808 partim
1029 2760 1079 2813 pe-

101 2829 185 2882 dibus
211 2829 247 2898 [et
265 2829 420 2898 equitatus]
446 2846 472 2881 a.
492 2846 523 2897 p.
548 2845 569 2883 c.
597 2828 652 2881 iter
676 2827 821 2893 faciebant
842 2828 909 2882 item
932 2828 1080 2896 confestim

99 2919 303 2980 consequentes.
333 2915 441 2984 Quarto
460 2915 505 2968 die
522 2914 715 2984 reaaiqationis
734 2919 797 2967 cett.
826 2917 938 2980 Kraner,
958 2918 1079 2978 Dbbner,

98 3003 198 3052 Dintcr
223 3001 271 3067 qni
293 3001 450 3056 Gadibus
476 3005 657 3069 scripserunt,
687 3005 715 3053 in
742 3004 854 3069 reliquis
884 3003 1077 3069 Nipperdeium

98 3089 186 3138 secuti
204 3093 274 3138 sunt.

203 3193 225 3226 c,
244 3177 285 3237 38,
304 3177 333 3225 3:
361 3175 404 3228 ita
423 3175 520 3230 lectica
539 3177 578 3230 ad
597 3181 703 3230 turrem
721 3192 783 3229 euni
801 3179 872 3229 esset
891 3175 1012 3243 ablatus,
1036 3175 1078 3245 [in

98 3277 132 3314 ea
159 3261 329 3330 ferebatur],
358 3261 533 3329 Lusitanus,
560 3278 635 3315 neore
652 3262 774 3315 militari
797 3280 829 3313 ex
850 3264 908 3313 eius
928 3263 1077 3330 praesidio

97 3349 252 3414 speculator
271 3351 382 3409 missus,
407 3365 470 3401 cunt
486 3348 590 3414 fuisset
609 3354 784 3417 cartspectus,
803 3348 928 3403 celeriter
947 3349 1077 3416 equitatu

95 3434 310 3503 cohortibusque
329 3434 460 3488 Caesaris
479 3434 739 3506 circumcluditur]
768 3435 882 3489 ablatus
901 3436 988 3500 codd,
1011 3437 1076 3502 Nip-
1156 3435 1159 3442 “

92 3524 200 3590 perdey
224 3529 252 3575 ct
276 3529 421 3590 sequentes
451 3524 569 3575 editores
599 3521 716 3576 adlatas
745 3527 901 3589 posuerunt.
928 3549 962 3560 —
988 3521 1021 3574 ln
1043 3536 1077 3575 ea
