2376 3924
390 228 501 279 LIBER
519 227 554 295 ΙΙ,
574 228 651 279 CAP.
670 230 781 279 22—25.
1024 229 1065 294 75

84 420 187 504 longis
209 419 348 484 navibus
371 419 414 483 ad
437 417 596 505 Clupeam
619 420 835 505 praestolam,
858 441 940 506 quas
967 443 1090 490 navess

84 527 200 592 Uticae
223 546 266 587 ex
288 523 491 608 praedonum
518 521 602 586 bello
625 522 802 587 subductas
825 524 861 588 P.
884 523 995 589 Attius
1016 547 1068 588 re-

85 628 240 694 ficiendas
263 627 357 690 huius
380 624 454 689 belli
478 648 576 690 causa
592 635 775 708 curaverat,
798 629 920 692 veritus
936 629 1068 692 navium
1168 665 1172 670 ·

85 731 325 797 multitudinem
348 752 391 793 ex
414 729 478 793 alto
493 729 659 813 refugerat
674 729 874 816 appulsaque
897 731 939 795 ad
962 733 1068 816 proxi-

76 859 174 900 ·mum
190 833 265 899 litus
280 837 411 900 trireme
424 845 589 900 constrata
605 846 637 900 et
652 838 685 900 in
700 835 791 901 litore
804 836 916 900 relicto
931 836 1068 922 pedibus

86 940 304 1005 Adrumetum
338 940 535 1025 perfugerat.
580 941 619 1005 Id
649 940 803 1026 oppidum
832 940 867 1005 C.
897 940 1091 1005 Considiusr

87 1046 221 1128 Longus
243 1045 338 1108 unius
360 1042 494 1127 legionis
517 1044 678 1130 praesidio
702 1042 864 1109 tuebatur.
909 1043 1068 1128 Reliquae

87 1148 236 1212 Caesaris
258 1169 359 1211 naves
382 1148 450 1211 eius
472 1147 551 1230 fuga
574 1170 608 1211 se
625 1146 842 1212 Adrumetum
863 1158 1068 1233 receperunt·

87 1254 184 1316 Hunc
213 1260 341 1316 secutus
364 1251 506 1315 Marcius
536 1252 640 1315 Rufus
668 1260 820 1335 quaestor
847 1251 986 1317 navibus
1008 1271 1116 1336 urus

88 1377 169 1440 quas
203 1353 363 1439 praesidio
398 1355 553 1418 onerariis
585 1353 726 1419 navibus
754 1353 852 1420 Curio
886 1378 929 1420 ex
962 1357 1070 1423 Sicilia

88 1459 262 1539 eduxerat,
296 1466 467 1541 postquam
500 1458 532 1521 in
565 1455 656 1522 litore
685 1458 830 1522 relictam
852 1482 970 1523 navem
999 1482 1070 1524 cen-

90 1562 212 1647 spexit,
241 1560 328 1626 hanc
356 1559 498 1625 remulco
527 1560 705 1640 abstraxit3
740 1565 808 1647 ipse
831 1562 874 1626 ad
898 1561 1071 1627 Curionem

91 1688 168 1730 cum
191 1662 292 1728 classe
314 1663 408 1727 redit.

174 1767 225 1832 24.
257 1766 354 1832 Curio
377 1769 537 1832 Marcium
560 1770 691 1836 Uticam
714 1769 853 1835 navibus
876 1773 1069 1856 praemittit3

90 1877 158 1959 ipse
187 1872 302 1937 eodem
325 1894 399 1936 cum
422 1875 570 1936 exercitu
592 1875 806 1959 proficiscitur
834 1875 989 1960 biduique
1011 1879 1072 1941 iter

90 1998 279 2064 progressus
291 1975 333 2040 ad
349 1976 470 2041 flumen
481 1976 669 2061 Bagradam
684 1981 843 2063 pervenit.
868 1979 918 2044 Ibi
931 1980 966 2045 C.
980 1980 1093 2046 Cani-²

90 2086 179 2147 nium
199 2079 350 2146 Rebilum
372 2079 516 2165 legatum
538 2101 612 2144 cum
633 2080 814 2166 legionibus
836 2083 981 2169 reliquit;
1004 2087 1072 2170 ipse

94 2208 169 2250 curn
203 2187 349 2269 equitatu
377 2185 540 2250 antecedit
568 2186 610 2250 ad
626 2196 746 2251 ,castra
775 2187 975 2273 exploranda
998 2188 1073 2254 Cor-

91 2288 234 2370 neliana,
258 2287 346 2372 qued
368 2290 394 2353 is
415 2288 503 2354 locus
526 2289 719 2374 peridoneus
743 2293 857 2354 eastris
879 2291 1071 2357 habebatur.

91 2393 130 2458 Id
164 2399 272 2456 autem
306 2401 356 2456 est
387 2394 499 2477 iugum
532 2393 691 2459 directum
728 2397 872 2459 eminens
906 2398 939 2459 in
972 2418 1094 2479 marest

91 2506 230 2581 utraque
258 2516 301 2559 ex
330 2504 422 2581 parte
451 2507 663 2583 praeruptum
692 2507 790 2583 atque
819 2521 986 2584 asperum,
1016 2501 1074 2565 sed

84 2611 202 2666 ,tamen
231 2597 327 2685 paulo
356 2599 476 2664 leniore
495 2600 631 2687 'fastigio
660 2601 702 2667 ab
731 2625 771 2667 ea
794 2614 901 2689 parte,
925 2625 1008 2688 quae
1031 2604 1073 2668 ad

92 2706 223 2770 Uticam
245 2707 359 2789 vergit.
390 2703 495 2770 Abest
518 2706 641 2771 directo
663 2708 777 2771 itinere
800 2706 842 2770 ab
858 2708 955 2772 Utica
978 2707 1095 2792 paulos

92 2808 229 2894 amplius
251 2829 366 2892 passus
388 2807 482 2872 mille.
522 2808 587 2875 Sed
610 2808 671 2873 hee
694 2811 809 2874 itinere
832 2819 881 2876 est
904 2811 985 2893 fons,
1009 2834 1073 2896 quo

93 2934 183 2976 mare
214 2911 358 2977 succedit
385 2912 526 2998 longius,
559 2914 689 2999 lateque
718 2916 745 2979 is
773 2914 861 2980 locus
889 2925 1072 3001 restagnat3

93 3039 191 3103 quem
219 3018 245 3080 si
268 3017 323 3101 qui
345 3018 450 3081 vitare
472 3015 625 3100 voluerit,
656 3039 716 3082 sex
738 3018 861 3083 milium
883 3021 1019 3084 circuitu
1040 3022 1074 3084 in

94 3120 248 3207 oppidum
271 3122 427 3205 pervenit.

179 3223 230 3288 25.
265 3225 338 3289 Hoc
360 3223 527 3311 explorato
556 3226 625 3291 loeo
648 3225 746 3292 Curio
769 3237 876 3292 eastra
899 3229 979 3292 Vari
1002 3250 1074 3292 con-

94 3329 187 3413 spicit
214 3350 307 3392 muro
338 3328 520 3415 oppidoque
551 3332 722 3395 coniuncta
751 3330 794 3395 ad
816 3341 960 3417 portam,
990 3352 1074 3416 quae

95 3430 275 3517 appellatur
297 3431 422 3516 bellica,
446 3433 622 3498 admodum
644 3437 768 3499 munita
783 3433 985 3517 naturalem,
1009 3457 1074 3499 una

95 3544 253 3620 exparte
276 3537 344 3621 ipso
368 3535 486 3621 oppido
508 3538 622 3621 Utica,
654 3538 756 3604 altera
778 3561 798 3602 a
821 3538 962 3621 theatro,
987 3540 1074 3626 qued
