2376 3924
408 216 518 272 cisse
535 217 558 295 1,
576 216 654 270 ose.
672 216 782 272 ss-so.
1039 172 1081 284 99

102 419 228 493 rentur,
253 408 318 474 sibi
341 408 569 496 quaerendum
593 418 652 475 aut
675 408 895 494 cogitandum
909 418 1080 497 putarent.

101 513 311 579 Ariovistum
329 536 365 584 se
389 512 528 580 consule
555 511 774 600 cupidissime
800 511 914 600 populi
936 513 1117 578 Romanis-

101 618 288 684 amicitiam
303 617 490 702 appetisse:
506 639 566 682 cur
581 617 669 682 hunc
685 625 755 682 tam
766 626 892 683 temere
904 619 1080 704 quisquam

101 720 145 786 ab
169 721 279 786 officio
305 720 530 787 discessurum
546 719 738 786 iudicaret?
761 718 834 786 Sibi
851 718 984 806 quidem
1007 741 1101 808 per-e

101 824 249 904 suaderi,
265 825 412 908 cognitis
427 825 495 890 suis
506 823 689 911 postulatis
702 832 805 910 atque
817 825 990 909 aequitate
1001 845 1079 889 con·

101 927 272 994 dicionum
287 937 477 1014 perspecta,
502 951 576 994 eum
598 949 707 1014 neque
730 950 825 994 suam
841 950 950 1014 neque
965 927 1080 1015 populi

98 1033 244 1098 Romani
256 1033 404 1116 gratiam
416 1031 681 1119 repudiaturum.
699 1031 798 1112 Quod
812 1033 840 1098 si
853 1033 966 1098 furore
978 1041 1104 1117 atques

98 1137 248 1202 amentia
272 1135 434 1223 impulsus
462 1135 588 1202 bellum
616 1135 805 1219 intulisset,
838 1134 921 1222 quid
942 1134 1080 1202 tandem

98 1238 320 1306 vererentur?
354 1249 412 1305 aut
436 1263 497 1306 cur
521 1238 562 1306 de
585 1262 646 1304 sua
669 1241 798 1307 virtute
827 1248 887 1305 aut
910 1239 952 1305 de
975 1240 1079 1325 ipsius

100 1343 280 1427 diligentia
289 1341 532 1430 desperarent?
546 1343 693 1410 Factum
701 1345 773 1410 eius
780 1341 1102 1429 hostisperieulumo

99 1455 236 1534 patrum
258 1457 451 1513 nostrorum
472 1449 643 1533 memoria,
670 1471 747 1514 cum
769 1446 915 1514 Cimbris
939 1457 973 1514 et
994 1445 1080 1512 Teu·

97 1552 188 1617 tonis
219 1574 240 1615 a
264 1548 351 1616 Gaio
374 1551 484 1617 Mario
512 1551 619 1639 pulsis
652 1574 720 1617 non
748 1552 911 1617 minorem
945 1549 1081 1616 laudem

98 1655 269 1720 exercitus
293 1676 394 1741 quam
417 1656 490 1740 ipse
512 1656 696 1741 imperator
722 1656 861 1721 meritus
883 1652 1080 1752 videbatur3

97 1758 227 1824 factum
251 1759 354 1824 etiam
375 1780 483 1844 nuper
505 1759 540 1824 in
555 1757 659 1824 Italia
675 1757 791 1824 servili
814 1757 971 1842 tumultu,
995 1779 1079 1844 quos

97 1870 212 1927 tamen
240 1860 371 1947 aliquid
400 1884 482 1927 usus
512 1885 553 1929 ac
584 1861 783 1948 disciplina,
819 1883 905 1947 quae
937 1884 957 1926 a
983 1859 1081 1926 nobis

96 1966 326 2050 accepissent,
356 1964 584 2031 sublevarent.
621 1965 677 2031 Ex
705 1987 769 2052 quo
800 1963 947 2029 iudicari
968 1985 1102 2050 posse‚s

97 2076 261 2154 quantum
283 2067 424 2135 haberet
447 2070 480 2134 in
506 2091 542 2134 se
564 2068 645 2134 boni
669 2069 876 2151 constantia,
898 2076 1081 2155 propterea

97 2170 197 2257 quod,
222 2193 304 2258 quos
329 2171 539 2259 aliquamdiu
561 2172 708 2238 inermos
732 2173 806 2238 sine
828 2194 932 2238 causa
948 2173 1081 2238 timuis-

98 2284 184 2357 sent,
213 2272 275 2340 hos
297 2285 416 2361 postea
439 2285 588 2342 armatos
618 2297 659 2342 ac
680 2277 829 2342 victores
851 2285 1079 2363 superassent.
1114 2309 1116 2312 >

96 2378 251 2465 Denique
274 2379 335 2446 hos
357 2403 431 2447 esse
454 2379 599 2466 eosdem,
623 2379 823 2467 quibuscum
839 2402 1100 2468 saepenumeror

96 2481 247 2548 Helvetii
270 2486 445 2569 congressi
468 2507 536 2550 non
560 2483 668 2550 solum
684 2487 720 2550 in
736 2484 818 2569 suis,
842 2484 902 2549 sed
926 2485 1028 2550 etiam
1044 2486 1079 2549 in

98 2583 233 2651 illorum
260 2586 384 2654 finibus
412 2588 607 2676 plerumque
634 2590 843 2675 superarint,
881 2590 938 2676 qui
966 2599 1079 2656 tamen

96 2710 196 2774 pares
221 2713 296 2756 esse
319 2700 435 2758 nostro
459 2694 625 2758 exercitui
649 2714 716 2758 non
732 2694 913 2780 potuerint.
936 2690 973 2758 Si
996 2714 1100 2780 quoss

96 2792 277 2859 adversum
299 2793 464 2881 proelium
487 2805 520 2861 et
543 2796 626 2881 fuga
642 2795 819 2863 Gallorum
841 2806 1078 2881 commoveret,

95 2897 168 2981 bos,
192 2900 220 2963 si
244 2909 456 2985 quaererent,
480 2903 628 2986 reperire
650 2922 750 2986 posse
773 2900 975 2967 diturnitate
997 2899 1078 2967 belli

97 3000 294 3086 defatigatis
319 2999 429 3068 Gallis
452 3001 671 3087 Ariovistum,
702 3026 778 3070 cum
799 3003 922 3070 multos
945 3026 1077 3070 menses

95 3105 220 3169 castris
245 3127 280 3170 se
304 3127 344 3170 ac
368 3105 551 3192 paludibus
579 3109 745 3173 tenuisset
773 3129 882 3194 neque
910 3109 962 3173 sui
984 3118 1077 3195 pote-

96 3216 221 3274 statem
242 3208 398 3293 fecisset,
429 3207 649 3296 desperantes
673 3210 742 3276 iam
765 3211 945 3296 depugna
969 3220 1002 3276 et
1028 3211 1076 3276 di-

96 3331 229 3396 spersos
253 3310 366 3378 subito
394 3311 552 3379 adortum
579 3315 690 3398 magis
721 3315 853 3380 ratione
877 3323 910 3379 et
933 3313 1102 3391 consili02

95 3434 198 3500 quam
218 3415 347 3481 virtuts
368 3417 506 3483 vicisse.
542 3414 606 3483 Oui
628 3417 753 3483 rationi
784 3426 903 3484 contra
924 3417 1098 3483 hominess

93 3515 293 3591 bubum
377 3519 599 3609 s-baperilos
632 3519 727 3586 locus
761 3520 897 3606 fuisset,
934 3519 999 3586 hac
1034 3544 1076 3588 ne
