2376 3924
372 211 483 262 nisan
500 213 547 278 vr,
572 211 649 262 cnr.
670 211 746 261 a-e.
984 208 1047 274 145

170 399 200 467 5.
223 401 299 466 Hac
327 409 426 486 parte
450 399 585 467 Galliae
610 409 735 487 pacata
765 409 854 465 totus
880 408 912 464 et
935 408 1046 465 mente

68 514 102 571 et
125 508 235 572 animo
259 507 294 571 in
316 504 442 570 bellum
465 505 686 571 Treverorum
710 512 743 570 et
766 502 972 587 Ambiorigis
995 505 1045 569 in-

69 611 169 676 sistit.
208 607 415 675 Cavarinum
449 631 525 675 cum
560 610 712 695 equitatu
736 607 904 674 Senonum
932 624 1067 674 secum²

64 714 233 798 proficisci
256 712 361 796 iubet,
384 735 427 777 ne
450 714 524 798 quis
542 721 600 778 aut
618 736 661 778 ex
675 711 775 777 huius
791 711 970 777 iracundia
986 720 1045 777 aut

65 839 108 881 ex
124 839 175 899 eo,
190 815 281 902 quod
300 824 479 900 meruerat,
503 815 580 881 odio
596 816 747 881 civitatis
763 823 873 879 motus
889 817 1044 881 exsistat.

63 920 127 984 His
151 918 252 985 rebus
275 920 481 1003 constitutis,
506 919 595 1005 quod
618 941 678 1004 pro
703 918 879 1004 explorato
895 917 1065 984 habebat³

61 1023 293 1107 Ambiorigem
308 1022 436 1108 proelio
447 1044 515 1088 non
529 1045 603 1088 esse
615 1031 897 1105 concertaturum,
913 1021 1044 1108 reliqua

63 1130 135 1193 eius
153 1126 297 1193 consilia
314 1129 426 1193 animo
443 1127 749 1213 circumspiciebat.
773 1127 883 1193 Erant
894 1127 1066 1212 Menapii⁴

62 1231 242 1317 propinqui
270 1229 466 1296 Eburonum
494 1231 629 1314 finibus,
662 1234 833 1319 perpetuis
861 1229 1043 1317 paludibus

64 1334 226 1421 silvisque
260 1336 391 1419 muniti,
427 1337 483 1421 qui
512 1337 571 1400 uni
601 1357 645 1400 ex
675 1333 791 1399 Gallia
823 1334 864 1399 de
890 1357 975 1421 pace
998 1333 1043 1399 ad

63 1435 245 1504 Caesarem
273 1438 407 1522 legatos
441 1460 623 1524 numquam
656 1439 830 1505 miserant.
875 1436 960 1504 Cum
989 1439 1041 1503 his

64 1565 136 1608 esse
158 1542 341 1628 hospitium
363 1540 556 1627 Ambiorigi
585 1541 732 1626 sciebat3
770 1544 852 1607 item
879 1563 939 1627 per
962 1542 1041 1608 Tre-

62 1668 159 1712 veros
182 1647 318 1711 venisse
341 1643 520 1711 Germanis
544 1647 580 1710 in
607 1647 792 1712 amicitiam
822 1654 1041 1729 cognoverat.

62 1750 158 1817 Haec
186 1746 279 1837 prius
313 1748 365 1816 illi
400 1750 610 1817 detrahenda
645 1750 774 1816 auxilia
809 1750 1063 1835 existimabat,⁵

63 1876 163 1940 quam
185 1856 294 1941 ipsum
316 1852 406 1919 bello
429 1853 624 1938 lacesseret,
658 1877 701 1919 ne
726 1854 906 1940 desperata
930 1852 1040 1920 salute

63 1967 121 2022 aut
137 1981 173 2023 se
190 1960 224 2024 in
239 1958 415 2043 Menapios
439 1957 582 2024 abderet
605 1966 664 2023 aut
681 1980 757 2023 cum
768 1957 1039 2023 Transrhenanis

62 2062 223 2146 congredi
247 2071 435 2146 cogeretur.
457 2062 533 2127 Hoc
556 2062 641 2127 inito
658 2060 801 2126 consilio
824 2063 928 2127 totius
945 2078 1061 2128 exer-⁶

61 2168 149 2232 citus
173 2165 413 2252 impedimenta
436 2165 481 2231 ad
496 2164 688 2231 Labienum
704 2167 739 2229 in
755 2165 921 2230 Treveros
933 2168 1039 2231 mittit

62 2268 213 2357 duasque
245 2268 396 2353 legiones
426 2269 472 2335 ad
501 2290 576 2334 eum
610 2270 780 2356 proficisci
813 2269 921 2353 iubet3
968 2271 1039 2354 ipse

59 2394 135 2438 cum
172 2370 363 2457 legionibus
402 2372 570 2458 expeditis
610 2373 755 2459 quinque
792 2374 827 2436 in
864 2372 1038 2457 Menapios

58 2477 294 2563 proficiscitur.
318 2475 374 2542 Illi
396 2474 492 2541 nulla
508 2483 630 2542 coacta
653 2497 755 2541 manu
778 2475 844 2541 loci
867 2475 1059 2561 praesidior

57 2579 136 2646 freti
160 2581 195 2644 in
219 2579 323 2645 silvas
338 2579 545 2666 paludesque
561 2579 762 2664 confugiunt
779 2601 905 2666 suaque
922 2580 1038 2645 eodem

60 2685 250 2749 conferunt.

161 2785 192 2851 6.
205 2784 335 2851 Caesar
345 2787 480 2872 partitis
494 2787 598 2872 copiis
611 2808 688 2852 cum
701 2784 789 2851 Gaio
801 2786 910 2852 Fabio
922 2787 1037 2871 legato

62 2898 95 2955 et
106 2889 225 2956 Marco
242 2887 366 2956 Crasso
382 2897 563 2975 quaestore
579 2888 798 2976 celeriterque
814 2889 941 2955 effectis
957 2913 1038 2977 pon·

61 2993 153 3060 tibus
182 2992 256 3058 adit
285 2994 467 3079 tripertito,
501 2993 658 3059 aedificia
687 2995 846 3080 vicosque
874 2993 1037 3078 incendit,

58 3117 182 3181 magno
194 3098 326 3184 pecoris
339 3106 441 3185 atque
454 3096 626 3163 hominum
641 3119 779 3163 numero
794 3098 932 3183 potitur.
956 3098 1059 3180 Qui-²

57 3197 121 3264 bus
144 3199 246 3266 rebus
269 3202 381 3266 coacti
403 3200 553 3287 Menapii
587 3198 719 3285 legatos
754 3199 800 3264 ad
834 3223 908 3266 eum
941 3204 1036 3287 pacis

56 3302 224 3389 petendae
240 3325 345 3370 causa
367 3305 518 3369 mittunt.
541 3302 605 3368 llle
621 3303 797 3369 obsidibus
814 3306 962 3389 acceptis
978 3304 1057 3368 hes

58 3407 160 3475 stium
182 3408 220 3473 s'e
242 3406 436 3473 habiturum
457 3428 596 3472 numero
619 3407 809 3490 confirmat,
834 3407 863 3471 si
886 3414 946 3471 aut
957 3405 1035 3470 Am-

60 3506 226 3597 biorigem
248 3520 307 3577 aut
331 3512 403 3576 eius
424 3509 555 3596 legatos
577 3509 700 3576 finibus
727 3512 796 3576 suis
819 3511 1037 3596 recepissent.

111 3616 199 3663 um.
217 3617 237 3663 1.
250 3618 272 3661 o.
288 3619 313 3662 o.
885 3615 920 3665 xo
