2376 3924
98 206 161 257 XVI
401 203 611 256 ADNOTATIO
631 204 777 255 CRITICA

99 407 262 463 conpressae
280 394 338 444 sive
356 407 483 462 epresooe
501 393 641 452 scribitur,
669 407 701 441 eo
726 392 874 457 significari
895 407 1009 445 necesse
1027 381 1075 457 est,

98 481 220 546 legiones
238 480 267 528 in
285 494 409 544 campum
428 477 464 527 nd
481 483 593 543 pontem
611 493 769 543 progressas
786 479 826 527 ibi
844 479 1012 542 constitisse,
1035 486 1073 530 at·

98 581 151 630 que
169 566 208 615 ita
229 580 282 614 non
307 563 424 629 amplius
454 569 509 626 est,
539 578 588 612 cur
614 568 709 612 contra
735 563 859 613 codicum
885 567 1075 617 auctoritatem

98 655 244 716 reponatur
266 650 394 709 verbum,
421 665 474 715 quo
497 665 552 698 non
576 649 630 697 nisi
651 648 747 698 eadem
766 650 901 700 sententia
919 656 947 700 et
965 651 1075 717 quidem

97 737 203 787 ratione
215 736 306 784 minus
318 741 413 800 aperta
425 733 549 784 efficitur.
569 739 598 783 ct
609 748 644 782 ne
657 734 772 796 mireris,
791 735 863 798 quod
875 735 1076 804 cooperiendi

97 822 210 872 verbum
229 821 262 872 de
281 821 316 870 iis
335 820 504 880 dictumest,
523 820 571 884 qui
589 835 623 869 ex
641 820 736 870 eodem
754 821 823 883 loco,
845 823 942 872 cestris
960 824 1075 887 scilicet,

97 909 211 974 proiecti
235 912 298 956 sunt
315 934 349 943 —
366 905 449 970 idque
466 906 647 971 Nipperdeius
672 907 811 956 monuisse
837 908 947 957 videtur
969 911 1076 960 verbis:

97 986 241 1044 ‘neminem
259 993 298 1041 ita
315 991 436 1057 legiones
461 991 627 1056 congredi
651 990 764 1042 dixisse'
784 1021 825 1054 -,
854 994 1075 1060 distinguendum

97 1086 138 1130 est
156 1081 227 1129 inter
251 1078 500 1144 congrediendi
523 1085 550 1128 et
573 1079 807 1128 conveniendi
833 1080 982 1131 notionem.
1013 1098 1075 1132 cum

97 1166 169 1213 enim
193 1164 227 1225 ii,
257 1165 304 1229 qui
328 1180 362 1213 ex
385 1164 499 1214 diversis
523 1165 646 1230 partibus
668 1164 785 1214 eundem
803 1165 892 1215 locum
910 1167 1075 1232 petiverunt,

98 1250 305 1300 convenisse
323 1249 432 1300 dicendi
450 1251 513 1310 sint,
537 1265 742 1316 congressos
761 1266 807 1300 eos
827 1251 917 1301 dicere
935 1252 1010 1314 licet,
1029 1255 1076 1319 qui

96 1339 150 1387 iam
169 1337 285 1387 eundem
303 1337 391 1387 locum
411 1337 546 1398 obtinent,
578 1337 654 1388 nullo
672 1338 778 1387 ratione
796 1338 904 1400 habita,
927 1339 1001 1390 unde
1020 1341 1075 1390 sint

96 1424 216 1489 profecti.
235 1421 280 1489 (cf.
293 1427 414 1472 nostrum
432 1413 715 1488 ‘zusammentreten.’)
732 1424 833 1474 retinui
845 1424 928 1489 igitur
946 1439 1075 1493 conpres-

96 1524 152 1561 sae.
182 1527 232 1561 nec
249 1512 337 1576 magis
356 1510 459 1576 placuit
476 1509 623 1575 Nipperdei
642 1510 801 1559 coniectura
823 1509 959 1576 propiore
979 1514 1075 1578 ponte,

96 1612 157 1646 cum
175 1597 204 1645 in
223 1597 301 1648 libris
319 1597 426 1664 legatur
447 1595 575 1664 proprio.
606 1602 637 1646 ut
662 1611 745 1662 pons,
772 1612 826 1661 quo
852 1597 976 1662 legiones
1003 1597 1073 1649 dnae

95 1684 269 1744 transierunt,
284 1682 406 1751 propior
425 1683 479 1733 dici
497 1688 597 1748 posset,
617 1683 699 1732 etiam
718 1698 778 1732 esse
798 1683 917 1745 deberet,
941 1683 1016 1734 unde
1033 1699 1074 1734 re·

95 1766 181 1817 lativa
197 1785 278 1834 quam
297 1770 412 1820 dicimus
425 1771 467 1819 vis
484 1769 559 1818 illius
572 1769 749 1834 comparativi
766 1769 938 1834 percipiatur.
957 1769 1075 1820 alterum

95 1859 204 1918 pontem
233 1858 329 1906 cestris
357 1857 525 1922 propiorem,
554 1855 670 1906 alterum
694 1856 803 1921 longius
826 1861 958 1906 remotum
978 1855 1073 1918 fuisse,

96 1942 205 1990 omnino
223 1957 277 1991 non
295 1942 443 1993 verisimile
461 1948 510 2002 est,
528 1958 616 2007 neque
635 1942 772 1992 adiectivo
791 1941 918 2008 ulterior,
937 1957 991 2007 quo
1005 1940 1077 1993 alter

96 2025 195 2077 deinde
212 2043 283 2092 pons
302 2033 418 2090 notatur,
436 2029 491 2078 tale
509 2029 576 2094 quid
593 2029 737 2094 probatur3
764 2029 846 2077 immo
864 2043 898 2078 ex
915 2027 964 2078 illo
982 2028 1074 2079 ediec·

94 2112 152 2162 tivo
170 2118 197 2162 et
217 2129 251 2163 ex
274 2115 334 2179 ipsc
355 2115 395 2164 rei
421 2117 525 2165 ratione
552 2121 645 2180 patere
669 2114 792 2185 videtpr,
822 2113 937 2164 alterum
963 2119 1075 2178 pontem

95 2212 189 2262 supra,
219 2198 335 2249 alterum
361 2199 433 2250 infra
459 2205 562 2260 castra,
593 2200 618 2249 si
641 2199 779 2264 regionem
804 2214 837 2248 ex
855 2199 973 2249 fluminis
992 2216 1075 2251 cursu

95 2298 196 2347 servas,
219 2285 301 2334 situm
319 2285 412 2350 fuisse,
440 2287 478 2335 ita
496 2292 526 2336 ut
543 2300 630 2351 aeque
650 2285 685 2335 ab
704 2285 800 2334 castris
819 2289 932 2348 uterque
950 2286 1075 2338 distaret.

94 2369 191 2434 scripsi
208 2371 309 2435 itaque,
332 2371 405 2420 unde
423 2371 553 2421 librorum
572 2371 707 2436 scripturn
722 2368 843 2436 proprio
862 2376 889 2420 et
905 2371 1024 2423 maxime
1043 2372 1075 2422 id

94 2454 167 2516 quod
185 2457 211 2505 in
231 2472 251 2510 a
268 2459 335 2506 m.1
361 2463 500 2507 exaratum
523 2462 565 2507 est
587 2455 708 2523 proprio
735 2470 766 2507 re
795 2454 914 2524 leptorree
940 2457 1074 2508 facillime

93 2542 185 2592 enasci
197 2545 298 2608 potuit:
313 2559 404 2610 prope
418 2543 530 2611 priores
550 2543 678 2612 leptorres.
696 2572 732 2581 -
749 2544 774 2610 ἕ.
786 2545 818 2592 4:
837 2541 957 2612 lepiooee
972 2542 1074 2614 1111]

9 2623 11 2627 ’
90 2621 176 2680 ‘1111’
197 2628 383 2697 Oudendorpii
400 2632 464 2681 libri
483 2634 604 2696 itemque
623 2629 741 2680 Vindob.
760 2630 777 2683 f
792 2630 929 2681 exhibent.
959 2629 1075 2696 Nipper-

94 2714 146 2780 dey
169 2731 284 2781 eumque
311 2718 398 2767 secuti
424 2717 542 2779 Kraner,
569 2717 684 2777 Dinter,
710 2715 743 2766 F.
761 2715 900 2766 Hofmann
923 2715 1075 2767 secundum

94 2800 171 2850 codd.
190 2801 235 2854 ab
255 2797 329 2855 ‘III'
347 2808 505 2869 posuerunt.

197 2902 220 2935 c.
232 2888 273 2950 41,
288 2890 316 2937 1:
334 2887 456 2957 cocto]
475 2889 514 2939 sic
533 2889 590 2942 fhl
609 2894 635 2937 et
647 2888 771 2953 plerique
782 2886 967 2952 Oudendorpii
980 2887 1076 2949 codd.;

93 2969 255 3036 Nipperdey,
273 2975 386 3036 Kraner,
403 2976 501 3025 Dintor
519 2977 669 3026 secundum
688 2975 754 3029 abc
776 2978 877 3026 nocte
896 2975 1073 3039 scripserunt.

197 3071 220 3104 c.
238 3059 280 3124 44,
298 3060 327 3108 4:
356 3059 415 3126 o'psr‘
438 3065 532 3113 autem
557 3075 624 3114 suos
651 3059 765 3112 ordines
791 3073 903 3111 servare
925 3075 1014 3127 oeque
1031 3061 1070 3115 ab

93 3138 184 3210 sipoto
210 3141 351 3196 discedere
376 3162 463 3213 cepoe
486 3146 547 3200 sine
569 3146 651 3215 provi
673 3161 762 3199 consa
780 3161 842 3198 eom
860 3144 962 3212 locum,
988 3159 1071 3214 quen

93 3233 238 3296 ceperunt,
266 3231 374 3284 dioritti
401 3237 615 3285 consuerunt
642 3230 796 3301 oportere-ll
814 3235 985 3285 concelerant
1001 3233 1072 3301 Nip-

91 3315 208 3381 perde53
227 3317 290 3367 libri
307 3323 482 3371 censuerant.
501 3320 529 3369 in
547 3320 618 3370 hanc
632 3320 782 3385 Nipperdei
800 3324 981 3373 correcturum
998 3324 1071 3375 isn-

92 3421 173 3471 quam
195 3406 393 3469 ineptissimam
416 3408 540 3457 invectus
563 3413 605 3456 est
628 3406 724 3457 Heller
741 3405 850 3471 (Philol.
868 3411 887 3459 t
904 3404 1014 3457 xvlm

90 3495 143 3544 518
161 3491 224 3557 sq),
241 3493 368 3542 traditam
386 3493 548 3558 scripturum
568 3509 599 3542 eo
618 3493 779 3554 defendens,
804 3492 877 3560 quod
893 3492 949 3559 ipsu
