2376 3924
483 807 524 872 A.
548 809 693 874 HIRTII

156 986 265 1092 DE
321 985 591 1094 BELLO
648 985 1013 1096 GALLICO

384 1204 530 1253 LIBER
561 1203 787 1254 OCTAVUS.

435 1565 726 1620 ARGUMENTUM.

91 1690 134 1774 [Δ.
154 1689 187 1739 U.
209 1687 239 1738 C.
259 1684 331 1756 703]
351 1688 457 1737 Hirtius
477 1704 520 1738 res
539 1693 635 1737 octavo
655 1687 864 1752 proconsulatus
887 1704 959 1738 anno
979 1703 995 1736 a
1009 1686 1076 1736 Cae·

130 1790 191 1825 sare
214 1774 243 1822 iu
269 1771 361 1823 Gallia
385 1776 475 1838 gestas
503 1777 661 1823 narraturus
686 1773 824 1837 praefatur
848 1773 965 1840 epistula
989 1773 1075 1823 Balbo

129 1861 270 1925 rescripta.
308 1857 395 1908 Gallis
414 1857 503 1908 denuo
522 1859 726 1909 coniurantibus
747 1876 769 1912 c.
789 1861 812 1920 1,
833 1859 935 1911 Caesar
954 1860 1076 1926 singulas

131 1947 257 1997 civitates
276 1960 309 1995 ex
327 1944 468 2010 inopinato
487 1945 598 1995 adortus
609 1946 745 2012 Bituriges
758 1946 785 1994 in
797 1946 961 1996 deditionem
976 1946 1076 2011 accipit
1104 2011 1106 2021 Ι

129 2049 153 2083 c.
171 2022 241 2127 24,
266 2029 399 2081 Carnutes
427 2031 555 2096 opprimit
582 2048 605 2081 c.
623 2033 648 2081 4.
668 2035 693 2094 5,
714 2033 808 2083 tertios
837 2032 999 2083 Bellovacos
1028 2032 1075 2082 de·
1103 2028 1135 2093 ‚33²

124 2115 212 2170 bellat
235 2133 258 2168 c.
278 2118 372 2168 6—22.
409 2117 561 2168 Narrantur
589 2118 706 2169 insidiae
733 2120 873 2185 superiore
901 2136 972 2169 anno
1000 2120 1076 2168 iussu
1102 2114 1104 2121 ’

127 2204 249 2256 Labieni
267 2202 389 2254 Commio
408 2204 534 2255 Atrebati
553 2211 664 2270 paratae
684 2222 706 2256 c.
726 2207 768 2260 23.
787 2206 916 2255 Exercitu
935 2206 1027 2270 plures
1046 2206 1074 2253 in

93 2311 97 2315 ’
123 2297 216 2359 partes
236 2290 325 2344 diviso
340 2290 442 2342 Caesar
461 2291 550 2342 denuo
563 2292 722 2342 Eburonum
741 2291 809 2342 fines
828 2290 974 2357 populatur
992 2307 1014 2340 c.
1028 2290 1075 2347 24;

124 2378 280 2430 Labienum
294 2379 322 2428 in
342 2379 478 2430 Treveros
498 2378 580 2428 mittit
600 2379 674 2428 eae.
693 2379 861 2439 Dumnacus,
881 2377 996 2427 Andium
1012 2378 1074 2440 dux,

125 2465 268 2515 Limonem
297 2464 426 2514 obsidens
454 2465 569 2529 primum
589 2479 605 2513 a
624 2463 653 2514 C.
674 2464 789 2514 Caninio
808 2464 898 2528 legato
923 2470 1075 2530 superatur,

126 2567 189 2602 mox
212 2567 230 2602 a
254 2548 284 2600 C.
304 2550 392 2600 Fabio
422 2552 452 2600 iu
478 2551 571 2616 fugam
599 2552 733 2600 conicitur
752 2568 775 2602 c.
795 2552 906 2600 26-29.
944 2550 1075 2600 Caninius

124 2639 292 2704 Drappetem
306 2635 442 2688 Senonem
462 2642 489 2686 et
507 2637 665 2686 Lucterium
681 2636 833 2687 Cadurcum
852 2637 1021 2702 provinciam
1034 2638 1074 2686 in-

126 2723 230 2775 vadere
248 2727 360 2774 conatos
378 2724 552 2789 persequitur
571 2739 593 2774 c.
613 2723 654 2772 30.
693 2723 825 2773 Carnutes
844 2724 962 2788 itemque
981 2723 1074 2773 Armo-

125 2811 201 2862 ricae
220 2809 345 2860 civitstes
364 2826 381 2860 a
399 2808 487 2859 Fabio
506 2811 535 2858 in
554 2808 634 2859 fidem
658 2811 826 2875 recipiuntur
846 2827 868 2860 c.
888 2811 929 2858 81.
965 2809 1074 2860 Uxello-

126 2896 239 2961 dunum,
257 2912 311 2962 quo
329 2896 455 2962 Drappes
474 2901 501 2948 et
518 2896 664 2947 Lucterius
683 2896 871 2962 confugerant,
901 2896 1039 2946 obsidetur
1058 2913 1075 2947 a

127 2982 244 3035 Caninio
262 2998 284 3033 c.
304 2983 345 3033 33.
365 2983 408 3045 33,
427 2983 473 3048 qui
492 2983 677 3033 frumentandi
695 2999 778 3033 causa
791 2999 823 3032 ex
836 2983 935 3048 oppido
949 2999 1073 3048 egressos

126 3069 237 3137 repellit
254 3086 277 3122 c.
296 3070 338 3120 at.
352 3071 393 3133 35,
412 3071 559 3135 Drappetis
580 3077 671 3121 castra
689 3076 828 3136 expugnat
846 3073 989 3136 ipsumque
1001 3071 1074 3135 capit

126 3171 151 3207 c.
168 3156 212 3207 33.
230 3156 303 3207 Dum
321 3155 450 3223 operibus
462 3154 665 3206 Uxellodunum
678 3156 836 3217 includitur,
857 3155 957 3206 Caesar
970 3158 997 3205 in
1009 3156 1074 3204 Car-

126 3246 207 3293 nutes
232 3241 370 3309 proiectus
399 3242 432 3292 de
457 3240 599 3304 Gutruato,
627 3243 695 3294 belli
715 3244 888 3304 concitatore,
910 3241 1073 3306 supplicium

127 3328 213 3379 sumit
230 3344 254 3379 c.
272 3329 315 3380 37.
333 3330 376 3380 38.
396 3328 522 3379 Caesaris
541 3329 575 3378 ad
593 3328 794 3380 Uxellodunum
832 3331 978 3391 adventus3
998 3328 1072 3392 oppi-

128 3412 194 3467 dani
210 3414 246 3467 eb
265 3412 337 3481 equa
353 3415 484 3482 prohibiti
496 3415 680 3467 Romanorum
700 3431 782 3482 opera
800 3415 962 3478 incendunt3
981 3419 1072 3464 tamen

128 3498 192 3553 fens
218 3500 313 3569 oppidi
338 3502 474 3554 cuniculis
501 3503 673 3568 intercipitur
691 3519 716 3553 c.
735 3503 847 3553 39-43.
883 3500 1026 3567 Oppidaui
1042 3501 1081 3550 ad
