2376 3924
360 230 470 281 mera
487 231 537 294 111,
557 230 634 290 car,
646 232 758 283 oo-oo.
986 233 1046 298 157

63 426 167 508 coepit
202 431 235 486 et
267 441 457 507 progressus
494 419 582 486 milia
619 441 773 507 passuum
801 441 837 487 vl
870 424 974 490 aciem
995 425 1040 490 in-

63 529 189 591 struxit.
228 525 361 606 Quare
383 523 611 590 animadversa
633 527 821 611 Pompeiani
842 529 877 592 in
899 528 1062 614 quodam4

63 640 171 695 monte
205 631 426 694 constiterunt.
471 630 570 693 Hunc
603 638 745 695 montem
773 630 895 696 flumen
916 631 1040 698 sublue-

63 733 129 798 bat.
153 732 274 798 Caesar
295 731 411 797 milites
434 731 628 814 cohortatus,
659 734 718 797 etsi
740 735 837 798 totius
859 733 923 799 diei
945 738 1041 801 conti-

62 840 152 903 nenti
173 836 284 901 labore
306 844 401 901 erant
421 835 559 901 confecti
586 858 717 922 noxque
740 839 805 901 iam
832 837 974 922 suberat,
996 848 1042 904 ta·

63 963 138 1005 men
170 942 346 1005 munitione
378 938 500 1004 flumen
523 962 543 1004 a
564 949 673 1005 monte
707 939 849 1023 seclusit,
880 963 921 1006 ne
943 951 1042 1009 noctu

63 1047 177 1130 aquari
204 1044 394 1128 Pompeiani
422 1052 562 1128 possent.
609 1044 682 1126 Quo
713 1043 856 1129 perfecto
879 1067 976 1131 opere
998 1046 1063 1112 illio

63 1149 104 1213 de
127 1148 290 1213 deditione
312 1148 417 1211 missis
439 1147 554 1231 legatis
584 1168 682 1232 agere
711 1158 894 1233 coeperunt.
941 1151 1041 1215 Pauci

65 1252 185 1317 ordinis
208 1252 370 1333 senatorii,
395 1252 450 1334 qui
472 1272 507 1314 se
523 1272 597 1314 oum
618 1251 656 1314 iis
679 1251 924 1336 coniunxerant,
947 1264 1041 1320 nocte

62 1355 142 1440 fuga
164 1354 302 1419 salutem
323 1354 518 1438 petiverunt.

149 1458 200 1521 98.
224 1455 345 1522 Caesar
367 1459 472 1542 prima
493 1457 565 1522 luce
588 1479 698 1523 omnes
721 1479 785 1541 eos,
810 1461 919 1542 quiin
933 1471 1042 1526 monte

64 1562 288 1644 consederant,
323 1583 365 1624 ex
388 1561 609 1646 superioribus
641 1561 719 1627 locis
741 1564 775 1626 in
797 1561 967 1647 planiciem
990 1565 1042 1629 de-

64 1665 218 1730 scendere
241 1674 338 1750 atque
361 1686 452 1730 arma
474 1666 618 1750 proicere
640 1666 740 1730 iussit.
776 1666 873 1748 Quod
895 1666 950 1731 ubi
974 1670 1063 1734 sine²

63 1771 265 1834 recusatione
301 1768 449 1834 fecerunt
480 1771 647 1855 passisque
681 1769 796 1856 palmis
829 1772 962 1856 proiecti
995 1772 1038 1837 ad

62 1883 183 1939 terram
205 1874 319 1939 flentes
341 1872 383 1938 ab
406 1894 444 1938 eo
466 1873 602 1939 salutem
623 1875 816 1959 petiverunt,
856 1874 1036 1941 consolatus

64 2000 260 2064 consurgere
281 1980 374 2043 iussit
396 1986 428 2043 et
450 2000 555 2065 pauca
578 1977 667 2064 apud
690 2000 744 2044 eos
767 1977 808 2043 de
831 1976 962 2044 lenitate
985 2001 1044 2045 sua

64 2082 198 2165 locutus,
233 2105 296 2168 quo
329 2085 453 2147 minore
486 2092 595 2147 essent
627 2084 751 2166 timore,
786 2104 896 2147 omnes
919 2104 1043 2147 conser-

64 2188 156 2249 vavit
177 2187 395 2272 militibusque
418 2187 484 2251 suis
507 2185 755 2268 commendavit,
789 2207 830 2250 ne
853 2188 908 2270 qui
933 2207 1044 2251 eorum

64 2287 249 2370 violaretur,
272 2310 337 2352 neu
360 2287 438 2373 quid
460 2289 510 2352 sui
532 2287 764 2352 desiderarent.
801 2288 876 2353 Hac
898 2287 1065 2354 adhibitas

66 2391 232 2476 diligentia
255 2413 298 2454 ex
320 2392 434 2456 castris
456 2390 517 2455 sibi
539 2389 681 2474 legiones
709 2388 789 2455 alias
818 2412 988 2456 occurrere
1011 2403 1044 2458 et

66 2519 130 2578 eas,
169 2517 249 2581 quas
287 2516 397 2559 secum
433 2493 583 2575 duxerat,
629 2495 663 2557 in
699 2495 804 2557 vicem
840 2497 1043 2579 requiescere

64 2608 162 2683 atque
183 2601 218 2663 in
240 2606 347 2663 castra
368 2599 489 2663 reverti
510 2599 602 2662 iussit
624 2596 802 2682 eodemque
825 2596 877 2663 die
892 2599 1043 2664 Larisam

65 2704 222 2788 pervenit.
934 2779 937 2784 ¹

152 2807 202 2870 99.
226 2807 266 2870 In
289 2829 326 2870 eo
349 2805 469 2892 proelio
492 2828 557 2872 non
580 2805 716 2891 amplius
746 2820 787 2869 co
816 2804 933 2870 milites
963 2804 1044 2871 desi-

67 2911 202 2993 deravit,
238 2911 296 2975 sed
319 2912 531 2994 centuriones,
566 2909 665 2975 fortes
687 2911 784 2992 viros,
820 2910 947 2974 circiter
969 2928 1044 2974 xxx

66 3017 180 3079 amisit.
225 3014 418 3079 Interiectus
455 3023 504 3078 est
540 3016 638 3079 etiam
681 3012 852 3079 fortissime
896 3036 1044 3100 pugnans

66 3117 244 3200 Crastinus,
279 3119 369 3183 cuius
401 3119 598 3182 mentionem
631 3138 730 3203 supra
752 3117 898 3200 fecimus,
922 3116 1043 3202 ¹gladio

66 3225 99 3286 in
133 3245 167 3287 os
202 3222 376 3287 adversum
411 3222 564 3286 coniecto.
609 3221 723 3307 Neque
756 3220 791 3286 id
823 3221 884 3285 fuit
916 3220 1065 3304 falsum,s

67 3327 153 3412 quod
176 3327 228 3391 ille
250 3328 284 3390 in
306 3325 680 3412 pugnamprofioiscens
702 3325 840 3390 dixerat.
879 3325 934 3391 Sic
956 3325 1042 3388 enim

67 3430 188 3496 Caesar
210 3427 429 3511 existimabat,
451 3431 491 3494 eo
511 3427 633 3516 proelio
655 3427 960 3494 excellentissimam
980 3427 1043 3491 vir·

67 3544 169 3599 tutem
191 3532 332 3599 Crastini
352 3533 461 3619 fuissq
483 3533 668 3621 optimeque
785 3529 828 3594 de
842 3530 1044 3599 samaritum
