2376 3924
130 226 195 290 244
435 225 486 275 DE
503 223 625 275 BELLO
645 223 803 275 GALLICO

131 414 188 499 qui
211 411 373 478 silvarum
389 411 552 478 beneficio
568 434 684 479 casum
700 413 923 496 evitaverunt,
940 409 1105 498 [omnibus

129 512 1104 602 adversis]cognitacalamitate,interfectoCorreo,amisso

130 621 284 706 equitatu
300 630 333 685 et
349 620 541 686 fortissimis
554 619 736 705 peditibus,
751 641 827 685 cum
839 619 1026 686 adventare
1041 622 1104 687 Ro·

128 745 246 789 manos
263 725 508 806 existimarent,
524 722 670 788 coneilio
682 732 820 810 repente
832 732 936 789 cantu
947 723 1105 791 tubarum

128 834 316 894 convocato
341 825 566 910 conclamant,
589 826 696 911 legati
720 825 922 912 obsidesque
952 826 998 892 ad
1020 825 1103 893 an-

129 955 238 998 sarem
260 933 448 997 mittantur.

231 1034 282 1098 21.
307 1034 381 1098 Hoc
406 1032 559 1099 omnibus
587 1032 731 1119 probato
761 1031 903 1098 consilio
932 1031 1102 1099 Commius

128 1137 275 1203 Atrebas
292 1136 338 1201 ad
354 1158 410 1202 eos
427 1136 578 1221 confugit
602 1134 801 1219 Germanos,
824 1136 982 1222 aquibus
1000 1136 1046 1203 ad
1068 1138 1104 1203 id

106 1239 253 1307 ibellum
269 1239 399 1306 auxilia
415 1249 588 1306 mutuatus
605 1248 687 1306 erat.
708 1237 821 1306 Ceteri
837 1241 1012 1324 evestigio
1027 1242 1103 1305 mit·

128 1354 204 1410 tunt
228 1345 273 1410 ad
295 1342 476 1410 Caesarem
497 1344 630 1429 legatos
653 1352 848 1430 petuntque,
871 1352 908 1409 ut
931 1366 973 1411 ea
993 1368 1103 1432 poena

129 1450 172 1514 sit
201 1457 380 1514 contentus
409 1447 568 1531 hostium,
598 1469 697 1534 quam
726 1448 755 1512 si
784 1448 857 1513 sine
887 1447 1105 1515 dimicatione

128 1551 252 1618 inferre
275 1553 418 1636 integris
447 1561 573 1637 posset,
608 1572 668 1636 pro
700 1573 760 1616 sua
792 1548 973 1617 clementia
1002 1561 1104 1639 atque

105 1655 338 1722 ahumanitate
361 1676 542 1741 numquam
563 1653 714 1740 profecto
739 1663 831 1721 esset
853 1653 1020 1721 illaturus.
1044 1656 1103 1721 Ae

126 1759 237 1824 flictas
275 1780 355 1844 opes
390 1759 537 1844 equestri
566 1758 694 1843 proelio
725 1757 984 1825 Bellovacorum
1012 1782 1104 1845 esse3

128 1862 336 1927 delectorum
357 1861 509 1947 peditum
525 1860 630 1926 multa
646 1860 740 1926 milia
756 1862 924 1945 interisse,
940 1865 1001 1929 vix
1016 1864 1102 1929 refu·

105 1968 220 2049 agisse
242 1966 379 2030 nuntios
403 1964 530 2030 caedis.
554 1964 681 2030 Tamen
704 1985 872 2048 magnum,
895 1974 932 2031 ut
953 1969 988 2032 in
1004 1975 1102 2033 tanta

126 2069 335 2153 calamitate,
351 2069 552 2135 Bellovacos
576 2090 615 2134 eo
639 2069 767 2155 proelio
796 2068 1005 2136 commodum
1029 2094 1104 2137 esse

127 2185 335 2260 consecutos,
360 2176 450 2262 quod
473 2174 625 2259 Correus,
650 2185 768 2242 auctor
796 2175 888 2257 belli,
912 2177 1103 2242 concitator

126 2280 365 2363 multitudinis,
378 2288 467 2345 esset
481 2279 691 2345 interfectus.
707 2279 896 2364 Numquam
909 2280 1100 2344 enimsena·

125 2394 197 2449 tum
212 2394 345 2451 tantum
361 2385 395 2448 in
411 2385 552 2449 civitate
564 2382 623 2448 illo
642 2385 719 2448 vivo
732 2391 894 2469 quantum
913 2382 1103 2468 imperitam

126 2487 258 2573 plebem
280 2489 440 2574 potuisse.

229 2586 1101 2675 22.Haecorantibuslegatiscommemoratansar:

127 2695 244 2760 eodem
267 2705 416 2782 tempore
440 2697 610 2782 superiore
633 2716 721 2759 anno
738 2692 938 2759 Bellovacos
955 2702 1101 2761 ceteras-

126 2820 190 2884 que
214 2796 349 2864 Galliae
371 2801 532 2864 civitates
557 2799 747 2885 suscepisse
775 2796 917 2882 bellum3
950 2799 1101 2884 pertina-

126 2903 260 2967 cissime
282 2902 343 2967 hos
367 2927 410 2968 ex
434 2903 587 2969 omnibus
611 2905 646 2968 in
677 2903 847 2969 sententia
875 2902 1102 2988 permansisse

125 3025 233 3091 neque
256 3005 301 3070 ad
325 3008 508 3072 sanitatem
524 3006 727 3094 reliquorum
743 3006 915 3073 deditione
939 3027 1013 3071 esse
1028 3025 1101 3091 per·

105 3109 258 3174 eductos.
283 3107 377 3174 Scire
401 3120 503 3195 atque
526 3110 726 3195 intellegere
749 3132 785 3175 se
808 3131 947 3176 eausam
968 3106 1103 3194 peceati

126 3212 288 3279 facillime
311 3214 451 3278 mortuis
476 3212 637 3298 delegari.
671 3214 845 3280 Neminem
866 3234 947 3279 vero
970 3219 1101 3277 tantum

126 3316 263 3404 pollere,
276 3325 313 3382 ut
320 3316 436 3381 invitis
444 3317 665 3402 principibus,
672 3318 850 3384 resistente
858 3325 990 3397 senatu,
997 3315 1101 3406 omni-

126 3418 189 3486 bus
201 3420 298 3486 bonis
310 3419 579 3506 repugnantibus
596 3421 726 3486 infirma
740 3443 841 3487 mann
855 3418 964 3507 plebis
975 3416 1102 3484 bellum
