2376 3924
396 202 507 282 imus
526 231 546 294 1,
569 230 645 283 oar.
665 233 776 282 ao-as.
1039 233 1077 296 17

95 445 204 487 rerum
233 424 448 508 exspectatio,
478 431 514 486 ut
536 421 617 487 alius
645 424 678 487 in
701 422 796 488 aliam
824 433 950 511 partem
971 434 1079 488 mente

96 536 194 612 atque
223 528 329 590 animo
364 525 561 609 traheretur,
597 526 674 611 quid
707 529 784 613 ipsis
814 527 1077 604 Corfiniensibus,

96 631 175 716 quid
197 631 349 713 Domitic,
374 630 452 715 quid
474 631 624 714 Lentule,
648 632 726 716 quid
749 631 880 717 reliquis
903 633 1076 714 accideret,

77 737 152 819 ‘qui
174 756 319 819 quosque
342 744 478 800 eventus
505 737 701 820 exciperent.

182 837 233 899 22.
268 837 394 918 Quarta
427 837 538 922 vigilia
572 840 699 902 circiter
732 837 891 903 Lentulus
926 840 1078 925 Spinther

96 941 137 1004 de
172 963 263 1005 muro
298 964 372 1005 cum
405 940 522 1026 vigiliis
556 942 807 1027 custodibusque
842 945 958 1007 nostris
987 942 1077 1007 collo-

96 1047 221 1130 quitur:
255 1045 352 1128 velle,
388 1047 413 1110 si
441 1045 502 1110 sibi
535 1046 592 1110 fiat
623 1056 779 1132 potestas,
804 1046 977 1111 Gaesarem
1006 1069 1077 1110 con-

96 1151 216 1212 venire.
263 1150 366 1213 Facta
394 1159 552 1235 potestate
581 1172 623 1212 ex
646 1151 762 1235 oppido
789 1151 940 1231 mittitur,
970 1171 1099 1235 nequet

96 1252 138 1316 ab
167 1274 204 1316 eo
233 1254 322 1338 prius
344 1253 522 1317 Domitiani
548 1251 663 1317 milites
690 1252 876 1343 discedunt,
912 1273 1010 1337 quam
1043 1256 1075 1317 in

97 1365 304 1441 conspectum
319 1354 467 1420 Caesaris
489 1356 678 1420 deducatur.
707 1355 790 1421 Cum
812 1379 887 1421 eum
910 1357 950 1421 de
974 1356 1097 1422 salutes

97 1481 156 1523 sua
189 1469 260 1523 orat
293 1468 390 1542 atque
424 1457 582 1540 obsecrat,
616 1467 653 1522 ut
679 1459 740 1523 sibi
771 1469 897 1545 parcat,
931 1469 1075 1523 veterem

97 1581 221 1647 quoque
258 1563 431 1627 amicitiam
469 1574 699 1628 commemorat
729 1563 941 1648 Caesarisque
978 1566 1011 1627 in
1042 1586 1075 1628 se

97 1666 255 1730 beneficia
288 1667 435 1751 exponit,
470 1689 554 1752 quae
588 1676 682 1732 erant
713 1669 872 1731 maxima:
906 1667 992 1752 quod
1018 1691 1098 1753 perr

97 1793 171 1834 eum
193 1771 226 1835 in
249 1770 417 1855 collegium
445 1772 632 1857 pontificum
658 1780 809 1854 venerat,
840 1771 927 1856 quod
949 1775 1075 1857 provin-

97 1877 180 1938 ciam
201 1876 394 1962 Hispaniam
417 1898 459 1939 ex
482 1885 635 1961 praetura
656 1875 831 1958 habuerat,
859 1876 946 1960 quod
969 1878 1001 1940 in
1024 1898 1075 1961 pe-

96 1981 206 2043 titione
230 1979 414 2045 consulatus
442 1987 512 2043 erat
534 1978 730 2044 sublevatus.
770 1977 868 2043 Cuius
899 1981 1098 2043 orationems

96 2083 216 2148 Caesar
243 2082 441 2168 interpellat:
478 2103 511 2146 se
540 2105 605 2147 non
632 2082 781 2147 maleficii
809 2106 907 2147 causa
937 2106 979 2148 ex
1006 2107 1075 2169 pro-

96 2189 202 2252 vincia
217 2207 392 2271 egressum,
416 2186 474 2250 sed
494 2188 541 2251 uti
563 2209 598 2252 se
613 2211 633 2251 a
655 2186 854 2251 contumeliis
876 2189 1076 2251 inimicorum

97 2290 300 2372 defenderet,
330 2299 367 2354 ut
386 2289 533 2355 tribunos
562 2290 664 2376 plebis
693 2291 726 2354 in
748 2312 787 2353 ea
816 2311 851 2353 re
874 2312 917 2353 ex
946 2292 1075 2354 civitate

97 2395 247 2480 expulsos
282 2396 315 2457 in
343 2415 435 2458 suam
462 2394 653 2480 dignitatem
681 2395 880 2474 restitueret,
916 2401 953 2457 ut
981 2415 1014 2456 se
1045 2402 1077 2456 ct

97 2499 249 2585 populum
286 2499 467 2562 Romanum
503 2499 643 2563 factione
672 2518 850 2584 paucorum
889 2518 1077 2582 oppressum

96 2607 129 2668 in
151 2603 334 2668 libertatem
355 2601 544 2669 vindicaret.
576 2601 675 2668 Cuius
699 2602 841 2666 oratione
869 2601 1098 2665 confirmatuss

96 2707 270 2789 Lentulus,
299 2709 389 2771 utin
411 2707 566 2793 oppidum
587 2708 708 2771 reverti
730 2705 841 2788 liceat,
869 2706 965 2790 petit:
988 2705 1076 2789 quod

97 2811 137 2875 de
166 2834 224 2876 sua
253 2810 355 2876 salute
384 2812 620 2896 impetraverit,
647 2811 716 2874 fore
745 2811 843 2873 etiam
870 2808 1001 2894 reliquis
1033 2809 1076 2874 ad

96 2940 188 2981 suam
217 2939 306 3003 spem
329 2916 455 2999 solatio,
486 2915 567 2980 adeo
590 2937 660 2979 esse
682 2916 869 3002 perterritos
898 2912 1075 2996 nonnullos,

96 3031 133 3086 ut
154 3044 231 3086 suae
253 3022 340 3084 vitae
363 3021 475 3085 durius
498 3018 664 3084 consulere
694 3028 860 3104 cogantur.
898 3019 1001 3082 Facta
1023 3040 1075 3103 po-

98 3133 213 3189 testate
237 3125 382 3190 discedit.

183 3231 234 3293 23.
258 3228 394 3311 Caesar,
422 3229 479 3293 ubi
501 3228 597 3310 luxit,
628 3251 738 3293 omnes
765 3238 929 3293 senatores
952 3237 1075 3292 senato-

97 3356 233 3419 rumque
271 3334 403 3417 hberos,
440 3334 587 3399 tribunos
624 3333 760 3398 mihtum
793 3335 982 3418 equitesque
1015 3333 1075 3395 Ro-

97 3459 209 3502 manos
241 3438 284 3503 ad
317 3460 352 3503 se
381 3437 517 3524 produci
549 3437 647 3503 iubet.
692 3438 797 3502 Erant
826 3437 1097 3521 quinquaginta32

98 3539 218 3606 ordinis
239 3541 396 3606 senatorii
416 3541 456 3607 L.
475 3541 646 3624 Domitius,
669 3542 705 3606 P.
729 3539 888 3606 Lentulus
912 3538 1074 3624 Spinther,

150 3649 236 3693 omar.
254 3649 282 3692 n.
877 3661 901 3710 «ζ
