2376 3924
129 235 194 301 234
434 239 484 289 nn
502 238 622 290 nunno
643 239 800 291 onnmco

108 437 355 494 crevertuntur.
381 428 543 515 Oppressi
559 427 726 496 Carnutes
750 431 869 496 hiemis
895 431 1106 515 difficultate,

130 541 258 597 terrore
274 531 424 618 periculi,
449 553 524 596 cum
540 534 640 598 tectis
664 533 796 619 expulsi
820 534 912 598 nullo
936 533 1010 599 loco
1035 535 1108 600 diu·

130 638 196 701 tius
214 637 401 701 consistere
416 635 580 700 auderent
592 658 654 701 nec
667 636 828 702 silvarum
840 637 1010 723 praesidio
1027 648 1107 704 tem·

129 739 319 825 pestatibus
345 739 532 804 durissimis
556 741 626 823 tegi
649 749 798 826 possent,
822 740 965 827 dispersi
980 763 1106 826 magna

129 843 1106 928 parteamissasuorumdissipanturinfinitimascivitates.

215 945 244 1011 6.
269 945 397 1010 Caesar
419 955 569 1031 tempore
592 948 673 1011 anni
697 947 905 1030 difficillimo,
928 969 1004 1014 cum
1020 950 1105 1014 satis
1131 983 1136 996 ,

129 1050 270 1116 haberet
286 1051 526 1114 convenientes
543 1072 661 1114 manus
680 1050 856 1136 dissipare,
880 1074 922 1116 ne
938 1051 1028 1138 quod
1044 1054 1106 1117 ini·

129 1157 212 1218 tium
235 1153 316 1218 belli
339 1161 545 1235 nasceretur,
569 1164 795 1240 quantumque
812 1156 846 1218 in
863 1157 996 1220 ratione
1016 1165 1106 1221 esset

130 1257 339 1343 exploratum
355 1256 495 1322 haberet
519 1257 580 1323 sub
602 1267 732 1346 tempus
756 1260 962 1324 aestivorum
976 1258 1105 1324 nullum

129 1383 291 1425 summum
314 1360 438 1426 bellum
462 1383 560 1446 posse
583 1362 732 1445 conflari,
757 1360 879 1427 Gaium
900 1362 1105 1427 Trebonium

128 1485 204 1528 cum
235 1464 365 1529 duabus
395 1465 602 1548 legionibus,
632 1486 715 1550 quas
740 1487 853 1530 secum
877 1465 1040 1548 habebat,
1070 1468 1104 1530 in

106 1568 276 1634 ahibernis
294 1567 426 1633 Genabi
443 1568 640 1651 collocavit3
664 1570 746 1654 ipse,
769 1591 845 1634 cum
867 1568 995 1634 crebris
1011 1569 1105 1653 lega·

127 1672 276 1737 tionibus
307 1674 484 1737 Remorum
519 1673 643 1737 certior
672 1673 767 1738 fieret
798 1672 1014 1756 Bellovacos,
1048 1675 1104 1759 qui

128 1774 208 1839 belli
238 1775 347 1859 gloria
372 1774 489 1841 Gallos
515 1798 628 1841 omnes
651 1776 843 1862 Belgasque
871 1776 1105 1862 praestabant,

127 1879 353 1965 finitimasque
369 1879 421 1945 his
439 1882 597 1945 civitates
622 1880 707 1945 duce
723 1879 847 1945 Correo
863 1880 1046 1946 Bellovaco
1071 1891 1103 1946 et

128 1979 277 2047 Commio
309 1982 473 2047 Atrebate
504 1985 673 2048 exercitus
704 2003 900 2069 comparare
932 1992 1035 2069 atque
1068 1985 1104 2048 in

127 2109 229 2152 unum
251 2087 362 2152 locum
385 2108 517 2171 cogere,
546 2098 582 2152 ut
608 2088 697 2152 omni
720 2087 937 2152 multitudine
961 2088 995 2151 in
1018 2087 1103 2152 fines

128 2190 352 2275 Suessionum,
377 2194 431 2277 qui
448 2193 561 2257 Remis
579 2203 676 2258 erant
692 2191 859 2274 attributi,
876 2192 1027 2256 facerent
1044 2192 1103 2256 im·

126 2298 343 2382 pressionem,
366 2298 535 2383 pertinere
559 2305 669 2361 autem
693 2318 759 2360 non
783 2304 915 2360 tantum
933 2293 978 2359 ad
995 2292 1104 2377 digni·

127 2408 240 2483 tatem,
262 2400 440 2465 sedetiam
457 2400 502 2465 ad
519 2399 662 2465 salutem
680 2420 774 2465 suam
791 2398 958 2463 iudicaret
974 2397 1103 2463 nullam

126 2503 355 2569 calamitatem
380 2506 489 2570 socios
507 2506 629 2589 optime
647 2503 688 2568 de
703 2501 878 2589 republica
893 2503 1031 2567 meritos
1047 2523 1103 2567 ac·

104 2609 247 2692 ccipere,
277 2608 444 2691 legionem
475 2630 516 2671 ex
541 2606 690 2671 hibernis
715 2615 835 2671 evocat
858 2627 975 2670 rursus
998 2605 1103 2670 unde·

126 2712 259 2793 cimam,
281 2710 414 2776 litteras
438 2721 548 2776 autem
566 2710 612 2774 ad
629 2708 752 2775 Gaium
767 2708 911 2774 Fabium
928 2709 1042 2791 mittit,
1065 2719 1102 2775 ut

126 2815 160 2876 in
184 2814 267 2878 fines
292 2813 511 2879 Suessionum
533 2813 685 2897 legiones
710 2813 804 2895 duas,
835 2833 918 2898 quas
941 2811 1102 2896 habebat,

126 2915 321 2998 adduceret,
351 2916 559 3003 alteramque
582 2941 625 2982 ex
648 2916 780 2981 duabus
807 2916 848 2981 ab
872 2914 1025 2982 Labieno
1049 2940 1102 2983 ar·

104 3022 237 3085 rcessit.
262 3021 327 3104 Ita,
345 3031 507 3106 quantum
523 3022 745 3087 hibernorum
756 3023 989 3108 opportunitas
1004 3021 1101 3087 belli·

126 3147 188 3210 que
212 3126 299 3190 ratio
323 3125 529 3209 postulabat,
553 3137 714 3212 perpetuo
734 3147 793 3190 suo
809 3125 927 3190 labore
943 3126 976 3190 in
992 3127 1101 3191 vicem

124 3230 314 3315 legionibus
339 3229 590 3314 expeditionum
614 3251 697 3294 onus
722 3228 932 3312 iniungebat.

212 3334 240 3398 7.
264 3333 327 3398 His
356 3333 463 3418 copiis
492 3335 620 3398 coactis
651 3334 696 3399 ad
722 3333 923 3398 Bellovacos
951 3335 1100 3420 proficis·

125 3440 213 3503 citur
243 3439 432 3523 castrisque
459 3439 631 3503 incorum
658 3437 781 3503 finibus
807 3439 927 3523 positis
952 3440 1101 3524 equitum

125 3550 252 3608 turmas
277 3542 417 3608 dimittit
447 3543 482 3606 in
506 3561 620 3607 omnes
648 3551 763 3627 partes
787 3539 833 3606 ad
854 3540 985 3626 sliquos
1010 3545 1100 3608 cxci·
