2376 3924
368 232 479 282 marm
496 233 533 298 11,
552 228 629 283 cnr.
649 233 762 283 ns-an
1014 235 1054 299 79

78 422 297 507 oppugnanda
325 433 503 505 censerent,
539 423 625 509 quod
649 423 685 486 ia
707 423 890 487 huiusmodi
919 423 1055 487 militum

78 525 215 590 consiliis
231 528 331 591 otium
345 530 487 592 maxime
503 529 700 591 contrarium
715 549 785 591 esse
801 526 1053 611 arbitrarentur3

78 639 238 714 postremo
266 640 432 715 praestare
455 629 608 695 dicebant
636 653 693 716 per
715 633 868 695 virtutem
891 633 923 694 in
946 650 1077 716 pugna²

77 731 151 795 belli
180 733 343 798 fortunam
373 736 523 820 experiri,
558 756 656 818 quam
686 733 831 798 desertos
861 744 894 798 et
922 736 1054 798 circum-

77 845 192 900 ventos
229 837 271 901 ab
311 840 375 903 suis
413 840 640 922 gravissimum
685 837 876 922 supplicium
921 839 1054 922 perpeti.

78 942 191 1023 Erant,
215 944 269 1026 qui
292 953 461 1007 censerent
484 942 524 1007 de
546 944 642 1006 tertia
664 941 774 1027 vigilia
796 943 829 1004 in
853 950 959 1006 castra
982 939 1078 1004 Cor-a

78 1044 161 1107 nelia
183 1044 412 1129 recedendum,
446 1056 482 1111 ut
504 1047 625 1110 maiore
653 1048 755 1131 spatio
787 1046 1057 1129 temporisinter-

77 1151 159 1212 iecto
181 1148 318 1213 militum
340 1156 466 1214 mentes
489 1159 690 1229 sanarentur,
714 1147 817 1230 simul,
837 1149 863 1210 si
886 1147 964 1231 quid
987 1170 1057 1231 gra·

79 1254 149 1315 vius
172 1251 352 1335 accidisset,
383 1275 502 1337 magna
524 1251 727 1316 multitudine
751 1252 882 1314 navium
906 1260 937 1314 et
959 1252 1066 1314 tutius

78 1364 111 1418 et
133 1355 257 1419 facilius
280 1358 313 1419 in
337 1355 478 1421 Siciliam
501 1366 650 1440 receptus
673 1354 814 1418 daretur.

182 1458 233 1521 31.
257 1457 355 1522 Curio
370 1468 543 1543 utrumque
558 1456 745 1543 improbans
760 1456 936 1538 consilium,
960 1477 1058 1540 quan-

78 1571 148 1624 tum
171 1561 263 1625 alteri
298 1563 476 1626 sententiae
510 1560 637 1625 deesset
670 1562 778 1642 animi,
812 1569 939 1624 tantum
967 1558 1059 1622 alteri

80 1685 248 1749 superesse
270 1662 416 1728 dicebat:
454 1663 512 1727 hos
542 1665 745 1749 turpissimae
775 1664 872 1748 fugae
901 1664 1059 1726 rationem

80 1767 211 1850 habere,
235 1767 303 1832 illos
327 1770 424 1832 etiam
447 1770 556 1852 iniquo
587 1766 655 1832 loco
684 1766 904 1832 dimicandum
934 1776 1058 1852 putare.

76 1866 162 1952 ‘Qua
185 1870 290 1952 enim',
324 1872 439 1955 inquit,
468 1867 602 1935 ‘fiducia
625 1881 658 1935 et
680 1893 776 1956 opere
800 1880 832 1934 et
853 1879 971 1934 natura
999 1869 1081 1933 100i2

79 1975 293 2038 munitissima
309 1983 416 2039 castra
439 1975 622 2060 expugnari
644 1996 737 2059 posse
754 1973 968 2038 confidimus?
991 1972 1081 2037 Auta

81 2099 157 2140 vero
181 2076 258 2160 quid
282 2078 478 2163 proficimus,
513 2079 540 2141 si
563 2087 696 2163 accepto
726 2098 844 2162 magno
868 2077 1060 2140 detrimento

80 2180 122 2242 ab
146 2181 384 2264 oppugnatione
407 2169 587 2246 castrorum
610 2180 826 2246 discedimus?
872 2181 974 2262 Quasi
995 2202 1060 2243 non

82 2292 115 2346 et
140 2283 277 2346 felicitas
298 2305 409 2348 rerum
431 2293 597 2369 gestarum
620 2286 782 2349 exercitus
804 2282 1061 2348 benevolentiam

80 2385 329 2471 imperatoribus
352 2395 385 2451 et
405 2408 459 2452 res
481 2387 640 2453 adversae
657 2386 731 2451 odia
747 2385 910 2470 colligant!
935 2384 1083 2449 Castro-r

80 2512 154 2554 rum
176 2499 286 2553 autem
313 2491 448 2555 mutatio
471 2491 550 2575 quid
579 2489 679 2555 habet
705 2491 765 2554 nisi
793 2499 921 2574 turpem
949 2489 1061 2573 fugam

81 2604 114 2657 et
137 2593 395 2677 desperationem
417 2594 561 2658 omnium
583 2603 615 2658 et
637 2592 861 2657 alienationem
876 2592 1061 2656 exercitus?

82 2698 166 2760 Nam
193 2716 298 2780 neque
332 2695 490 2781 pudentes
525 2699 682 2782 suspicari
716 2704 842 2782 oportet
864 2694 924 2760 sibi
947 2717 1062 2780 parum

82 2800 181 2882 credi,
214 2820 320 2884 neque
342 2800 506 2886 improbos
535 2802 617 2866 scire
646 2822 715 2864 sese
744 2801 864 2882 timeri,
898 2799 986 2885 quod
1013 2799 1062 2862 his

85 2904 248 2969 licentiam
271 2905 366 2970 timor
388 2914 507 2991 augeat
522 2915 641 2987 noster,
664 2904 724 2967 illis
747 2902 853 2969 studia
876 2902 1061 2968 deminuat!

77 3005 190 3090 ‘Quod
218 3009 244 3072 si
272 3005 356 3091 iam',
391 3010 505 3094 inquit,
538 3001 630 3072 ‘haec
668 3005 837 3092 explorata
873 3008 1084 3090 habeamuss

82 3135 165 3199 quae
188 3111 229 3177 de
254 3115 418 3178 exercitus
440 3112 631 3178 alienatione
648 3110 808 3193 dicuntur,
832 3132 915 3196 quae
932 3113 1064 3197 quidem

81 3239 142 3303 ego
166 3226 223 3281 aut
245 3219 375 3283 omnino
397 3217 479 3282 falsa
501 3226 558 3283 aut
580 3225 668 3281 certe
690 3217 816 3281 minora
834 3218 981 3301 opinione
993 3238 1063 3280 esse

81 3319 219 3405 confido,
242 3329 364 3407 quanto
387 3319 470 3386 haec
492 3320 687 3387 dissimulari
711 3331 743 3386 et
766 3320 936 3404 occultari,.
966 3341 1064 3404 quam

80 3444 141 3511 per
160 3444 227 3511 nos
243 3423 431 3490 confirmari
458 3424 625 3511 praestet?
670 3423 725 3488 An
754 3446 828 3506 non,
851 3425 898 3488 uti
921 3422 1087 3508 corporiso

81 3526 228 3615 omma,
263 3529 310 3593 ita
346 3529 510 3594 exercitus
552 3527 757 3595 incommoda
794 3537 869 3592 sunt
912 3525 1063 3612 tegenda,
