2376 3924
112 251 204 304 LVIII
414 243 625 298 ADNOTATIO
645 243 791 296 CRITICA

112 437 279 492 necessitate
305 436 420 490 edoctus
447 435 552 486 detorta
579 435 645 498 sint,
672 438 699 483 et
726 448 822 483 sensus
849 434 908 498 ipse
935 433 978 484 his
1000 437 1094 487 verbis

112 525 205 575 tavers
227 523 343 574 videtur.
373 524 435 588 ipsa
462 524 534 572 enim
562 521 724 571 necessitate
752 525 928 585 praeceptum
953 525 994 571 est
1021 523 1094 572 Mar-

114 611 195 674 cello,
214 610 279 676 quid
296 611 438 660 vitandum
457 609 482 659 ei
501 612 573 657 esset
592 607 711 672 quidque
729 605 874 671 agendum,
898 622 936 659 sc.
947 611 989 672 ‚ut
1005 622 1095 674 neque

113 696 286 765 constiperet,
312 710 400 762 neque
417 693 519 762 vapori
538 691 668 746 Cossium
686 690 774 744 tatius
789 695 947 759 pateretur,
974 691 1022 742 sed
1045 708 1093 746 ca-

112 781 201 835 stellis
214 781 323 834 idoneis
336 780 404 834 locis
416 779 559 834 collocatis
570 818 576 832 .
587 816 611 832 ..
625 777 718 832 Uliam
731 776 914 844 Cassiumque
925 778 1094 832 munitioni·

112 869 163 922 bus
182 868 328 919 clauderet.

216 971 239 1006 c.
258 955 299 1016 66,
318 957 346 1004 t:
373 952 465 1018 fratri
483 956 576 1005 autem
594 952 801 1006 Ariobarzanis
819 953 987 1021 Ariaratbi‚
1004 983 1040 993 -
1057 971 1094 1008 ne

112 1046 165 1094 aut
182 1042 263 1110 repni
280 1040 423 1093 hereditas
441 1039 619 1092 Ariarathen
637 1038 817 1108 sollicitaret,
845 1043 897 1093 aut
914 1039 992 1092 lieres
1011 1041 1093 1109 repni

114 1132 230 1180 terreret
253 1126 491 1193 Ariobarzanen,
519 1124 662 1178 adtribuit
685 1125 734 1192 qui
757 1125 807 1178 sub
832 1125 893 1178 eius
915 1126 1033 1193 imperio
1058 1141 1093 1181 ac

113 1213 224 1266 eliciome
250 1210 393 1281 esseut]
422 1229 481 1262 cum
511 1211 588 1262 codd.
607 1211 851 1265 Ariobarzani
878 1211 1022 1266 adtribuit
1044 1213 1092 1265 ha-

112 1302 204 1361 beant,
224 1299 379 1365 Nipperdey
392 1305 453 1365 post
471 1303 588 1351 terreret
606 1299 732 1349 lacunam
751 1300 853 1361 statuit,
872 1315 926 1364 qua
941 1300 1093 1352 exciderint

111 1388 196 1436 verba
226 1384 453 1453 Ariobarzanen,
483 1390 596 1453 purtem
625 1384 777 1438 Armeniae
806 1383 925 1438 minoris
955 1386 1093 1440 coracessii

112 1487 241 1540 euntque,·
271 1478 299 1522 at
322 1474 414 1524 omnia
440 1488 508 1523 sana
530 1471 668 1532 videntur,
694 1473 853 1534 dummodo,
881 1471 954 1537 quod
971 1472 1093 1524 Iurinius

111 1559 166 1609 iam
185 1566 368 1624 proposuerat,
386 1576 435 1625 pro
455 1560 546 1610 dativo
565 1557 758 1610 Ariobarzani
776 1560 948 1609 accusativus
966 1564 1092 1624 ponatur,

113 1648 184 1695 etin
205 1647 395 1710 sequentibus,
423 1645 495 1710 quod
514 1661 563 1711 ego
587 1647 729 1711 proposui,
757 1644 805 1711 qui
823 1644 874 1697 sub
893 1644 954 1698 eius
973 1644 1093 1712 irnperio

113 1746 146 1783 ac
165 1731 275 1784 dicione
293 1735 411 1784 essent
428 1747 476 1798 pro
494 1732 592 1781 tradito
611 1735 682 1784 esset
700 1733 842 1783 scribatur.
861 1747 904 1782 me
922 1737 1030 1783 secutus
1050 1738 1093 1784 est

111 1817 231 1869 Ditbner.

216 1920 237 1951 c.
257 1905 299 1968 67,
320 1907 348 1953 1:
368 1902 442 1968 puool
459 1931 493 1941 —
511 1902 679 1956 enercitibus
697 1902 878 1970 imperiisque
895 1907 1040 1957 coactus
1059 1903 1092 1956 in

117 1988 166 2042 Cu.
179 1987 294 2055 Pompei
312 1988 416 2041 castris
434 1986 556 2057 suisset]
575 1989 699 2054 supplevi
714 1993 837 2056 coactus,
856 2006 917 2039 cum
930 1991 970 2041 sic
982 1990 1090 2040 demum

112 2076 212 2125 tradita
237 2075 321 2125 verba
350 2081 421 2126 stare
451 2078 564 2141 possint.
600 2075 745 2127 Markland
773 2076 935 2142 eacitusque
961 2074 1092 2144 imperiis

113 2162 279 2221 coniecerat,
306 2160 377 2210 unde
398 2160 504 2211 Kraner
522 2166 549 2211 et
566 2161 679 2212 Ddbner
700 2161 810 2215 excitus
828 2160 956 2228 imperiis
980 2177 1091 2229 recepe·

111 2252 181 2299 runt.
201 2246 314 2312 Madvig
331 2245 440 2299 eacitus
458 2246 548 2299 uerbis
565 2246 745 2315 imperiisque
762 2248 935 2298 scribendum
955 2262 1015 2299 esse
1027 2263 1090 2299 cen·

111 2335 173 2384 suit.
204 2334 301 2383 Dinter
319 2331 455 2385 coercitus
474 2331 642 2386 enercitibus
661 2332 841 2401 imperiisque
859 2334 952 2384 edidit.

216 2435 238 2469 c.
258 2420 299 2482 68,
319 2420 348 2468 1:
376 2434 490 2485 cunique
515 2417 702 2483 defensionem
726 2420 787 2473 eius
809 2418 918 2472 nullum
936 2433 1021 2487 posse
1043 2433 1091 2472 ea·

112 2506 285 2559 cusationem
305 2504 387 2575 [eius]
407 2504 617 2573 imprudentiae
629 2505 751 2573 recipere
763 2505 955 2576 coarpuisset]
974 2506 1089 2557 alteram

111 2592 172 2645 eius
192 2592 302 2643 Clarkio
321 2602 430 2644 auctore
448 2593 556 2644 inclusi.

215 2695 238 2728 c.
258 2681 299 2740 70,
317 2682 346 2728 4:
376 2678 460 2746 quin
477 2679 509 2732 id
527 2678 639 2749 ipsunt]
659 2679 727 2746 quin
745 2685 775 2730 ut
793 2686 875 2731 antea
893 2696 926 2730 cx
942 2679 1090 2746 Nipperdei

112 2765 268 2814 coniectura
295 2767 391 2831 scripsi
417 2782 466 2832 pro
493 2767 592 2817 tradito
622 2781 712 2833 quani.
743 2766 891 2817 Vielhaber
914 2766 932 2816 l.
951 2767 968 2816 l.
993 2783 1020 2835 p.
1038 2767 1091 2818 b'ld

112 2863 280 2914 amantquam
298 2853 470 2903 scribendum
490 2855 630 2918 proposuit
647 2852 729 2919 idque
748 2854 846 2903 Dinter
863 2853 974 2919 recepit.

215 2951 237 2983 c.
258 2937 299 2997 71,
320 2939 347 2985 1:
375 2937 415 2989 At
442 2937 606 2992 Pbarnaces
634 2937 788 2991 liberaliter
814 2939 910 2991 orreuiu
933 2937 1091 3007 pollicitae,

111 3034 173 3072 curu
196 3019 378 3084 festinantem
396 3039 430 3076 oc
447 3030 719 3091 percurrentem
738 3024 884 3079 Gaesarem
908 3029 1038 3094 speraret
1055 3023 1090 3078 li-

111 3105 221 3159 bentius
240 3107 325 3159 etiam
343 3109 518 3164 crediturum
535 3112 597 3165 suis
612 3111 781 3182 promississs
805 3118 1016 3180 percurrentem
1034 3115 1089 3163 iam

111 3195 207 3258 scripsi
220 3204 329 3246 auctore
342 3197 464 3248 Kranero
481 3215 529 3264 pro
542 3200 642 3250 tradito
657 3205 895 3267 praecurrentem.
914 3205 996 3251 antea
1003 3213 1090 3265 prae-

111 3283 267 3332 currentem
285 3297 318 3331 ex
337 3285 482 3334 contractis
499 3286 641 3336 vocabulis
660 3285 691 3337 iu
706 3285 884 3352 provinciam
901 3288 1090 3338 recurrentem

110 3373 197 3417 ortum
217 3383 275 3420 esse
294 3370 447 3435 suspicatus
466 3385 547 3421 eram.

215 3472 237 3504 c.
257 3457 298 3519 72,
318 3459 345 3506 1:
371 3455 440 3509 Zela
463 3460 504 3510 est
528 3458 664 3525 oppidum
682 3459 714 3511 in
731 3459 834 3522 Ponto,
859 3455 985 3526 positu
1011 3453 1091 3520 ipso

109 3538 193 3591 utin
209 3539 298 3606 plano
318 3540 376 3595 loco
393 3542 467 3596 sutis
486 3544 643 3615 reunitum]
673 3552 702 3596 ut
726 3551 807 3598 antea
831 3560 864 3598 ex
881 3543 945 3595 Arsi
963 3540 1090 3594 emenda-
