2376 3924
381 230 491 280 LIBER
508 231 560 290 ΙΙΙ,
579 231 657 281 ΟΔΡ.
675 231 786 282 ao-rs.
1031 233 1071 296 79

90 442 231 486 numero
255 420 388 484 fuerunt
409 418 572 503 Tarbelli,
596 421 822 504 Bigerriones,
846 424 981 505 Ptianii,
1005 424 1067 487 Vo-

90 534 200 606 cates,
215 523 411 606 Tarusates,
433 523 603 606 Elusates,
620 523 738 608 Getes,
751 525 870 602 Ausci,
895 525 1070 609 Garumni,

91 626 285 709 Sibuzates,
298 625 499 711 Cocosates3
514 651 645 714 paucae
661 629 801 694 ultimae
818 631 973 695 nationes
991 633 1093 699 annia

32 785 35 791 .
91 741 243 816 tempore
266 733 424 810 confisae,
453 732 543 818 quod
565 732 671 798 hiems
695 733 843 815 suberat,
872 734 935 798 hcc
959 736 1070 800 facero

91 835 330 918 neglexerunt.

181 937 233 1001 28.
265 937 394 1002 Eodem
423 938 493 1002 fere
524 948 670 1024 tempore
700 936 843 1017 Caesar,
874 942 938 1005 etsi
968 965 1070 1027 prope

92 1053 220 1106 exacta
244 1043 311 1105 iam
333 1052 448 1106 aestas
473 1052 557 1124 crat,
580 1051 704 1126 tamen,
728 1042 818 1128 quod
842 1045 929 1107 omni
955 1043 1070 1110 Gallia

91 1156 218 1231 pacata
234 1145 357 1209 Morini
372 1145 587 1230 Menapiique
605 1157 813 1231 supererant,
837 1149 892 1232 qui
910 1150 944 1211 in
968 1151 1070 1213 armis

92 1259 209 1314 essent
224 1270 331 1334 neque
355 1247 400 1312 ad
424 1271 498 1312 eum
515 1271 672 1333 umquam
688 1249 822 1333 legatos
848 1251 888 1315 de
911 1274 995 1337 pace
1012 1254 1069 1317 mi-

93 1355 229 1434 sissent,
254 1352 440 1417 arbitratus
457 1353 493 1417 id
508 1352 633 1418 bellum
649 1353 805 1419 celeriter
823 1356 943 1418 confici
962 1379 1070 1439 posse,

93 1480 131 1522 co
157 1458 342 1522 exercitum
365 1457 529 1541 adduxit,
559 1460 615 1542 qui
645 1457 745 1541 longe
776 1457 845 1523 alia
874 1461 1005 1523 ratione
1030 1483 1070 1523 ac

92 1560 213 1645 reliqui
239 1558 332 1624 Galli
355 1559 480 1625 bellum
504 1582 619 1644 gerere
643 1571 832 1647 cooperunt.
873 1563 957 1627 Nam
982 1564 1093 1648 quode

93 1664 337 1748 intellegebant
360 1665 527 1729 maximas
544 1666 710 1748 nationes,
735 1687 818 1750 quac
843 1665 968 1751 proelio
994 1689 1069 1730 con-

93 1767 293 1850 tendissent,
309 1767 425 1854 pulsas
439 1778 681 1854 superatasque
694 1791 777 1850 esse,
794 1770 1071 1855 continentesque

94 1871 200 1936 silvas
224 1893 264 1936 ac
287 1870 427 1958 paludes
450 1869 639 1954 habebant,
669 1894 707 1936 eo
738 1896 773 1936 sc
803 1895 929 1957 suaque
959 1877 1070 1939 omnia

93 1974 318 2040 contulerunt.
333 1974 386 2039 Ad
394 1996 534 2060 quarum
546 1977 678 2041 initium
692 1977 853 2041 silvarum
862 2000 935 2042 curn
943 1977 1092 2044 Caesare

92 2080 1071 2166 pervenissetcastraquemunircinstituisset,nequehostis

93 2185 229 2248 interim
245 2185 338 2249 visus
355 2192 454 2267 esset,
478 2183 638 2269 dispersis
655 2186 688 2249 in
706 2207 804 2270 opere
821 2188 945 2250 nostris
960 2186 1069 2250 subito

93 2312 137 2354 ex
150 2287 302 2354 omnibus
315 2286 470 2373 partibus
484 2287 591 2352 silvae
605 2288 824 2354 evolaverunt
841 2298 872 2353 ct
889 2291 923 2352 in
936 2300 1069 2357 nostros

92 2395 253 2477 impetum
276 2392 439 2455 fecerunt.
473 2391 590 2455 Nostri
609 2390 766 2456 celeriter
790 2415 884 2457 arma
908 2404 1093 2478 ceperunt4

93 2517 218 2581 eosque
240 2497 274 2560 in
299 2495 403 2560 silvas
419 2495 637 2581 reppulerunt
661 2505 693 2560 ct
717 2496 944 2583 compluribus
968 2500 1068 2563 inter-

91 2602 191 2665 fectis
208 2598 341 2684 longius
358 2599 627 2685 impeditioribus
644 2600 727 2665 locis
746 2603 852 2666 secuti
877 2625 1002 2687 paucos
1027 2627 1070 2667 ex

92 2705 163 2768 suis
189 2703 461 2789 deperdiderunt.

181 2806 231 2870 29.
254 2808 405 2894 Reliquis
424 2809 581 2897 deinceps
596 2809 714 2874 diebus
728 2808 855 2874 Caesar
872 2810 976 2875 silvas
995 2835 1068 2876 cac-

92 2910 174 2975 dere
198 2911 357 2995 instituit,
381 2922 414 2977 et
430 2936 472 2977 ne
489 2914 564 2999 quis
581 2912 763 2978 inermibus
788 2913 1069 2998 imprudentibus·

91 3036 157 3100 que
173 3013 339 3080 militibus
357 3013 401 3080 ab
417 3015 524 3081 latere
541 3017 685 3102 impetus
702 3017 775 3081 ficri
791 3027 916 3102 posset,
940 3040 1070 3084 omnem

92 3140 168 3182 eam
184 3121 370 3202 materiam,
394 3142 480 3206 quae
504 3129 576 3185 erat
599 3143 712 3205 caesa,
737 3143 935 3187 conversam
953 3123 997 3187 ad
1013 3124 1069 3188 ho·

91 3230 180 3287 stem
196 3220 387 3288 collocabat
405 3233 436 3289 et
453 3246 513 3311 pro
529 3224 621 3289 vallo
645 3224 690 3289 ad
713 3236 890 3310 utrumque
906 3226 995 3291 latus
1013 3251 1068 3292 ex·

91 3326 257 3393 struebat.
280 3327 479 3393 Incredibili
495 3327 671 3393 celeritate
687 3351 808 3413 magno
827 3331 935 3414 spatio
952 3332 1091 3415 paucisr

92 3429 213 3498 diebus
236 3431 401 3517 confecto,
425 3454 500 3498 cum
523 3434 589 3497 iam
606 3455 709 3518 pecus
726 3445 827 3519 atque
844 3442 995 3497 extrema
1012 3435 1069 3498 im·

89 3534 336 3623 pedimentaab
345 3537 469 3601 nostris
482 3545 687 3619 tenerentur,
700 3538 765 3623 ipsi
779 3536 950 3601 densiores
965 3536 1069 3603 silvas
