2376 3924
127 251 169 317 20
449 252 499 301 DE
523 246 643 301 BELLO
667 250 780 303 CIVILI

66 443 198 527 (impari
220 441 442 527 magnitudine
464 450 550 505 rates
573 439 736 526 iungebat.
772 442 842 505 Has
865 443 1030 526 quaternis
1054 464 1110 506 an-

128 548 210 610 coris
233 568 275 610 ex
298 560 351 609 1111
381 545 505 629 angulis
528 544 725 627 destinabat,
755 568 795 608 ne
823 544 974 609 fluctibus
1000 568 1110 610 move-

128 659 253 732 rentur,
288 673 308 712 a
342 650 445 713 fronte
476 657 573 734 atque
602 648 644 713 ab
674 660 811 736 utroque
837 649 937 714 latere
964 649 1110 714 cratibus

95 788 118 824 10
128 776 167 817 ac
182 753 297 839 pluteis
313 753 517 838 protegebat,
542 756 575 816 in
590 763 706 838 quarta
729 774 857 839 quaque
874 775 985 818 earum
1001 763 1110 818 turres

128 857 278 921 binorum
305 855 523 921 tabulatorum
546 857 725 938 excitabat,
757 879 820 941 quo
844 856 1041 921 commodius
1066 858 1109 922 ab

129 963 250 1044 impetu
272 962 405 1024 navium
427 959 647 1044 incendiisque
670 960 867 1024 defenderet.

215 1063 265 1125 26.
297 1060 418 1125 Contra
449 1062 530 1126 haec
552 1062 724 1148 Pompeius
753 1085 853 1127 naves
877 1087 1012 1148 magnas
1036 1087 1110 1128 one·

130 1167 242 1247 rarias,
266 1188 346 1250 quas
369 1167 402 1229 in
425 1175 520 1251 portu
541 1165 735 1230 Brundisino
755 1166 1029 1252 deprehenderat,
1054 1168 1111 1233 ad-

131 1269 277 1334 ornabat.
322 1269 373 1333 Ibi
406 1279 511 1334 turres
539 1293 613 1334 cum
645 1273 744 1335 ternis
772 1270 924 1336 tabulatis
961 1272 1112 1358 erigebat

131 1395 250 1457 easque
287 1373 393 1438 multis
430 1376 596 1439 tormentis
633 1384 666 1439 et
702 1377 787 1439 omni
820 1398 938 1460 genere
972 1374 1112 1441 telorum

132 1478 304 1563 completas
338 1479 381 1543 ad
414 1501 512 1564 opera
535 1478 682 1544 Caesaris
717 1479 914 1566 appellebat,
950 1490 986 1544 ut
1019 1490 1110 1545 rates

131 1593 354 1667 perrumperet
387 1592 485 1668 atque
519 1605 616 1668 opera
650 1583 855 1647 disturbaret.
903 1585 956 1649 sie
993 1583 1112 1647 cotidie

131 1688 292 1770 utrimque
327 1688 451 1750 eminus
488 1686 610 1768 fundis,
649 1687 773 1770 sagittis
810 1685 1004 1771 reliquisque
1039 1687 1112 1751 telis

95 1789 346 1880 ppugnabatur.
393 1788 502 1874 Atque
544 1790 626 1854 haee
663 1790 783 1855 Caesar
820 1792 865 1854 ita
909 1790 1112 1855 administra-

132 1894 203 1973 bat,
238 1902 273 1956 nt
310 1892 512 1957 condiciones
541 1895 629 1979 pacis
664 1894 870 1959 dimittendas
907 1918 971 1959 uon
1002 1897 1111 1960 existi·

132 2006 249 2077 maret3
278 2019 316 2059 ac
339 1997 464 2060 tametsi
487 2019 682 2081 magnopere
709 1997 931 2063 admirabatur
953 1999 1111 2083 Magium,

133 2122 230 2186 quem
260 2100 302 2164 ad
324 2102 513 2185 Pompeium
541 2123 615 2165 cum
643 2101 803 2165 mandatis
831 2104 976 2184 miserat,
1007 2102 1050 2167 ad
1077 2125 1112 2167 se

132 2228 197 2269 non
219 2206 353 2285 remitti,
383 2214 480 2289 atque
509 2226 547 2269 ea
575 2227 628 2268 res
657 2227 753 2290 saepe
781 2213 938 2291 temptata
967 2207 1026 2270 etsi
1055 2208 1112 2270 im-

134 2319 226 2394 petus
264 2309 332 2372 eius
370 2307 564 2394 consiliaque
602 2308 768 2390 tardabat,
814 2317 924 2372 tamen
963 2307 1113 2373 omnibns

133 2414 230 2478 robus
260 2416 292 2478 in
320 2436 357 2477 co
387 2413 662 2499 perseverandum
690 2411 835 2498 putabat.
880 2413 995 2498 Itaque
1019 2411 1113 2478 Cani-

112 2521 222 2593 anium
250 2518 399 2583 Rebilum
428 2518 584 2603 legatum,
612 2516 802 2581 familiarem
830 2506 1113 2604 necessariumque

135 2623 292 2689 Scribonii
327 2624 476 2705 Libonis,
510 2623 607 2686 mittit
635 2620 677 2684 ad
706 2643 779 2685 eum
813 2619 960 2705 colloquii
997 2643 1112 2697 causa3

133 2727 282 2809 mandat,
313 2737 349 2791 ut
370 2727 530 2791 Libonem
557 2725 598 2789 de
621 2723 820 2790 concilianda
848 2747 928 2810 pace
950 2724 1114 2809 hortetur3

134 2832 304 2916 imprimis,
338 2840 375 2895 ut
401 2832 469 2916 ipse
497 2853 572 2894 cum
599 2828 752 2915 Pompeio
782 2828 1032 2914 colloqueretur,
1060 2851 1115 2916 po·

135 2934 246 2998 stulat:
270 2957 465 3020 magnopere
489 2956 559 2998 sese
577 2933 739 2998 confidere
762 2932 971 3016 demonstrat,
995 2934 1022 2997 si
1044 2935 1115 3000 eius

115 3040 183 3109 arei
205 3039 246 3102 sit
268 3046 409 3123 potestas
431 3039 533 3121 facta,
562 3039 643 3122 fore,
675 3046 713 3102 ut
734 3037 846 3121 aequis
873 3036 1116 3105 condicionibus

137 3141 179 3207 ab
195 3143 292 3205 armis
308 3141 507 3224 discedatur;
532 3144 621 3206 cuius
637 3143 684 3205 rei
699 3162 852 3225 magnam
869 3149 995 3225 partem
1009 3139 1117 3207 laudis

136 3257 233 3333 atque
257 3247 500 3310 existimationis
517 3246 559 3311 ad
575 3245 734 3311 Libonem
750 3254 990 3331 perventuram,
1013 3245 1041 3308 si
1062 3243 1116 3310 illo

114 3360 267 3427 5auctore
291 3359 388 3434 atque
410 3358 527 3435 agente
549 3349 591 3413 ab
615 3352 712 3413 armis
735 3351 775 3413 sit
798 3349 984 3413 discessum.
1030 3346 1117 3414 Libo

126 3479 156 3519 'a
190 3454 345 3539 colloquio
378 3452 493 3518 Canini
531 3452 695 3538 digressus
728 3451 771 3516 ad
799 3453 989 3537 Pompeium
1021 3451 1118 3537 proil-

137 3562 275 3624 ciscitur.
306 3557 406 3624 Paulo
429 3567 502 3645 post
523 3559 695 3639 renuntiat,
720 3554 806 3641 quod
829 3553 974 3620 consules
996 3552 1117 3641 ώείιιί,
