2376 3924
358 241 468 292 arnna
486 241 551 304 1111,
570 240 647 294 cnr.
668 240 776 290 rr-ar.
1014 240 1056 303 93

78 433 318 515 constituerat,
346 440 383 496 ut
407 429 586 496 Germanis
609 440 734 496 metum
756 432 907 515 iniceret,
936 441 971 496 ut
995 430 1055 496 Su·

79 536 236 620 gambros
253 535 485 620 ulcisceretur,
504 546 542 602 ut
555 535 662 603 Ubios
687 535 862 601 obsidione
884 535 1056 618 liberaret,

80 639 198 708 diebus
222 641 355 705 omnino
386 638 500 705 decem
531 649 564 705 et
588 649 663 704 octo
686 649 781 705 trans
804 639 955 704 Rhenum
978 661 1053 704 con·

78 744 236 830 sumptio,
260 744 345 808 satis
369 751 401 808 et
425 743 470 807 ad
492 743 627 809 laudem
652 754 684 809 et
708 743 753 808 ad
774 742 958 807 utilitatem
982 765 1056 827 pro·

77 847 204 912 fectum
222 846 420 931 arbitratus,
445 869 481 910 sc
498 848 531 911 in
550 845 699 912 Galliam
715 848 841 932 recepit
856 855 1056 931 pontemque

76 950 230 1016 rescidit.

163 1052 215 1120 20.
239 1055 375 1139 Exigua
397 1065 495 1140 parte
511 1055 654 1121 aestatis
677 1052 806 1138 reliqua
830 1051 968 1137 Cacsar,
993 1054 1057 1117 etsi

78 1162 114 1224 in
136 1159 189 1223 his
214 1158 316 1241 locis,
347 1157 436 1243 quod
466 1159 572 1223 omnis
597 1154 711 1222 Gallia
743 1156 787 1222 ad
811 1157 1057 1243 septentriones

77 1264 200 1346 vergit,
224 1270 376 1327 maturae
400 1271 477 1325 sunt
493 1260 629 1343 hiemes,
657 1270 770 1327 tamen
794 1262 829 1325 in
844 1261 1058 1325 Britanniam

76 1365 248 1452 proficisci
282 1364 473 1448 contendit,
508 1365 597 1450 quod
630 1363 782 1430 omnibus
816 1365 884 1428 fere
914 1362 1057 1428 Gallicis

76 1469 176 1533 bellis
200 1467 355 1533 hostibus
378 1471 503 1534 nostris
527 1467 605 1533 inde
635 1467 892 1533 subministrata
927 1466 1056 1532 auxilia

76 1571 300 1657 intellegebat
316 1582 359 1655 et,
384 1575 413 1638 si
429 1584 559 1659 tempus
576 1575 657 1638 anni
673 1573 718 1637 ad
733 1571 857 1638 bellum
874 1572 1077 1655 gerendumr

79 1676 248 1760 deficeret,
271 1685 385 1743 tamen
408 1698 531 1761 magno
554 1676 619 1743 sibi
634 1679 711 1742 usui
727 1677 798 1743 fore
815 1676 1056 1760 arbitrabatur,

79 1782 107 1844 si
137 1779 236 1844 modo
265 1779 411 1846 insulam
439 1781 567 1847 adisset
598 1792 631 1849 et
663 1803 768 1865 genus
792 1781 961 1846 hominum
984 1805 1055 1868 per-

79 1885 266 1970 spexisset,
289 1883 382 1969 loca,
404 1895 536 1971 portus,
566 1885 678 1951 aditus
708 1888 943 1970 cognovisset,
972 1905 1079 1973 quaer

79 1989 192 2054 omnia
215 1987 285 2052 fere
302 1985 411 2054 Gallis
436 1998 533 2054 erant
549 1992 733 2074 incognita.
760 1991 876 2076 Neque
900 1991 987 2054 enim
1010 2000 1057 2055 te-

78 2116 168 2158 mere
191 2101 326 2178 praeter
340 2103 545 2160 mercatores
563 2093 621 2159 illo
645 2094 717 2159 adit
741 2097 927 2181 quisquam,
950 2114 1058 2178 neque

79 2198 121 2260 iis
144 2197 227 2281 ipsis
251 2197 430 2282 quicquam
453 2206 587 2282 praeter
610 2219 703 2263 oram
726 2199 929 2263 maritimam
957 2205 1058 2281 atque

80 2321 138 2363 eas
155 2299 323 2383 regiones,
347 2310 528 2384 quaesunt
551 2309 671 2366 contra
691 2299 834 2382 Gallias,
857 2311 973 2365 notum
996 2309 1056 2365 est.

79 2403 200 2489 Itaque
222 2404 354 2469 vocatis
377 2404 423 2470 ad
447 2427 482 2469 se
505 2404 654 2492 undique
682 2404 927 2471 mercatoribus
951 2421 1081 2489 nequet

80 2517 208 2594 quanta
232 2517 322 2574 esset
350 2507 482 2573 insulae
504 2508 718 2593 magnitudo,
748 2531 856 2595 neque
885 2530 971 2594 quae
1000 2517 1059 2571 aut

80 2619 227 2697 quantae
243 2611 400 2677 nationes
415 2611 613 2696 incolerent,
636 2634 854 2698 nequequam
866 2635 960 2675 nsum
977 2610 1058 2674 belli

80 2712 244 2779 haberent
267 2722 326 2781 aut
342 2712 463 2801 quibus
485 2715 653 2781 institutis
671 2725 855 2799 uterentur,
880 2738 986 2800 neque
1003 2715 1059 2799 qni

80 2827 195 2884 essent
207 2818 253 2884 ad
264 2821 429 2885 maiorum
444 2821 582 2887 navium
594 2819 844 2886 multitudinem
862 2819 973 2883 idonei
985 2839 1059 2902 por·

80 2931 146 3005 tus,
169 2923 318 3007 reperire
340 2931 486 3007 poterat.

165 3023 218 3091 21.
234 3023 290 3090 Ad
304 3024 389 3091 haec
405 3025 652 3111 cognoscenda,
667 3028 863 3112 priusquam
874 3025 1060 3111 periculum

78 3128 220 3206 faceret,
243 3128 401 3194 idoneum
417 3151 491 3195 esse
507 3128 695 3196 arbitratus
713 3128 835 3195 Gaium
853 3131 1060 3195 Volusenum

79 3253 157 3297 cum
172 3232 255 3297 navi
277 3230 379 3315 longa
394 3235 592 3318 praemittit.
617 3233 705 3298 Huic
722 3233 871 3317 mandat,
894 3244 930 3298 ut
947 3232 1083 3317 exple-2

78 3337 166 3402 ratis
183 3333 338 3401 omnibus
354 3335 454 3402 rebus
471 3336 516 3403 ad
533 3360 569 3402 sc
586 3359 685 3423 quam
701 3339 843 3423 primum
860 3345 1059 3401 revertatur.

77 3440 158 3526 Ipse
179 3460 256 3505 cum
280 3437 435 3505 omnibus
458 3441 565 3526 copiis
594 3442 630 3505 in
652 3440 801 3505 Morinos
825 3440 1084 3525 proficiscitur·,s

79 3540 172 3631 quod
186 3541 268 3609 inde
282 3551 356 3608 erat
371 3542 591 3609 brevissimus
608 3546 642 3608 in
659 3544 869 3609 Britanniam
888 3544 1062 3610 traiectus.
