2376 3924
394 200 503 250 murus
521 201 553 264 v,
573 198 649 251 ess.
667 199 778 250 ss-sr.
1020 198 1081 263 135

94 414 204 479 aequo
221 393 332 457 animo
349 391 587 458 remittendum
601 391 642 456 de
655 390 829 457 celeritate
843 388 1080 462 existimabat:

93 495 252 563 consedit
281 507 324 580 et,
357 518 456 583 quam
480 495 683 583 aequissimo
715 494 788 560 loco
812 501 934 582 potest,
965 503 1102 560 castrar

94 601 279 665 communit
302 608 403 685 atque
421 599 516 684 haec,
532 600 596 664 etsi
620 607 717 664 erant
735 599 859 682 exigua
875 620 936 684 per
951 620 997 680 se,
1021 599 1080 663 vix

94 703 266 768 hominum
287 703 417 769 milium
440 712 567 789 septem
583 703 782 789 praesertim
803 700 905 766 nullis
923 723 1002 789 cum*
1021 702 1079 765 im·

93 806 308 893 pedimentis,
333 816 446 872 tamen
469 807 637 891 angustiis
654 807 795 889 viarum,
819 826 917 891 quam
933 805 1080 869 maxime

95 919 217 996 potest,
241 910 413 976 contrahit
439 933 481 977 eo
509 909 666 995 consilio,
697 918 734 975 ut
759 911 792 975 in
817 931 979 975 summam
1002 931 1080 974 con-

95 1016 314 1102 temptionem
336 1013 490 1080 hostibus
506 1016 632 1081 veniat.
656 1015 796 1080 Interim
812 1012 1102 1101 speculatoribusa

97 1120 130 1182 in
144 1140 258 1184 omnes
271 1126 384 1203 partes
399 1117 547 1184 dimissis
560 1117 725 1205 explorat,
735 1139 799 1204 quo
811 1116 1080 1184 commodissime

98 1222 220 1286 itinere
243 1219 366 1287 vallem
389 1223 535 1287 transire
557 1228 676 1309 possit.

184 1323 293 1390 50.Εο
308 1323 362 1389 die
373 1324 526 1410 parvulis
535 1323 746 1411 equestribus
754 1323 891 1410 procliis
905 1325 949 1390 ad
958 1347 1080 1412 aquam

100 1430 202 1495 factis
225 1430 359 1515 utrique
383 1451 457 1494 sese
480 1451 540 1495 suo
563 1428 637 1494 loco
655 1429 846 1494 continent:
870 1425 972 1512 Galli,
992 1427 1102 1514 quoda

99 1532 280 1619 ampliores
293 1533 421 1619 copias,
435 1555 521 1620 quae
533 1532 681 1598 nondum
694 1540 933 1615 convenerant,
942 1554 1079 1619 exspec-

96 1635 235 1721 tabant3
258 1635 395 1721 Caesar,
419 1638 447 1702 si
470 1637 558 1703 forte
581 1639 712 1704 timoris
730 1637 944 1703 simulatione
965 1635 1101 1701 hostess

97 1743 130 1805 in
156 1762 250 1807 suum
273 1738 384 1806 locum
407 1741 530 1807 elicere
552 1751 679 1828 posset,
702 1752 738 1806 ut
762 1743 849 1807 citra
872 1740 996 1806 vallem
1019 1764 1079 1828 pro

97 1846 220 1911 castris
233 1842 360 1931 proelio
373 1844 608 1929 contenderet3
621 1847 650 1910 si
668 1845 704 1911 id
723 1845 855 1911 efficere
872 1867 938 1911 non
955 1853 1079 1932 posset,

96 1957 133 2012 ut
150 1945 335 2034 exploratis
358 1946 536 2015 itineribus
552 1951 681 2014 minore
697 1971 772 2015 cum
790 1948 939 2036 periculo
956 1947 1079 2014 vallem

99 2052 274 2137 rivumque
297 2053 470 2118 transiret.
507 2051 620 2117 Prima
643 2051 718 2119 luce
740 2040 887 2118 hostiurn
910 2053 1102 2139 equitatuss

97 2154 143 2221 ud
159 2163 273 2220 costra
290 2154 423 2221 accedit
433 2155 663 2243 proeliumque
676 2179 752 2222 cum
767 2158 894 2222 nostris
911 2154 1078 2243 equitibus

96 2258 287 2323 committit.
311 2256 440 2326 Caesar
463 2258 617 2325 consulto
637 2260 765 2346 equites
782 2259 903 2325 cedere
919 2281 1020 2346 seque
1043 2261 1101 2324 ina

95 2370 211 2428 castra
234 2363 386 2450 recipcre
409 2361 518 2448 iubet3
552 2362 652 2428 simul
681 2386 724 2428 ex
747 2362 900 2428 omnibus
923 2362 1077 2449 partibus

96 2474 213 2531 castra
237 2464 359 2532 altiore
373 2464 465 2532 vallo
487 2467 610 2532 muniri
626 2476 808 2552 portasque
833 2465 960 2531 obstrui
978 2475 1079 2552 atque

96 2572 131 2635 in
153 2568 208 2634 bis
231 2567 512 2636 administrandis
535 2569 637 2636 rebus
654 2592 754 2657 quam
770 2571 916 2637 maxime
940 2592 1090 2635 concur-1

95 2674 165 2739 sari
191 2681 224 2738 et
247 2692 324 2739 cum
347 2673 562 2739 simulatione
586 2676 643 2759 agi
665 2676 795 2740 timoris
819 2673 924 2739 iubet.

183 2774 235 2840 51.
254 2775 384 2858 Quibus
397 2775 550 2844 omnibus
563 2777 663 2844 rebus
679 2778 794 2845 hostes
811 2779 948 2843 invitati
964 2779 1078 2864 copias

95 2879 282 2946 traducunt
304 2882 483 2969 aciemque.
495 2882 610 2969 iniquo
626 2881 700 2947 loco
717 2883 937 2966 constituunt,
953 2885 1101 2952 nostrisa

94 3006 178 3050 vero
202 2986 303 3051 etiam
326 2985 481 3051 dc'vallo
506 2985 659 3052 deductis
687 2988 824 3073 propius
854 2985 1021 3052 accedunt
1046 2995 1078 3051 et

94 3087 165 3153 tela
180 3088 272 3155 intra
284 3089 504 3155 munitionem
516 3109 560 3154 cx
573 3089 726 3155 omnibus
738 3088 893 3176 partibus
907 3091 1078 3156 coniciunt

94 3190 386 3278 praeconibusque
397 3193 638 3259 circummissis
650 3194 864 3279 pronuntiari
881 3192 1006 3275 iubent,
1020 3215 1099 3262 seua

94 3294 170 3381 quis
188 3292 309 3361 Gallus
334 3317 393 3361 seu
407 3295 577 3362 Romanus
600 3295 685 3362 velit
708 3305 787 3363 ante
802 3295 920 3362 horam
942 3296 1079 3360 tertiam

96 3396 142 3463 ad
165 3420 202 3465 se
223 3400 383 3484 transire,
399 3399 472 3465 sine
487 3399 637 3485 periculo
661 3399 780 3485 licere3
803 3408 880 3488 post
896 3399 931 3464 id
946 3408 1078 3486 tempus

95 3522 164 3567 non
185 3501 260 3567 lore
272 3510 493 3589 potestatem3
516 3525 556 3569 ac
573 3503 622 3569 sic
644 3513 779 3570 nostros
795 3512 1063 3589 contempseram
