<?xml version="1.0" encoding="UTF-8"?>
<!DOCTYPE html PUBLIC "-//W3C//DTD XHTML 1.0 Transitional//EN"
    "http://www.w3.org/TR/xhtml1/DTD/xhtml1-transitional.dtd">
<html xmlns="http://www.w3.org/1999/xhtml" xml:lang="en" lang="en">
 <head>
  <title>
</title>
<meta http-equiv="Content-Type" content="text/html;charset=utf-8" />
  <meta name='ocr-system' content='tesseract 3.04.00' />
  <meta name='ocr-capabilities' content='ocr_page ocr_carea ocr_par ocr_line ocrx_word'/>
</head>
<body>
  <div class='ocr_page' id='page_1' title='image "./ciuliicaesarisc00hoffgoog/ciuliicaesarisc00hoffgoog_0560.png"; bbox 0 0 2376 3924; ppageno 0'>
   <div class='ocr_carea' id='block_1_1' title="bbox 381 256 1066 325">
    <p class='ocr_par' dir='ltr' id='par_1_1' title="bbox 381 256 1066 325">
     <span class='ocr_line' id='line_1_1' title="bbox 381 256 1066 325; baseline 0.028 -18"><span class='ocrx_word' id='word_1_1' title='bbox 381 256 492 308; x_wconf 75' lang='lat' dir='ltr'><strong>umus</strong></span> <span class='ocrx_word' id='word_1_2' title='bbox 509 258 559 320; x_wconf 89' lang='lat'><strong>111,</strong></span> <span class='ocrx_word' id='word_1_3' title='bbox 578 258 655 309; x_wconf 74' lang='lat' dir='ltr'><strong>our.</strong></span> <span class='ocrx_word' id='word_1_4' title='bbox 667 260 777 310; x_wconf 81' lang='lat' dir='ltr'><strong>oo-oa</strong></span> <span class='ocrx_word' id='word_1_5' title='bbox 1004 259 1066 325; x_wconf 82' lang='lat'><strong>155</strong></span> 
     </span>
    </p>
   </div>
   <div class='ocr_carea' id='block_1_2' title="bbox 89 446 1093 3650">
    <p class='ocr_par' dir='ltr' id='par_1_2' title="bbox 92 446 1066 532">
     <span class='ocr_line' id='line_1_2' title="bbox 92 446 1066 532; baseline 0.005 -23"><span class='ocrx_word' id='word_1_6' title='bbox 92 446 197 510; x_wconf 86' lang='lat' dir='ltr'><strong>factae</strong></span> <span class='ocrx_word' id='word_1_7' title='bbox 213 446 329 511; x_wconf 86' lang='lat' dir='ltr'><strong>caedes</strong></span> <span class='ocrx_word' id='word_1_8' title='bbox 352 447 591 530; x_wconf 82' lang='lat' dir='ltr'><strong>sagittariorum</strong></span> <span class='ocrx_word' id='word_1_9' title='bbox 614 469 653 511; x_wconf 90' lang='lat' dir='ltr'><strong>ac</strong></span> <span class='ocrx_word' id='word_1_10' title='bbox 674 446 882 532; x_wconf 84' lang='lat' dir='ltr'><strong>funditorum,</strong></span> <span class='ocrx_word' id='word_1_11' title='bbox 905 448 947 514; x_wconf 92' lang='lat' dir='ltr'><strong>ab</strong></span> <span class='ocrx_word' id='word_1_12' title='bbox 963 448 1066 513; x_wconf 89' lang='lat' dir='ltr'><strong>isdem</strong></span> 
     </span>
    </p>

    <p class='ocr_par' dir='ltr' id='par_1_3' title="bbox 92 548 1066 638">
     <span class='ocr_line' id='line_1_3' title="bbox 92 548 1066 638; baseline 0.005 -25"><span class='ocrx_word' id='word_1_13' title='bbox 92 552 177 613; x_wconf 87' lang='lat' dir='ltr'><strong>acies</strong></span> <span class='ocrx_word' id='word_1_14' title='bbox 200 550 397 636; x_wconf 90' lang='lat' dir='ltr'><strong>Pompeiana</strong></span> <span class='ocrx_word' id='word_1_15' title='bbox 419 573 439 615; x_wconf 92' lang='lat' dir='ltr'><strong>a</strong></span> <span class='ocrx_word' id='word_1_16' title='bbox 462 553 590 615; x_wconf 87' lang='lat' dir='ltr'><strong>sinistra</strong></span> <span class='ocrx_word' id='word_1_17' title='bbox 623 561 715 636; x_wconf 87' lang='lat' dir='ltr'><strong>parte</strong></span> <span class='ocrx_word' id='word_1_18' title='bbox 749 548 864 638; x_wconf 80' lang='lat' dir='ltr'><strong>[erant]</strong></span> <span class='ocrx_word' id='word_1_19' title='bbox 899 556 1066 618; x_wconf 88' lang='lat' dir='ltr'><strong>circumita</strong></span> 
     </span>
    </p>

    <p class='ocr_par' dir='ltr' id='par_1_4' title="bbox 91 654 1087 845">
     <span class='ocr_line' id='line_1_4' title="bbox 92 654 1087 743; baseline 0.006 -27"><span class='ocrx_word' id='word_1_20' title='bbox 92 662 189 738; x_wconf 89' lang='lat' dir='ltr'><strong>atque</strong></span> <span class='ocrx_word' id='word_1_21' title='bbox 211 655 336 719; x_wconf 93' lang='lat' dir='ltr'><strong>initium</strong></span> <span class='ocrx_word' id='word_1_22' title='bbox 357 654 453 739; x_wconf 89' lang='lat' dir='ltr'><strong>fugae</strong></span> <span class='ocrx_word' id='word_1_23' title='bbox 476 655 606 719; x_wconf 87' lang='lat' dir='ltr'><strong>factum.</strong></span> <span class='ocrx_word' id='word_1_24' title='bbox 630 655 695 721; x_wconf 85' lang='lat' dir='ltr'><strong>Sed</strong></span> <span class='ocrx_word' id='word_1_25' title='bbox 718 657 899 741; x_wconf 84' lang='lat' dir='ltr'><strong>Pompeius,</strong></span> <span class='ocrx_word' id='word_1_26' title='bbox 923 667 958 722; x_wconf 95' lang='lat' dir='ltr'><strong>ut</strong></span> <span class='ocrx_word' id='word_1_27' title='bbox 980 661 1087 743; x_wconf 81' lang='lat' dir='ltr'><strong>equi-⁵</strong></span> 
     </span>
     <span class='ocr_line' id='line_1_5' title="bbox 91 756 1066 845; baseline 0.003 -24"><span class='ocrx_word' id='word_1_28' title='bbox 91 766 195 821; x_wconf 86' lang='lat' dir='ltr'><strong>tatum</strong></span> <span class='ocrx_word' id='word_1_29' title='bbox 228 779 321 822; x_wconf 92' lang='lat' dir='ltr'><strong>suum</strong></span> <span class='ocrx_word' id='word_1_30' title='bbox 354 756 481 843; x_wconf 91' lang='lat' dir='ltr'><strong>pulsum</strong></span> <span class='ocrx_word' id='word_1_31' title='bbox 504 756 586 822; x_wconf 78' lang='lat' dir='ltr'><strong>vidit</strong></span> <span class='ocrx_word' id='word_1_32' title='bbox 618 767 716 843; x_wconf 90' lang='lat' dir='ltr'><strong>atque</strong></span> <span class='ocrx_word' id='word_1_33' title='bbox 750 781 822 823; x_wconf 90' lang='lat' dir='ltr'><strong>eam</strong></span> <span class='ocrx_word' id='word_1_34' title='bbox 856 769 991 845; x_wconf 84' lang='lat' dir='ltr'><strong>partem,</strong></span> <span class='ocrx_word' id='word_1_35' title='bbox 1015 763 1066 824; x_wconf 92' lang='lat' dir='ltr'><strong>cui</strong></span> 
     </span>
    </p>

    <p class='ocr_par' dir='ltr' id='par_1_5' title="bbox 91 860 1066 946">
     <span class='ocr_line' id='line_1_6' title="bbox 91 860 1066 946; baseline 0.003 -22"><span class='ocrx_word' id='word_1_36' title='bbox 91 863 233 925; x_wconf 83' lang='lat' dir='ltr'><strong>maxime</strong></span> <span class='ocrx_word' id='word_1_37' title='bbox 256 860 450 945; x_wconf 86' lang='lat' dir='ltr'><strong>confidebat,</strong></span> <span class='ocrx_word' id='word_1_38' title='bbox 488 864 693 946; x_wconf 81' lang='lat' dir='ltr'><strong>perterritam</strong></span> <span class='ocrx_word' id='word_1_39' title='bbox 721 864 959 946; x_wconf 89' lang='lat' dir='ltr'><strong>animadvertit,</strong></span> <span class='ocrx_word' id='word_1_40' title='bbox 998 864 1066 928; x_wconf 89' lang='lat' dir='ltr'><strong>aliis</strong></span> 
     </span>
    </p>

    <p class='ocr_par' dir='ltr' id='par_1_6' title="bbox 92 964 1067 1052">
     <span class='ocr_line' id='line_1_7' title="bbox 92 964 1067 1052; baseline 0.005 -26"><span class='ocrx_word' id='word_1_41' title='bbox 92 986 219 1049; x_wconf 90' lang='lat' dir='ltr'><strong>quoque</strong></span> <span class='ocrx_word' id='word_1_42' title='bbox 242 964 367 1031; x_wconf 88' lang='lat' dir='ltr'><strong>diffisus</strong></span> <span class='ocrx_word' id='word_1_43' title='bbox 389 967 458 1030; x_wconf 90' lang='lat' dir='ltr'><strong>acie</strong></span> <span class='ocrx_word' id='word_1_44' title='bbox 481 967 620 1030; x_wconf 81' lang='lat' dir='ltr'><strong>excessit</strong></span> <span class='ocrx_word' id='word_1_45' title='bbox 638 968 847 1052; x_wconf 87' lang='lat' dir='ltr'><strong>protinusque</strong></span> <span class='ocrx_word' id='word_1_46' title='bbox 863 990 897 1032; x_wconf 92' lang='lat' dir='ltr'><strong>se</strong></span> <span class='ocrx_word' id='word_1_47' title='bbox 912 969 945 1031; x_wconf 94' lang='lat' dir='ltr'><strong>in</strong></span> <span class='ocrx_word' id='word_1_48' title='bbox 961 976 1067 1032; x_wconf 89' lang='lat' dir='ltr'><strong>castra</strong></span> 
     </span>
    </p>

    <p class='ocr_par' dir='ltr' id='par_1_7' title="bbox 91 1067 1088 1261">
     <span class='ocr_line' id='line_1_8' title="bbox 91 1067 1088 1155; baseline 0.004 -25"><span class='ocrx_word' id='word_1_49' title='bbox 91 1090 174 1152; x_wconf 91' lang='lat' dir='ltr'><strong>equo</strong></span> <span class='ocrx_word' id='word_1_50' title='bbox 203 1067 336 1133; x_wconf 91' lang='lat' dir='ltr'><strong>contulit</strong></span> <span class='ocrx_word' id='word_1_51' title='bbox 359 1078 391 1133; x_wconf 88' lang='lat' dir='ltr'><strong>et</strong></span> <span class='ocrx_word' id='word_1_52' title='bbox 412 1071 450 1134; x_wconf 88' lang='lat' dir='ltr'><strong>iis</strong></span> <span class='ocrx_word' id='word_1_53' title='bbox 473 1068 723 1152; x_wconf 80' lang='lat' dir='ltr'><strong>centurionibus,</strong></span> <span class='ocrx_word' id='word_1_54' title='bbox 759 1091 839 1155; x_wconf 93' lang='lat' dir='ltr'><strong>quos</strong></span> <span class='ocrx_word' id='word_1_55' title='bbox 867 1073 900 1135; x_wconf 93' lang='lat' dir='ltr'><strong>in</strong></span> <span class='ocrx_word' id='word_1_56' title='bbox 930 1073 1088 1136; x_wconf 66' lang='lat' dir='ltr'><strong>stationes</strong></span> 
     </span>
     <span class='ocr_line' id='line_1_9' title="bbox 91 1173 1067 1261; baseline 0.003 -26"><span class='ocrx_word' id='word_1_57' title='bbox 91 1173 133 1236; x_wconf 91' lang='lat' dir='ltr'><strong>ad</strong></span> <span class='ocrx_word' id='word_1_58' title='bbox 167 1176 362 1258; x_wconf 88' lang='lat' dir='ltr'><strong>praetoriam</strong></span> <span class='ocrx_word' id='word_1_59' title='bbox 395 1184 522 1259; x_wconf 88' lang='lat' dir='ltr'><strong>portam</strong></span> <span class='ocrx_word' id='word_1_60' title='bbox 555 1183 716 1261; x_wconf 89' lang='lat' dir='ltr'><strong>posuerat,</strong></span> <span class='ocrx_word' id='word_1_61' title='bbox 754 1174 849 1258; x_wconf 87' lang='lat' dir='ltr'><strong>clare,</strong></span> <span class='ocrx_word' id='word_1_62' title='bbox 883 1184 919 1240; x_wconf 95' lang='lat' dir='ltr'><strong>ut</strong></span> <span class='ocrx_word' id='word_1_63' title='bbox 951 1173 1067 1239; x_wconf 91' lang='lat' dir='ltr'><strong>milites</strong></span> 
     </span>
    </p>

    <p class='ocr_par' dir='ltr' id='par_1_8' title="bbox 91 1275 1066 1362">
     <span class='ocr_line' id='line_1_10' title="bbox 91 1275 1066 1362; baseline 0.004 -24"><span class='ocrx_word' id='word_1_64' title='bbox 91 1275 294 1358; x_wconf 82' lang='lat' dir='ltr'><strong>exaudirent,</strong></span> <span class='ocrx_word' id='word_1_65' title='bbox 319 1275 481 1359; x_wconf 72' lang='lat' dir='ltr'><strong>tuemini,</strong></span> <span class='ocrx_word' id='word_1_66' title='bbox 505 1278 619 1362; x_wconf 92' lang='lat' dir='ltr'><strong>inquit,</strong></span> <span class='ocrx_word' id='word_1_67' title='bbox 645 1276 760 1342; x_wconf 86' lang='lat' dir='ltr'><strong>‘castra</strong></span> <span class='ocrx_word' id='word_1_68' title='bbox 783 1286 815 1342; x_wconf 93' lang='lat' dir='ltr'><strong>et</strong></span> <span class='ocrx_word' id='word_1_69' title='bbox 836 1277 998 1343; x_wconf 88' lang='lat' dir='ltr'><strong>defendite</strong></span> <span class='ocrx_word' id='word_1_70' title='bbox 1022 1278 1066 1343; x_wconf 92' lang='lat' dir='ltr'><strong>di-</strong></span> 
     </span>
    </p>

    <p class='ocr_par' dir='ltr' id='par_1_9' title="bbox 90 1378 1066 1466">
     <span class='ocr_line' id='line_1_11' title="bbox 90 1378 1066 1466; baseline 0.002 -24"><span class='ocrx_word' id='word_1_71' title='bbox 90 1379 236 1464; x_wconf 86' lang='lat' dir='ltr'><strong>ligenter,</strong></span> <span class='ocrx_word' id='word_1_72' title='bbox 260 1382 285 1442; x_wconf 89' lang='lat' dir='ltr'><strong>si</strong></span> <span class='ocrx_word' id='word_1_73' title='bbox 309 1378 388 1463; x_wconf 92' lang='lat' dir='ltr'><strong>quid</strong></span> <span class='ocrx_word' id='word_1_74' title='bbox 410 1379 521 1444; x_wconf 89' lang='lat' dir='ltr'><strong>durius</strong></span> <span class='ocrx_word' id='word_1_75' title='bbox 544 1380 706 1445; x_wconf 84' lang='lat' dir='ltr'><strong>acciderit.</strong></span> <span class='ocrx_word' id='word_1_76' title='bbox 740 1382 812 1465; x_wconf 85' lang='lat' dir='ltr'><strong>Ego</strong></span> <span class='ocrx_word' id='word_1_77' title='bbox 834 1381 973 1466; x_wconf 90' lang='lat' dir='ltr'><strong>reliquas</strong></span> <span class='ocrx_word' id='word_1_78' title='bbox 996 1404 1066 1466; x_wconf 92' lang='lat' dir='ltr'><strong>por-</strong></span> 
     </span>
    </p>

    <p class='ocr_par' dir='ltr' id='par_1_10' title="bbox 92 1483 1066 1569">
     <span class='ocr_line' id='line_1_12' title="bbox 92 1483 1066 1569; baseline 0.003 -23"><span class='ocrx_word' id='word_1_79' title='bbox 92 1492 141 1546; x_wconf 90' lang='lat' dir='ltr'><strong>tas</strong></span> <span class='ocrx_word' id='word_1_80' title='bbox 166 1485 326 1548; x_wconf 89' lang='lat' dir='ltr'><strong>circumeo</strong></span> <span class='ocrx_word' id='word_1_81' title='bbox 350 1492 382 1549; x_wconf 91' lang='lat' dir='ltr'><strong>et</strong></span> <span class='ocrx_word' id='word_1_82' title='bbox 405 1494 585 1549; x_wconf 91' lang='lat' dir='ltr'><strong>castrorum</strong></span> <span class='ocrx_word' id='word_1_83' title='bbox 600 1483 760 1569; x_wconf 89' lang='lat' dir='ltr'><strong>praesidia</strong></span> <span class='ocrx_word' id='word_1_84' title='bbox 777 1483 950 1548; x_wconf 90' lang='lat' dir='ltr'><strong>confirmo&#39;.</strong></span> <span class='ocrx_word' id='word_1_85' title='bbox 973 1485 1066 1549; x_wconf 89' lang='lat' dir='ltr'><strong>Haec</strong></span> 
     </span>
    </p>

    <p class='ocr_par' dir='ltr' id='par_1_11' title="bbox 91 1586 1093 1777">
     <span class='ocr_line' id='line_1_13' title="bbox 91 1586 1093 1674; baseline 0.004 -25"><span class='ocrx_word' id='word_1_86' title='bbox 91 1608 166 1650; x_wconf 92' lang='lat' dir='ltr'><strong>cum</strong></span> <span class='ocrx_word' id='word_1_87' title='bbox 188 1586 334 1670; x_wconf 80' lang='lat' dir='ltr'><strong>dixisset,</strong></span> <span class='ocrx_word' id='word_1_88' title='bbox 358 1609 392 1652; x_wconf 87' lang='lat' dir='ltr'><strong>se</strong></span> <span class='ocrx_word' id='word_1_89' title='bbox 415 1590 449 1652; x_wconf 91' lang='lat' dir='ltr'><strong>in</strong></span> <span class='ocrx_word' id='word_1_90' title='bbox 471 1590 668 1674; x_wconf 90' lang='lat' dir='ltr'><strong>praetorium</strong></span> <span class='ocrx_word' id='word_1_91' title='bbox 691 1586 824 1653; x_wconf 91' lang='lat' dir='ltr'><strong>contulit</strong></span> <span class='ocrx_word' id='word_1_92' title='bbox 852 1610 996 1653; x_wconf 91' lang='lat' dir='ltr'><strong>summae</strong></span> <span class='ocrx_word' id='word_1_93' title='bbox 1018 1592 1066 1653; x_wconf 94' lang='lat' dir='ltr'><strong>rei</strong></span> <span class='ocrx_word' id='word_1_94' title='bbox 1075 1605 1093 1669; x_wconf 62' lang='lat'><strong>⁷,</strong></span> 
     </span>
     <span class='ocr_line' id='line_1_14' title="bbox 92 1689 827 1777; baseline 0.003 -24"><span class='ocrx_word' id='word_1_95' title='bbox 92 1689 242 1754; x_wconf 87' lang='lat' dir='ltr'><strong>diffidens</strong></span> <span class='ocrx_word' id='word_1_96' title='bbox 265 1700 297 1754; x_wconf 91' lang='lat' dir='ltr'><strong>ct</strong></span> <span class='ocrx_word' id='word_1_97' title='bbox 319 1699 428 1755; x_wconf 87' lang='lat' dir='ltr'><strong>tamen</strong></span> <span class='ocrx_word' id='word_1_98' title='bbox 450 1700 603 1756; x_wconf 90' lang='lat' dir='ltr'><strong>eventum</strong></span> <span class='ocrx_word' id='word_1_99' title='bbox 625 1701 827 1777; x_wconf 87' lang='lat' dir='ltr'><strong>exspectans.</strong></span> 
     </span>
    </p>

    <p class='ocr_par' dir='ltr' id='par_1_12' title="bbox 89 1792 1090 3650">
     <span class='ocr_line' id='line_1_15' title="bbox 177 1792 1067 1881; baseline 0.006 -25"><span class='ocrx_word' id='word_1_100' title='bbox 177 1792 227 1857; x_wconf 76' lang='lat'><strong>95.</strong></span> <span class='ocrx_word' id='word_1_101' title='bbox 252 1792 372 1858; x_wconf 84' lang='lat' dir='ltr'><strong>Caesar</strong></span> <span class='ocrx_word' id='word_1_102' title='bbox 405 1794 609 1880; x_wconf 89' lang='lat' dir='ltr'><strong>Pompeianis</strong></span> <span class='ocrx_word' id='word_1_103' title='bbox 643 1817 686 1860; x_wconf 86' lang='lat' dir='ltr'><strong>ex</strong></span> <span class='ocrx_word' id='word_1_104' title='bbox 718 1795 796 1881; x_wconf 89' lang='lat' dir='ltr'><strong>fuga</strong></span> <span class='ocrx_word' id='word_1_105' title='bbox 828 1797 913 1860; x_wconf 90' lang='lat' dir='ltr'><strong>intra</strong></span> <span class='ocrx_word' id='word_1_106' title='bbox 946 1795 1067 1863; x_wconf 89' lang='lat' dir='ltr'><strong>vallum</strong></span> 
     </span>
     <span class='ocr_line' id='line_1_16' title="bbox 91 1897 1066 1987; baseline 0.005 -27"><span class='ocrx_word' id='word_1_107' title='bbox 91 1897 261 1983; x_wconf 81' lang='lat' dir='ltr'><strong>compulsis</strong></span> <span class='ocrx_word' id='word_1_108' title='bbox 283 1897 407 1962; x_wconf 90' lang='lat' dir='ltr'><strong>nullum</strong></span> <span class='ocrx_word' id='word_1_109' title='bbox 429 1901 569 1984; x_wconf 91' lang='lat' dir='ltr'><strong>spatium</strong></span> <span class='ocrx_word' id='word_1_110' title='bbox 591 1901 770 1985; x_wconf 88' lang='lat' dir='ltr'><strong>perterritis</strong></span> <span class='ocrx_word' id='word_1_111' title='bbox 805 1900 883 1965; x_wconf 87' lang='lat' dir='ltr'><strong>darc</strong></span> <span class='ocrx_word' id='word_1_112' title='bbox 918 1910 1066 1987; x_wconf 81' lang='lat' dir='ltr'><strong>opo1tere</strong></span> 
     </span>
     <span class='ocr_line' id='line_1_17' title="bbox 91 2000 1066 2085; baseline 0.005 -22"><span class='ocrx_word' id='word_1_113' title='bbox 91 2004 278 2066; x_wconf 87' lang='lat' dir='ltr'><strong>existimans</strong></span> <span class='ocrx_word' id='word_1_114' title='bbox 311 2000 426 2067; x_wconf 87' lang='lat' dir='ltr'><strong>milites</strong></span> <span class='ocrx_word' id='word_1_115' title='bbox 460 2002 645 2068; x_wconf 87' lang='lat' dir='ltr'><strong>cohortatus</strong></span> <span class='ocrx_word' id='word_1_116' title='bbox 677 2011 734 2085; x_wconf 89' lang='lat' dir='ltr'><strong>est,</strong></span> <span class='ocrx_word' id='word_1_117' title='bbox 768 2012 805 2069; x_wconf 90' lang='lat' dir='ltr'><strong>ut</strong></span> <span class='ocrx_word' id='word_1_118' title='bbox 826 2003 983 2069; x_wconf 91' lang='lat' dir='ltr'><strong>beneficio</strong></span> <span class='ocrx_word' id='word_1_119' title='bbox 1005 2005 1066 2070; x_wconf 90' lang='lat' dir='ltr'><strong>for-</strong></span> 
     </span>
     <span class='ocr_line' id='line_1_18' title="bbox 91 2108 1068 2192; baseline 0.004 -23"><span class='ocrx_word' id='word_1_120' title='bbox 91 2115 189 2169; x_wconf 89' lang='lat' dir='ltr'><strong>tunae</strong></span> <span class='ocrx_word' id='word_1_121' title='bbox 221 2115 390 2171; x_wconf 87' lang='lat' dir='ltr'><strong>utcrentur</strong></span> <span class='ocrx_word' id='word_1_122' title='bbox 423 2115 594 2192; x_wconf 88' lang='lat' dir='ltr'><strong>castraque</strong></span> <span class='ocrx_word' id='word_1_123' title='bbox 629 2116 862 2192; x_wconf 81' lang='lat' dir='ltr'><strong>oppugnarent.</strong></span> <span class='ocrx_word' id='word_1_124' title='bbox 909 2108 984 2190; x_wconf 81' lang='lat' dir='ltr'><strong>Qui,</strong></span> <span class='ocrx_word' id='word_1_125' title='bbox 1008 2110 1068 2173; x_wconf 91' lang='lat' dir='ltr'><strong>etsi</strong></span> 
     </span>
     <span class='ocr_line' id='line_1_19' title="bbox 91 2208 1066 2298; baseline 0.004 -26"><span class='ocrx_word' id='word_1_126' title='bbox 91 2230 209 2292; x_wconf 89' lang='lat' dir='ltr'><strong>magno</strong></span> <span class='ocrx_word' id='word_1_127' title='bbox 232 2219 323 2274; x_wconf 87' lang='lat' dir='ltr'><strong>aestu</strong></span> <span class='ocrx_word' id='word_1_128' title='bbox 346 2208 438 2296; x_wconf 89' lang='lat' dir='ltr'><strong>(nam</strong></span> <span class='ocrx_word' id='word_1_129' title='bbox 460 2210 503 2275; x_wconf 89' lang='lat' dir='ltr'><strong>ad</strong></span> <span class='ocrx_word' id='word_1_130' title='bbox 525 2210 692 2275; x_wconf 92' lang='lat' dir='ltr'><strong>meridiem</strong></span> <span class='ocrx_word' id='word_1_131' title='bbox 715 2233 768 2276; x_wconf 88' lang='lat' dir='ltr'><strong>res</strong></span> <span class='ocrx_word' id='word_1_132' title='bbox 791 2220 862 2277; x_wconf 91' lang='lat' dir='ltr'><strong>crat</strong></span> <span class='ocrx_word' id='word_1_133' title='bbox 883 2210 1066 2298; x_wconf 86' lang='lat' dir='ltr'><strong>perducta),</strong></span> 
     </span>
     <span class='ocr_line' id='line_1_20' title="bbox 91 2311 1067 2401; baseline 0.005 -26"><span class='ocrx_word' id='word_1_134' title='bbox 91 2321 201 2377; x_wconf 90' lang='lat' dir='ltr'><strong>tamen</strong></span> <span class='ocrx_word' id='word_1_135' title='bbox 234 2311 277 2376; x_wconf 87' lang='lat' dir='ltr'><strong>ad</strong></span> <span class='ocrx_word' id='word_1_136' title='bbox 311 2335 439 2378; x_wconf 87' lang='lat' dir='ltr'><strong>omnem</strong></span> <span class='ocrx_word' id='word_1_137' title='bbox 471 2312 616 2379; x_wconf 89' lang='lat' dir='ltr'><strong>laborem</strong></span> <span class='ocrx_word' id='word_1_138' title='bbox 649 2318 756 2380; x_wconf 89' lang='lat' dir='ltr'><strong>animo</strong></span> <span class='ocrx_word' id='word_1_139' title='bbox 790 2318 896 2400; x_wconf 87' lang='lat' dir='ltr'><strong>parati</strong></span> <span class='ocrx_word' id='word_1_140' title='bbox 933 2318 1067 2401; x_wconf 89' lang='lat' dir='ltr'><strong>imperio</strong></span> 
     </span>
     <span class='ocr_line' id='line_1_21' title="bbox 91 2415 1089 2504; baseline 0.003 -23"><span class='ocrx_word' id='word_1_141' title='bbox 91 2425 276 2501; x_wconf 91' lang='lat' dir='ltr'><strong>paruerunt.</strong></span> <span class='ocrx_word' id='word_1_142' title='bbox 322 2415 437 2482; x_wconf 81' lang='lat' dir='ltr'><strong>Castra</strong></span> <span class='ocrx_word' id='word_1_143' title='bbox 459 2439 479 2480; x_wconf 88' lang='lat' dir='ltr'><strong>a</strong></span> <span class='ocrx_word' id='word_1_144' title='bbox 502 2418 698 2502; x_wconf 87' lang='lat' dir='ltr'><strong>cohortibus,</strong></span> <span class='ocrx_word' id='word_1_145' title='bbox 727 2439 811 2503; x_wconf 89' lang='lat' dir='ltr'><strong>quae</strong></span> <span class='ocrx_word' id='word_1_146' title='bbox 839 2418 885 2483; x_wconf 94' lang='lat' dir='ltr'><strong>ibi</strong></span> <span class='ocrx_word' id='word_1_147' title='bbox 906 2419 1089 2504; x_wconf 75' lang='lat' dir='ltr'><strong>praesidio²</strong></span> 
     </span>
     <span class='ocr_line' id='line_1_22' title="bbox 92 2520 1068 2605; baseline 0.006 -23"><span class='ocrx_word' id='word_1_148' title='bbox 92 2530 184 2585; x_wconf 88' lang='lat' dir='ltr'><strong>crant</strong></span> <span class='ocrx_word' id='word_1_149' title='bbox 206 2520 346 2605; x_wconf 89' lang='lat' dir='ltr'><strong>relictae,</strong></span> <span class='ocrx_word' id='word_1_150' title='bbox 370 2521 527 2586; x_wconf 89' lang='lat' dir='ltr'><strong>industrie</strong></span> <span class='ocrx_word' id='word_1_151' title='bbox 550 2521 823 2605; x_wconf 87' lang='lat' dir='ltr'><strong>defendebantur,</strong></span> <span class='ocrx_word' id='word_1_152' title='bbox 846 2521 946 2587; x_wconf 89' lang='lat' dir='ltr'><strong>multo</strong></span> <span class='ocrx_word' id='word_1_153' title='bbox 970 2525 1068 2588; x_wconf 86' lang='lat' dir='ltr'><strong>etiam</strong></span> 
     </span>
     <span class='ocr_line' id='line_1_23' title="bbox 91 2625 1089 2712; baseline 0.006 -25"><span class='ocrx_word' id='word_1_154' title='bbox 91 2627 197 2689; x_wconf 87' lang='lat' dir='ltr'><strong>acrius</strong></span> <span class='ocrx_word' id='word_1_155' title='bbox 225 2648 245 2689; x_wconf 88' lang='lat' dir='ltr'><strong>a</strong></span> <span class='ocrx_word' id='word_1_156' title='bbox 267 2625 450 2691; x_wconf 84' lang='lat' dir='ltr'><strong>Thracibus</strong></span> <span class='ocrx_word' id='word_1_157' title='bbox 477 2626 691 2712; x_wconf 87' lang='lat' dir='ltr'><strong>barbarisque</strong></span> <span class='ocrx_word' id='word_1_158' title='bbox 718 2625 854 2691; x_wconf 89' lang='lat' dir='ltr'><strong>auxiliis.</strong></span> <span class='ocrx_word' id='word_1_159' title='bbox 899 2625 985 2690; x_wconf 89' lang='lat' dir='ltr'><strong>Nam</strong></span> <span class='ocrx_word' id='word_1_160' title='bbox 1013 2629 1089 2712; x_wconf 79' lang='lat' dir='ltr'><strong>qui³</strong></span> 
     </span>
     <span class='ocr_line' id='line_1_24' title="bbox 91 2729 1068 2816; baseline 0.003 -25"><span class='ocrx_word' id='word_1_161' title='bbox 91 2730 159 2792; x_wconf 89' lang='lat' dir='ltr'><strong>acie</strong></span> <span class='ocrx_word' id='word_1_162' title='bbox 182 2730 371 2814; x_wconf 83' lang='lat' dir='ltr'><strong>refugerant</strong></span> <span class='ocrx_word' id='word_1_163' title='bbox 392 2729 517 2814; x_wconf 90' lang='lat' dir='ltr'><strong>milites,</strong></span> <span class='ocrx_word' id='word_1_164' title='bbox 548 2739 581 2796; x_wconf 90' lang='lat' dir='ltr'><strong>ct</strong></span> <span class='ocrx_word' id='word_1_165' title='bbox 608 2732 715 2795; x_wconf 91' lang='lat' dir='ltr'><strong>animo</strong></span> <span class='ocrx_word' id='word_1_166' title='bbox 743 2730 906 2816; x_wconf 89' lang='lat' dir='ltr'><strong>perterriti</strong></span> <span class='ocrx_word' id='word_1_167' title='bbox 928 2739 960 2796; x_wconf 92' lang='lat' dir='ltr'><strong>et</strong></span> <span class='ocrx_word' id='word_1_168' title='bbox 982 2729 1068 2796; x_wconf 87' lang='lat' dir='ltr'><strong>lassi·</strong></span> 
     </span>
     <span class='ocr_line' id='line_1_25' title="bbox 90 2832 1068 2922; baseline 0.003 -26"><span class='ocrx_word' id='word_1_169' title='bbox 90 2832 202 2898; x_wconf 90' lang='lat' dir='ltr'><strong>tudine</strong></span> <span class='ocrx_word' id='word_1_170' title='bbox 225 2835 371 2919; x_wconf 90' lang='lat' dir='ltr'><strong>confecti,</strong></span> <span class='ocrx_word' id='word_1_171' title='bbox 394 2837 499 2900; x_wconf 88' lang='lat' dir='ltr'><strong>missis</strong></span> <span class='ocrx_word' id='word_1_172' title='bbox 522 2835 667 2921; x_wconf 86' lang='lat' dir='ltr'><strong>plerique</strong></span> <span class='ocrx_word' id='word_1_173' title='bbox 691 2837 789 2900; x_wconf 92' lang='lat' dir='ltr'><strong>armis</strong></span> <span class='ocrx_word' id='word_1_174' title='bbox 812 2837 975 2922; x_wconf 90' lang='lat' dir='ltr'><strong>signisque</strong></span> <span class='ocrx_word' id='word_1_175' title='bbox 990 2834 1068 2899; x_wconf 93' lang='lat' dir='ltr'><strong>mili·</strong></span> 
     </span>
     <span class='ocr_line' id='line_1_26' title="bbox 90 2935 1068 3025; baseline 0.005 -26"><span class='ocrx_word' id='word_1_176' title='bbox 90 2935 226 3020; x_wconf 90' lang='lat' dir='ltr'><strong>taribus,</strong></span> <span class='ocrx_word' id='word_1_177' title='bbox 260 2942 363 3024; x_wconf 89' lang='lat' dir='ltr'><strong>magis</strong></span> <span class='ocrx_word' id='word_1_178' title='bbox 387 2941 428 3006; x_wconf 90' lang='lat' dir='ltr'><strong>dc</strong></span> <span class='ocrx_word' id='word_1_179' title='bbox 451 2939 576 3024; x_wconf 89' lang='lat' dir='ltr'><strong>rehqua</strong></span> <span class='ocrx_word' id='word_1_180' title='bbox 598 2940 676 3025; x_wconf 84' lang='lat' dir='ltr'><strong>fuga</strong></span> <span class='ocrx_word' id='word_1_181' title='bbox 704 2961 802 3025; x_wconf 85' lang='lat' dir='ltr'><strong>quam</strong></span> <span class='ocrx_word' id='word_1_182' title='bbox 825 2939 866 3004; x_wconf 91' lang='lat' dir='ltr'><strong>de</strong></span> <span class='ocrx_word' id='word_1_183' title='bbox 889 2949 1068 3004; x_wconf 88' lang='lat' dir='ltr'><strong>castrorum</strong></span> 
     </span>
     <span class='ocr_line' id='line_1_27' title="bbox 91 3039 1090 3129; baseline 0.005 -27"><span class='ocrx_word' id='word_1_184' title='bbox 91 3039 276 3106; x_wconf 90' lang='lat' dir='ltr'><strong>defensione</strong></span> <span class='ocrx_word' id='word_1_185' title='bbox 310 3044 505 3129; x_wconf 88' lang='lat' dir='ltr'><strong>cogitabant.</strong></span> <span class='ocrx_word' id='word_1_186' title='bbox 550 3045 665 3129; x_wconf 88' lang='lat' dir='ltr'><strong>Neque</strong></span> <span class='ocrx_word' id='word_1_187' title='bbox 687 3065 765 3109; x_wconf 91' lang='lat' dir='ltr'><strong>vero</strong></span> <span class='ocrx_word' id='word_1_188' title='bbox 794 3043 923 3127; x_wconf 89' lang='lat' dir='ltr'><strong>diutius,</strong></span> <span class='ocrx_word' id='word_1_189' title='bbox 958 3045 1013 3128; x_wconf 91' lang='lat' dir='ltr'><strong>qui</strong></span> <span class='ocrx_word' id='word_1_190' title='bbox 1035 3044 1090 3107; x_wconf 64' lang='lat' dir='ltr'><strong>ina</strong></span> 
     </span>
     <span class='ocr_line' id='line_1_28' title="bbox 90 3144 1067 3232; baseline 0.003 -25"><span class='ocrx_word' id='word_1_191' title='bbox 90 3144 174 3209; x_wconf 83' lang='lat' dir='ltr'><strong>vallo</strong></span> <span class='ocrx_word' id='word_1_192' title='bbox 208 3149 426 3232; x_wconf 88' lang='lat' dir='ltr'><strong>constiterant,</strong></span> <span class='ocrx_word' id='word_1_193' title='bbox 461 3147 698 3214; x_wconf 90' lang='lat' dir='ltr'><strong>multitudinem</strong></span> <span class='ocrx_word' id='word_1_194' title='bbox 734 3146 872 3212; x_wconf 86' lang='lat' dir='ltr'><strong>telorum</strong></span> <span class='ocrx_word' id='word_1_195' title='bbox 909 3147 1067 3211; x_wconf 89' lang='lat' dir='ltr'><strong>sustinere</strong></span> 
     </span>
     <span class='ocr_line' id='line_1_29' title="bbox 90 3249 1067 3336; baseline 0 -23"><span class='ocrx_word' id='word_1_196' title='bbox 90 3259 273 3336; x_wconf 91' lang='lat' dir='ltr'><strong>potuerunt,</strong></span> <span class='ocrx_word' id='word_1_197' title='bbox 297 3250 355 3316; x_wconf 92' lang='lat' dir='ltr'><strong>sed</strong></span> <span class='ocrx_word' id='word_1_198' title='bbox 377 3251 514 3317; x_wconf 89' lang='lat' dir='ltr'><strong>confecti</strong></span> <span class='ocrx_word' id='word_1_199' title='bbox 529 3249 716 3316; x_wconf 88' lang='lat' dir='ltr'><strong>vulneribus</strong></span> <span class='ocrx_word' id='word_1_200' title='bbox 738 3249 843 3316; x_wconf 89' lang='lat' dir='ltr'><strong>locum</strong></span> <span class='ocrx_word' id='word_1_201' title='bbox 857 3249 1067 3335; x_wconf 89' lang='lat' dir='ltr'><strong>reliquerunt,</strong></span> 
     </span>
     <span class='ocr_line' id='line_1_30' title="bbox 90 3352 1068 3441; baseline -0.004 -20"><span class='ocrx_word' id='word_1_202' title='bbox 90 3359 301 3441; x_wconf 88' lang='lat' dir='ltr'><strong>protinusque</strong></span> <span class='ocrx_word' id='word_1_203' title='bbox 324 3376 435 3420; x_wconf 90' lang='lat' dir='ltr'><strong>omnes</strong></span> <span class='ocrx_word' id='word_1_204' title='bbox 458 3354 594 3421; x_wconf 87' lang='lat' dir='ltr'><strong>ducibus</strong></span> <span class='ocrx_word' id='word_1_205' title='bbox 621 3357 672 3421; x_wconf 90' lang='lat' dir='ltr'><strong>usi</strong></span> <span class='ocrx_word' id='word_1_206' title='bbox 700 3354 941 3419; x_wconf 91' lang='lat' dir='ltr'><strong>centurionibus</strong></span> <span class='ocrx_word' id='word_1_207' title='bbox 968 3352 1068 3418; x_wconf 86' lang='lat' dir='ltr'><strong>tribu·</strong></span> 
     </span>
     <span class='ocr_line' id='line_1_31' title="bbox 90 3455 1068 3546; baseline -0.002 -23"><span class='ocrx_word' id='word_1_208' title='bbox 90 3462 204 3546; x_wconf 88' lang='lat' dir='ltr'><strong>nisque</strong></span> <span class='ocrx_word' id='word_1_209' title='bbox 227 3459 365 3526; x_wconf 88' lang='lat' dir='ltr'><strong>mihtum</strong></span> <span class='ocrx_word' id='word_1_210' title='bbox 386 3461 420 3525; x_wconf 95' lang='lat' dir='ltr'><strong>in</strong></span> <span class='ocrx_word' id='word_1_211' title='bbox 442 3459 613 3526; x_wconf 89' lang='lat' dir='ltr'><strong>altissimos</strong></span> <span class='ocrx_word' id='word_1_212' title='bbox 646 3467 783 3542; x_wconf 88' lang='lat' dir='ltr'><strong>montes,</strong></span> <span class='ocrx_word' id='word_1_213' title='bbox 818 3459 873 3543; x_wconf 91' lang='lat' dir='ltr'><strong>qui</strong></span> <span class='ocrx_word' id='word_1_214' title='bbox 896 3455 939 3523; x_wconf 87' lang='lat' dir='ltr'><strong>ad</strong></span> <span class='ocrx_word' id='word_1_215' title='bbox 962 3465 1068 3522; x_wconf 87' lang='lat' dir='ltr'><strong>castra</strong></span> 
     </span>
     <span class='ocr_line' id='line_1_32' title="bbox 89 3564 551 3650; baseline 0.002 -21"><span class='ocrx_word' id='word_1_216' title='bbox 89 3565 305 3650; x_wconf 85' lang='lat' dir='ltr'><strong>pertinebant,</strong></span> <span class='ocrx_word' id='word_1_217' title='bbox 329 3564 551 3650; x_wconf 81' lang='lat' dir='ltr'><strong>confugerunt.</strong></span> 
     </span>
    </p>
   </div>
   <div class='ocr_carea' id='block_1_3' title="bbox 0 0 1192 3924">
    <p class='ocr_par' dir='ltr' id='par_1_13' title="bbox 0 0 1192 3924">
     <span class='ocr_line' id='line_1_33' title="bbox 0 0 1192 3924; baseline 0 0"><span class='ocrx_word' id='word_1_218' title='bbox 0 0 1192 3924; x_wconf 95' lang='lat' dir='ltr'><strong> </strong></span> 
     </span>
    </p>
   </div>
  </div>
 </body>
</html>
