2376 3924
395 263 505 314 urana
523 264 545 328 1,
564 263 642 316 oss.
660 263 769 315 rs-ao.
1028 265 1067 329 51
1112 310 1114 315 .

95 454 328 540 campestribus
357 454 582 519 subsistebant.
629 457 662 521 Si
691 478 783 520 mons
806 468 876 521 erat
898 457 1093 522 ascenden-¹

95 561 171 642 dus,
205 560 298 625 facile
331 563 401 645 ipsa
432 560 493 624 loci
526 568 643 626 natura
676 560 853 646 periculum
885 559 1071 647 repellebat,

95 665 181 749 quod
205 686 247 728 ex
269 664 346 728 locis
369 663 603 749 superioribus,
633 666 688 749 qui
714 672 969 746 antecesserant,
998 685 1071 727 suos

94 768 304 832 ascendentes
334 766 562 852 protegebant;
598 788 671 831 cum
697 766 789 832 vallis
821 761 878 832 aut
904 767 992 831 locus
1019 767 1093 831 des

95 871 184 934 clivis
212 870 359 954 suberat,
389 893 493 957 neque
516 873 552 952 ii,
583 874 639 956 qui
666 879 920 954 antecesserant,
947 892 1071 934 moran-

95 973 180 1038 tibus
214 997 308 1060 opem
341 975 426 1039 ferre
459 984 623 1060 poterant,
658 977 781 1061 equites
816 997 894 1039 vero
928 997 970 1039 ex
1002 972 1072 1038 loco

95 1081 258 1162 superiore
286 1082 319 1144 in
349 1101 480 1144 aversos
510 1077 573 1143 tela
603 1077 819 1162 coniciebant,
856 1089 925 1143 tum
954 1100 1072 1162 magno

95 1193 165 1245 erat
186 1185 220 1246 in
243 1183 382 1268 periculo
411 1207 472 1249 res.
517 1183 788 1269 Relinquebatur,
821 1192 871 1265 ut,
901 1206 974 1248 cum
993 1186 1096 1248 eius-4

94 1286 181 1350 modi
215 1286 291 1350 locis
330 1299 414 1351 essct
448 1289 756 1373 appropinquatum,
792 1286 954 1370 legionum
981 1289 1073 1370 signa

95 1392 268 1454 consistere
291 1389 441 1454 iuberent
468 1412 651 1476 magnoque
673 1394 796 1477 impetu
825 1393 1004 1476 equitatum
1025 1413 1073 1454 re·

96 1493 250 1578 pellerent
256 1543 265 1577 ,
304 1516 341 1558 eo
374 1493 521 1560 submoto
554 1503 687 1580 repente
716 1496 839 1559 incitati
873 1516 970 1559 cursu
1003 1517 1073 1559 sese

95 1601 128 1661 in
158 1597 259 1662 valles
281 1599 423 1662 universi
449 1598 655 1663 demitterent
683 1608 781 1683 atque
807 1601 853 1663 ita
880 1603 1073 1684 transgressi

94 1723 206 1765 rursus
228 1704 261 1766 in
276 1701 352 1766 locis
363 1700 586 1787 'superioribus
604 1705 823 1767 consisterent.
847 1703 933 1767 Nam
947 1712 1095 1768 tantuma

96 1804 137 1868 ab
161 1808 305 1890 equitum
328 1828 459 1870 suorum
481 1805 608 1870 auxiliis
630 1806 781 1889 aberant,
805 1830 942 1893 quorum
965 1830 1073 1872 nume·

94 1930 167 1972 rum
200 1908 366 1974 habebant
397 1931 566 1993 magnum,
600 1920 636 1974 ut
669 1933 723 1975 eos
757 1910 975 1997 superioribus
1005 1933 1074 1998 per-

94 2016 221 2077 territos
244 2013 377 2098 proeliisf
393 2016 426 2077 in
441 2011 583 2077 medium
598 2017 779 2100 reciperent
794 2037 911 2098 agmen
926 2015 1074 2099 ultroque

95 2141 149 2181 eos
169 2127 351 2200 tuerentur,
376 2138 513 2202 quorum
534 2116 612 2182 nulli
633 2141 675 2183 ex
691 2120 803 2183 itinere
822 2118 981 2183 excedere
1004 2117 1074 2182 lice-

95 2221 161 2302 bat,
185 2222 263 2305 quin
286 2219 328 2285 ab
352 2223 497 2306 equitatu
520 2221 668 2287 Caesaris
691 2225 904 2307 exciperetur.

181 2323 231 2388 80.
255 2324 326 2389 Tali
349 2324 427 2389 dum
450 2335 614 2410 pugnatur
635 2324 741 2408 modo,
768 2325 853 2388 lente
877 2334 974 2409 atque
998 2347 1074 2410 pan-

95 2429 185 2492 latim
217 2427 411 2513 proceditur,
447 2427 644 2514 crebroque,
678 2438 714 2492 ut
747 2431 811 2492 sint
843 2426 962 2491 auxilio
1000 2430 1074 2509 suis,

96 2533 287 2614 subsistunt;
311 2541 348 2595 ut
370 2540 439 2595 tum
461 2531 587 2596 accidit.
618 2531 708 2595 Milia
730 2533 816 2594 enim
840 2532 1000 2616 progressi
1019 2547 1096 2596 llus

95 2635 382 2722 vehementiusque
411 2639 582 2723 peragitati
611 2636 653 2701 ab
682 2639 827 2721 equitatu
856 2643 998 2700 montem
1022 2657 1075 2699 ex-

96 2738 216 2801 celsum
249 2743 381 2825 capiunt
417 2740 527 2825 ibique
563 2763 629 2805 una
662 2741 767 2804 fronte
801 2749 914 2804 contra
950 2738 1075 2804 hostem

95 2852 203 2906 castra
224 2845 374 2908 muniunt
395 2865 501 2929 neque
523 2845 674 2907 iumentis
690 2864 788 2906 onera
810 2842 985 2929 deponunt.
1009 2841 1097 2911 Ubir

96 2947 244 3011 Caesaris
278 2956 385 3011 castra
417 2949 521 3033 posita
548 2946 823 3032 tabernaculaque
849 2949 1022 3011 constituta
1045 2956 1076 3010 et

96 3051 242 3114 dimissos
280 3053 402 3136 equites
437 3050 612 3137 pabulandi
646 3073 745 3115 causa
781 3052 925 3115 animum
962 3051 1075 3117 adver·

95 3165 219 3238 terunt,
254 3177 324 3220 sese
357 3156 463 3221 subito
496 3158 677 3241 proripiunt
709 3155 789 3220 hora
823 3157 949 3219 circiter
983 3163 1076 3217 sexta

95 3260 239 3323 eiusdem
262 3259 325 3325 diei
347 3270 380 3324 et
395 3282 485 3346 spem
508 3263 595 3325 nacti
609 3282 719 3325 morae
735 3260 877 3324 discessu
894 3268 1076 3323 nostrorum

95 3366 240 3447 equitum
268 3367 329 3428 iter
356 3363 464 3429 facere
487 3367 651 3451 incipiunt.
698 3365 830 3446 Quare
857 3365 999 3427 animum
1022 3360 1099 3425 adr

95 3489 191 3532 versa
214 3464 335 3532 Caesar
362 3466 490 3531 refectis
522 3467 702 3552 legionibus
730 3467 952 3551 subsequitur,
987 3485 1076 3550 prae-

97 3571 177 3636 sidio
192 3570 430 3658 impedimentis
445 3562 566 3658 paucas
587 3572 734 3637 cohortes
756 3570 924 3657 relinquit3
946 3570 1030 3635 hora
1043 3586 1081 3631 x.

941 3686 981 3738 ῃ
