2376 3924
117 239 176 304 128
390 286 393 297 ,
436 239 485 288 DF}
504 239 624 290 BELLO
644 238 759 290 01th

114 431 256 494 omnium
277 430 360 495 ratio
382 429 567 512 haberetur,
591 429 633 495 ad
655 429 793 495 duorum
815 428 938 494 milium
959 453 1095 498 numero

114 556 156 597 cx
178 535 382 620 Pompeianis
405 533 558 598 cecidisse
579 532 831 619 reperiebamus,
855 543 1007 599 evocatos
1024 557 1095 601 cen-

93 639 320 723 2turi0nesque
348 628 528 723 complures
557 634 605 722 (in
634 659 671 702 eo
699 637 760 702 fuit
786 660 921 702 numero
944 637 1096 704 Valerius

114 740 260 822 Flaccus,
277 741 316 805 L.
329 739 423 822 tilius,
440 742 518 822 eius,
535 742 590 826 qui
605 749 735 826 praetor
748 739 861 806 Asiam
878 739 1094 830 obtinuerat);

92 849 271 932 asignaque
294 854 369 909 sunt
389 844 541 910 militaria
570 867 630 910 sex
651 844 762 909 relata.
809 846 918 910 Nostri
940 867 1008 911 non
1031 867 1097 912 am·

114 949 197 1034 plius
222 965 268 1010 xx
293 946 442 1012 omnibus
470 956 546 1012 sunt
574 947 701 1033 proeliis
730 946 914 1014 desiderati
961 948 1029 1016 Sed
1063 951 1097 1014 in

114 1051 244 1116 castello
277 1072 371 1115 nemo
399 1051 460 1115 fuit
489 1053 617 1115 omnino
648 1051 799 1134 militum,
834 1053 913 1137 quin
947 1048 1098 1119 ¹vulnera·

114 1167 213 1237 retur,
237 1163 453 1241 quattuorque
476 1177 519 1220 ex
540 1177 606 1220 una
622 1154 753 1220 cohorte
769 1158 972 1222 centuriones
987 1156 1097 1223 oculos

92 1262 300 1328 remiserunt.
345 1260 390 1324 Et
419 1281 494 1324 cum
516 1257 634 1325 laboris
663 1261 712 1323 sui
735 1259 933 1345 periculique
955 1263 1098 1326 testimo

115 1366 204 1428 nium
233 1364 349 1428 afferre
377 1363 512 1445 vellent,
542 1362 629 1429 milia
659 1364 850 1448 sagittarum
873 1364 1000 1428 circiter
1023 1382 1098 1428 xxx

115 1470 148 1532 in
171 1466 337 1532 castellum
366 1468 509 1531 coniecta
532 1465 664 1531 Caesari
686 1476 996 1550 renumeraverunt,
1028 1490 1098 1533 scu-

115 1580 212 1657 toque
247 1570 290 1634 ad
323 1592 396 1635 eum
426 1570 527 1634 relato
557 1570 702 1636 Scaevae
732 1571 928 1635 centurionis
963 1572 1099 1637 inventa

95 1683 191 1741 esunt
213 1677 246 1739 in
269 1695 306 1738 eo
329 1673 488 1737 foramina
511 1689 590 1736 cxx.
626 1673 733 1755 Quem
748 1671 880 1756 Caesar,
903 1682 940 1738 ut
962 1683 1035 1739 erat
1057 1674 1098 1740 de

117 1799 151 1843 se
173 1779 307 1842 meritus
330 1775 425 1840 etde
448 1774 624 1862 republica,
653 1775 788 1842 donavit
809 1780 944 1842 numum
966 1777 1098 1844 milibus

118 1897 158 1945 cc
181 1889 279 1966 atque
301 1878 343 1943 ab
367 1881 489 1945 octavis
513 1878 678 1945 ordinibus
701 1880 743 1944 ad
766 1878 962 1966 primipilum
982 1902 1019 1945 se
1034 1891 1099 1947 tra·

117 1985 237 2050 ducere
252 1985 472 2070 pronuntiavit
487 1982 570 2069 (eius
585 1986 672 2048 enim
683 2006 782 2070 opera
797 1982 964 2050 castellum
977 2005 1101 2071 magna

95 2111 160 2156 eex
183 2098 275 2175 parte
306 2097 533 2152 conservatum
561 2109 631 2153 esse
659 2084 843 2173 constabat)
868 2087 1100 2174 cohortemque

118 2201 230 2277 postea
258 2191 377 2277 dnphci
399 2190 558 2276 stipendio
588 2190 830 2276 frumentoque,
859 2192 980 2256 virtute
1010 2213 1100 2277 spec·

118 2298 250 2361 tationes
284 2292 474 2359 mihtaribus
504 2315 665 2380 quemque
695 2293 788 2360 donis
821 2293 1017 2380 amplissime
1046 2293 1100 2360 do

118 2402 217 2465 navit.
374 2473 376 2477 .

204 2503 258 2567 54.
282 2504 455 2589 Pompeius
470 2510 570 2566 noctu
590 2503 717 2587 magnis
733 2500 852 2566 additis
867 2499 1100 2567 munitionibus

118 2607 248 2693 reliquis
272 2605 385 2671 diebus
419 2614 524 2670 turres
553 2606 730 2687 exstruxit,
764 2614 797 2670 et
830 2607 863 2669 in
896 2604 1101 2671 altitudinem

119 2711 239 2798 pedum
263 2728 309 2774 xv
332 2710 454 2774 effectis
483 2707 633 2795 operibus
661 2710 765 2773 vineis
792 2729 864 2774 eam
893 2716 1022 2794 partem
1050 2730 1101 2775 ca·

99 2824 260 2878 astrorum
276 2812 409 2896 obtexit,
426 2821 458 2877 et
474 2813 615 2898 quinque
630 2812 819 2876 intermissis
834 2810 949 2876 diebus
964 2809 1102 2877 alteram

121 2925 248 2981 noctem
270 2913 476 2980 subnubilam
498 2924 613 2980 nactus
635 2914 810 2980 obstructis
838 2913 985 2980 omnibus
1009 2913 1102 2980 rebus

122 3033 301 3086 castrorum
328 3021 428 3104 portis
460 3029 492 3083 et
520 3019 563 3084 ad
585 3018 827 3105 impediendum
849 3017 982 3084 obiectis
1004 3021 1103 3086 tertia

122 3126 201 3189 inita
222 3124 332 3210 vigiha
360 3124 483 3189 silentio
506 3127 685 3190 exercitum
707 3123 822 3190 eduxit
849 3133 882 3189 et
907 3144 942 3189 se
963 3125 999 3188 in
1022 3126 1102 3190 anti·

123 3250 204 3314 quas
226 3229 419 3292 munitiones
442 3230 572 3314 recepit.

208 3331 250 3397 56
272 3327 346 3418 [55].
382 3331 524 3415 Aetolia,
554 3331 756 3415 Acarnania,
787 3327 1011 3418 Amphilochis
1043 3352 1104 3417 per

123 3437 270 3502 Cassium
296 3437 482 3521 Longinum
515 3444 548 3501 et
575 3433 751 3506 Calvisium
779 3433 951 3515 Sabinum,
984 3442 1023 3499 ut
1049 3433 1105 3501 de

122 3541 387 3623 monstravimus,
420 3540 558 3625 receptis
591 3537 814 3624 temptandam
846 3535 907 3602 sibi
940 3534 1105 3604 Achaiam
