2376 3924
485 274 561 326 cm.
581 276 691 327 rs-ea
1012 279 1076 344 279

186 465 236 531 81.
261 464 335 548 Quo
358 474 530 552 postquam
552 465 673 532 Caesar
696 470 845 553 pervenit
873 478 906 532 ct
934 469 1076 534 animad-

96 572 195 636 vertit
231 570 334 634 aciem
377 592 435 655 pro
472 570 556 635 vallo
594 572 750 657 Scipionis
788 593 861 635 eum
898 570 1076 658 elephantis

97 674 214 739 dextro
237 674 432 757 sinistroque
466 696 567 738 cornu
601 674 761 740 collocatis
784 684 816 738 et
839 674 936 740 nihilo
968 680 1075 742 minus

96 787 223 864 partem
251 775 388 841 militum
410 785 517 841 castra
548 799 622 841 non·
641 780 801 862 ignaviter
834 781 970 862 munire,
1005 782 1074 865 ipse

97 885 167 946 acic
200 881 317 966 triphci
362 878 526 961 collocata,
573 880 697 966 legione
725 899 923 967 x.xn1.que
957 882 1074 949 dextro

96 1007 207 1067 cornu,
231 1002 318 1048 X1111.
343 993 375 1048 et
399 1001 483 1046 vnn.
508 986 636 1049 sinistro
660 988 821 1070 oppositis,
846 1005 877 1050 v.
894 986 1018 1071 legione
1042 990 1074 1050 in

96 1097 213 1174 quarta
235 1089 304 1151 acie
327 1086 369 1151 ad
391 1089 461 1172 ipsa
484 1109 604 1151 cornua
627 1091 732 1173 quinis
755 1088 940 1154 cohortibus
963 1098 1075 1154 eontra

96 1191 217 1256 bestias
233 1190 402 1271 collocatio,
426 1193 610 1275 sagittariis
634 1191 850 1257 funditoribus
873 1196 907 1257 in
929 1195 1074 1278 utrisque

96 1293 248 1360 cornibus
281 1293 443 1379 dispositis
476 1294 604 1379 levique
639 1305 804 1360 armatura
838 1299 922 1360 inter
950 1299 1074 1381 equites

95 1400 264 1463 interiecta
297 1400 364 1482 ipse
399 1397 536 1482 pedibus
569 1402 691 1464 circum
730 1399 845 1464 milites
878 1422 1074 1465 concursans

96 1504 297 1587 virtutesque
324 1514 554 1567 veteranorum
583 1503 767 1589 proeliaque
796 1505 962 1588 superiora
991 1526 1073 1567 eom·

95 1628 278 1670 memorans
301 1605 485 1690 blandeque
509 1605 673 1690 appellans
701 1608 825 1671 animos
854 1629 965 1671 eorum
988 1610 1072 1671 exci-

95 1708 196 1773 tabat.
220 1711 356 1774 Tirones
380 1717 497 1790 autem,
533 1711 588 1792 qui
618 1731 796 1794 numquam
824 1711 857 1772 in
885 1712 953 1774 acie
983 1710 1094 1774 dimi-s

96 1822 232 1895 cassent,
256 1812 456 1894 hortabatur,
473 1820 509 1876 ut
523 1821 751 1876 veteranorum
766 1815 919 1877 virtutem
934 1814 1072 1878 aemula-

95 1927 208 1982 rentur
245 1938 420 2001 eorumque
457 1916 587 1999 famam,
633 1916 747 2000 locum,
784 1940 902 1982 nomen
938 1920 1074 1983 victoria

95 2032 189 2109 parta
212 2030 367 2106 cuperent
389 2020 562 2105 possidere.

182 2126 232 2190 82.
257 2126 372 2211 ltaque
401 2128 435 2189 in
465 2125 693 2190 circumeundo
723 2129 902 2192 exercitum
932 2131 1073 2194 animad-

95 2231 193 2310 vertit
230 2231 337 2294 hostes
375 2232 461 2294 circa
497 2229 617 2293 vallum
654 2229 817 2314 trepidare
855 2241 952 2316 atque
989 2233 1072 2298 ultro

96 2335 240 2418 citroque
265 2333 399 2418 pavidos
416 2355 609 2397 concursare
632 2342 665 2397 et
686 2332 782 2397 modo
805 2355 839 2397 se
862 2337 947 2399 intra
964 2346 1072 2421 portas

96 2438 240 2522 recipere
264 2439 358 2503 modo
381 2439 600 2501 inconstanter
633 2436 908 2522 immoderateque
932 2440 1070 2523 prodire.

96 2539 178 2605 Oum
211 2541 297 2605 idern
327 2540 513 2626 apluribus
547 2539 761 2604 animadverti
795 2551 944 2626 coeptum
978 2553 1094 2627 osset,2

97 2642 202 2708 subito
240 2645 336 2730 legati
374 2646 564 2729 evocatique
602 2643 773 2709 obsecrare
811 2644 994 2730 Caesarem,
1031 2637 1089 2712 ne'

96 2744 259 2812 dubitaret
293 2751 420 2834 signum
454 2748 547 2813 darc:
581 2751 749 2813 victoriam
778 2749 839 2814 sibi
867 2754 1073 2836 propriama

96 2853 145 2916 dis
167 2852 401 2918 immortalibus
424 2852 582 2938 portendi.
607 2852 786 2917 Dubitantc
810 2853 950 2919 Caesare
973 2865 1093 2941 atque³

95 2979 207 3021 corum
237 2956 342 3022 studio
371 2957 602 3042 cupiditatique
629 2958 797 3022 resistente
827 2958 951 3044 sibique
981 2983 1072 3046 erup-

95 3063 181 3125 tione
205 3063 341 3146 pugnari
364 3084 428 3125 non
451 3061 579 3146 placere
602 3061 785 3126 clamitante
808 3072 840 3126 et
863 3066 959 3126 ctiam
975 3074 1072 3148 atquc

96 3167 192 3230 ctiam
215 3167 317 3229 aciem
340 3175 549 3248 sustentante,
574 3165 679 3230 subito
702 3165 818 3230 dextro
835 3189 935 3231 cornu
951 3170 1072 3231 iniussu

96 3268 244 3334 Caesaris
266 3270 397 3336 tubicen
420 3295 439 3335 a
462 3270 614 3335 militibus
643 3281 773 3336 coactus
806 3294 923 3335 canere
957 3274 1070 3357 coepit.

96 3377 169 3458 Quo
192 3377 277 3443 facto
301 3377 342 3443 ab
365 3380 524 3442 universis
554 3375 738 3441 cohortibus
767 3379 859 3460 signa
886 3378 918 3438 in
947 3375 1093 3439 hostcnrt

95 3503 231 3567 coepere
264 3482 385 3566 inferri,
423 3505 497 3547 cum
531 3483 732 3548 centuriones
767 3488 897 3565 pectore
931 3479 1070 3545 adverso
