2376 3924
464 233 541 285 611.
560 235 636 285 6-6.
975 235 1036 300 175

56 429 189 511 gravius
217 429 465 490 extimescerent
499 422 647 511 [oasnn1],
682 426 769 510 quod
802 448 908 512 neque
941 426 1039 490 661611

57 529 272 594 Alexandrini
305 538 436 615 possent
467 531 501 594 in
529 529 720 615 apparanda
747 530 841 614 fuga,
876 552 950 595 cnm
971 539 1038 595 tam

58 655 159 717 parvo
188 634 290 718 spatio
325 632 482 697 distarent
514 632 555 697 ab
583 634 674 718 ipsis,
708 654 814 717 neque
846 632 906 696 illis
939 636 1039 698 immi-

57 734 208 800 nentibus
231 745 329 821 atque
351 735 596 821 insequentibus
619 735 701 801 ullus
725 739 758 800 in
773 759 874 801 naves
890 745 1038 822 receptus

58 840 200 904 daretur.
235 841 317 904 Erat
338 849 447 906 autem
467 863 588 925 magna
610 839 780 905 multitudo
804 839 1060 926 oppidanorum

57 947 89 1008 in
113 952 206 1028 parte
229 943 387 1027 Caesaris,
412 966 510 1029 qnam
533 943 700 1008 domiciliis
723 947 866 1030 ipsorum
887 966 953 1007 non
974 964 1038 1006 mo-

57 1057 164 1130 verat,
194 1047 280 1131 quod
308 1070 404 1112 ease
432 1047 561 1112 fidelem
584 1047 691 1133 palam
713 1050 830 1113 nostris
853 1069 922 1112 esse
946 1049 1039 1111 simu-

57 1145 146 1215 labat
169 1158 201 1214 et
223 1150 396 1216 descivisse
420 1175 439 1215 a
462 1153 526 1214 suis
542 1149 715 1215 videbatur
731 1147 810 1237 [tut
831 1150 909 1215 mihi
932 1150 1039 1216 defen-

58 1256 156 1320 dendi
179 1265 286 1320 essent
308 1255 525 1321 Alexandrini
555 1277 660 1340 neque
682 1256 813 1320 fallaces
841 1277 911 1319 6666
934 1278 1039 1340 neque

57 1363 230 1443 temerarii,
253 1360 419 1445 multaque
443 1362 544 1424 oratio
563 1360 684 1424 frustra
699 1358 940 1442 absumeretur3
965 1381 1058 1424 cuma

57 1486 136 1528 vero
163 1485 228 1528 uno
250 1472 395 1549 tempore
418 1473 450 1528 61
472 1466 559 1528 116116
583 1484 695 1528 eorum
718 1471 750 1526 61
777 1470 895 1526 natura
925 1484 1038 1546 cogno-

58 1577 180 1649 scatur,
215 1569 415 1652 aptissimum
445 1589 515 1631 esse
543 1566 605 1631 hoc
634 1588 737 1651 genus
761 1566 802 1631 ad
826 1565 1038 1651 proditionem

58 1669 208 1735 dubitare
230 1692 325 1735 nemo
347 1668 473 1757 potestl.

144 1774 173 1838 8.
212 1772 333 1839 Caesar
361 1797 492 1840 suorum
520 1777 668 1840 timorem
697 1775 913 1840 consolatione
936 1783 969 1838 et
990 1796 1038 1838 ra·

58 1880 143 1942 tione
173 1877 348 1943 muniebat.
394 1880 479 1944 Nam
510 1880 615 1965 puteis
643 1878 736 1943 fossis
765 1900 884 1964 aquam
912 1877 1040 1943 dulcem

57 1983 191 2067 reperiri
214 2004 307 2067 posse
330 1982 530 2048 affirmabat:
559 1985 666 2048 omnia
688 1984 774 2047 onim
796 1983 889 2047 htora
911 1991 1039 2048 natura-

57 2086 128 2151 liter
151 2108 255 2170 aquae
278 2086 379 2152 dulcis
401 2109 502 2152 venas
524 2086 656 2152 habere.
701 2086 798 2169 Quod
821 2089 847 2152 si
870 2087 1060 2153 6116666611

57 2190 157 2253 1116116
188 2189 342 2275 Aegyptii
376 2200 493 2256 natura
525 2200 623 2276 atque
657 2193 799 2256 omnium
831 2191 1038 2277 reliquorum,

57 2302 176 2375 tamen,
209 2295 361 2379 quoniam
384 2316 473 2358 mare
496 2293 596 2358 libere
618 2303 775 2377 tenerent,
803 2317 909 2379 neque
931 2294 1039 2359 hostes

58 2397 193 2460 classem
221 2395 397 2479 haberent,
431 2395 595 2482 prohiberi
629 2419 699 2462 6666
733 2419 798 2462 non
831 2418 940 2481 posse,
975 2419 1038 2484 quo

58 2503 163 2564 minus
187 2499 303 2564 cotidie
326 2499 464 2564 navibus
487 2521 607 2584 aquam
629 2499 852 2585 peterentuel
869 2523 889 2564 6
911 2502 1039 2566 sinistra

58 2612 150 2688 parte
173 2626 193 2666 a
215 2604 407 2667 Paraetonio
429 2602 482 2668 vel
503 2625 522 2666 a
542 2602 660 2667 dextra
682 2601 724 2668 ab
746 2602 864 2687 insula;
888 2625 971 2690 quae
995 2603 1039 2668 di-

57 2730 171 2772 versae
194 2709 415 2791 navigationes
437 2729 616 2792 numquam
636 2728 701 2771 uno
726 2714 870 2792 tempore
894 2706 1039 2771 adversis

58 2814 163 2875 ventis
202 2810 499 2897 praecluderentur.
544 2813 658 2895 Fugae
695 2832 773 2875 vero
810 2809 932 2876 nullum
969 2826 1060 2875 66661

59 2914 226 2979 consihum
248 2936 313 2979 non
336 2915 438 2980 solum
460 2917 509 2998 iis,
533 2917 588 3001 qui
611 2917 750 3001 primam
773 2914 964 2999 dignitatem
985 2914 1039 2978 ha-

58 3018 182 3101 berent,
207 3018 327 3084 sedne
350 3021 388 3084 iis
411 3018 552 3104 quidem,
576 3020 631 3105 qui
653 3017 733 3083 nihil
748 3028 976 3104 praeterquam
997 3016 1039 3081 de

57 3126 125 3188 vita
148 3124 335 3207 cogitarent.
364 3123 487 3208 Magno
509 3125 638 3207 negotio
661 3124 801 3208 impetus
824 3122 963 3186 hostium
985 3120 1060 3185 adl

58 3249 170 3292 versos
193 3249 236 3291 ex
258 3225 488 3292 munitionibus
512 3229 679 3310 sustineri;
707 3226 826 3312 quibus
840 3225 958 3290 relictis
980 3246 1041 3288 nec

57 3331 125 3396 loeo
149 3353 209 3395 nec
230 3352 364 3396 numero
388 3352 483 3416 pares
505 3351 575 3395 esse
599 3351 721 3417 posse„
746 3331 902 3415 Magnam
931 3338 1059 3392 autem⁵

57 3457 183 3499 moram
217 3444 249 3498 et
283 3433 507 3500 difficultatem
534 3456 705 3500 ascensum
732 3435 767 3499 in
794 3453 895 3497 naves
917 3429 1039 3496 habere

58 3540 249 3623 praesertim
271 3561 314 3602 ex
336 3537 479 3623 scaphis3
509 3558 668 3604 summam
691 3558 761 3602 esse
784 3545 896 3602 eontra
917 3537 951 3600 in
965 3533 1039 3600 Ale·
1075 3548 1078 3553 '
