2376 3924
454 228 531 279 car.
549 229 642 282 s-n.
744 241 759 260 -·
977 229 1037 294 177

54 443 206 503 numero,
237 443 311 485 cum
339 421 465 505 longius
488 443 508 484 a
530 418 669 485 navibus
691 418 884 505 praedatum
914 442 1040 506 proces-

56 528 186 607 sissent,
215 523 257 589 ab
281 523 442 611 equitibus
472 524 613 588 hostium
635 532 710 588 sunt
731 525 869 609 excepti.
914 524 969 588 Ex
990 523 1061 588 hiso

56 637 276 713 cognoverunt
287 627 461 694 Caesarem
482 630 588 713 ipsum
609 629 643 692 in
665 625 766 692 classe
787 628 914 692 venisse
936 648 1041 714 neque

55 732 136 796 ullos
164 732 279 797 milites
307 735 341 797 in
367 730 506 797 navibus
534 731 666 797 habere.
713 731 788 813 Qua
817 753 853 795 re
876 741 1041 818 comperta

56 858 211 919 magnam
249 834 309 901 sibi
348 835 536 900 facultatem
568 834 733 900 fortunam
767 832 920 900 obtulisse
957 834 1040 900 bene

56 939 219 1023 gerendae
242 941 289 1004 rei
312 939 528 1005 crediderunt.
552 939 668 1024 Itaque
691 961 792 1004 naves
815 960 936 1021 omnes,
959 959 1063 1025 quasa

57 1055 187 1129 paratas
210 1044 393 1110 habuerant
414 1044 457 1110 ad
479 1044 717 1129 navigandum,
746 1042 1040 1130 propugnatoribus

55 1151 278 1214 instruxerunt
300 1147 497 1234 Caesarique
524 1147 673 1213 redeunti
703 1168 776 1211 cum
805 1146 906 1212 classe
934 1168 1043 1212 occur·

56 1262 177 1317 rerunt.
224 1253 288 1334 Qui
316 1250 443 1316 duabus
471 1250 512 1314 de
541 1252 646 1315 causis
675 1272 713 1314 eo
736 1249 789 1315 die
812 1249 966 1315 dimicare
988 1271 1064 1314 noe

56 1354 154 1437 lebat,
179 1355 267 1439 quod
289 1362 322 1417 et
343 1353 446 1418 nullos
469 1352 585 1418 milites
607 1355 641 1417 in
662 1352 802 1418 navibus
824 1352 969 1418 habebat
976 1403 985 1436 ,
1009 1362 1043 1418 et

57 1466 129 1544 post
143 1458 259 1522 horam
274 1476 306 1522 x.
324 1456 387 1521 diei
408 1479 462 1522 res
484 1456 657 1543 agebatur3
681 1479 749 1523 nox
771 1465 882 1522 autem
904 1456 1041 1522 allatura

56 1560 230 1626 videbatur
252 1564 408 1626 maiorem
422 1560 576 1625 fiduciam
590 1559 660 1643 illis,
685 1562 740 1646 qui
762 1559 906 1627 locorum
928 1562 1042 1625 notitia

57 1664 279 1749 confidebant3
315 1664 375 1729 sibi
406 1667 504 1728 etiam
532 1664 684 1729 hortandi
712 1685 787 1729 suos
809 1663 967 1730 auxilium
988 1662 1042 1728 de·

56 1769 210 1851 futurum,
235 1767 322 1854 quod
344 1768 431 1833 nulla
453 1771 531 1833 satis
552 1768 670 1833 idonea
685 1777 770 1833 esset
784 1769 934 1851 hortatio,
958 1788 1042 1854 quae

56 1895 162 1957 neque
182 1875 336 1938 virtutem
362 1882 470 1959 posset
483 1881 597 1938 notare
611 1893 717 1958 neque
731 1873 890 1937 inertiam.
915 1871 1065 1954 Qnibnss

57 1977 98 2041 de
132 1980 236 2044 causis
269 1999 387 2061 naves,
422 1999 503 2064 quas
537 1979 655 2063 potuit,
690 1974 811 2042 Caesar
841 1976 887 2042 ad
919 1984 1042 2042 terram

58 2081 215 2166 detrahit3
250 2103 348 2168 quem
375 2084 408 2146 in
437 2080 543 2162 locum
569 2080 639 2146 illos
662 2102 867 2147 successuros
889 2102 955 2146 non
976 2083 1042 2146 exi·

58 2183 219 2249 stimabat.

150 2287 198 2356 11.
233 2289 315 2354 Erat
336 2312 402 2356 una
432 2293 525 2356 navis
547 2290 677 2357 Rhodia
696 2292 731 2355 in
753 2289 871 2356 dextro
894 2286 1043 2353 Caesaris

59 2413 159 2454 cornu
187 2390 281 2475 longe
308 2391 350 2457 ab
378 2393 510 2479 reliquis
538 2392 702 2458 collocata.
747 2392 843 2457 Hanc
866 2393 1042 2476 conspicati

59 2495 167 2558 hostes
202 2517 267 2560 non
301 2504 476 2562 tenuerunt
507 2518 593 2580 sese,
626 2516 811 2580 magnoque
843 2497 1043 2580 impetu1111

59 2596 101 2660 ad
124 2619 198 2662 eam
219 2607 402 2665 constratae
425 2621 527 2665 naves
555 2609 588 2664 et
611 2597 791 2684 complures
813 2605 947 2683 apertae
970 2619 1043 2663 con-

58 2700 242 2766 tenderunt.
287 2700 348 2768 Oui
376 2713 506 2770 coactus
529 2712 579 2768 cst
600 2700 722 2767 Caesar
743 2699 829 2764 ferre
851 2700 1064 2783 subsidium,²

58 2826 99 2869 ne
136 2812 264 2889 turpem
307 2807 341 2869 in
384 2814 558 2892 conspectu
602 2803 828 2870 contumeliam
872 2806 1043 2891 acciperet,

60 2930 273 2993 quamquam,
309 2912 336 2973 si
365 2910 444 2995 quid
465 2911 598 2995 gravius
620 2908 681 2973 illis
709 2907 895 2993 accidisset,
928 2911 1044 2975 merito

60 3033 211 3075 casurum
233 3012 407 3078 iudicabat.
441 3012 604 3079 Proelium
626 3015 831 3079 commissum
853 3024 903 3081 est
924 3031 1065 3101 magum

63 3118 266 3180 contentione
288 3115 506 3201 Rhodiorum3
541 3118 597 3203 qui
625 3138 700 3182 cum
726 3119 760 3183 in
782 3117 931 3184 omnibus
954 3117 1044 3184 dimi.

61 3217 240 3283 sationibus
264 3228 297 3283 et
318 3221 452 3285 scicntia
482 3229 515 3285 et
542 3221 662 3286 virtute
690 3223 939 3307 praestitissent,
973 3231 1045 3287 tum

59 3324 202 3386 maxime
231 3322 283 3387 illo
312 3332 457 3409 tempore
484 3331 588 3388 totum
615 3344 694 3389 onus
725 3325 882 3389 sustinere
909 3346 975 3389 non
996 3346 1044 3390 rc

61 3424 236 3508 cusabant,
270 3448 311 3491 ne
345 3425 431 3511 quod
465 3448 597 3492 suorum
625 3427 720 3513 culpa
742 3427 971 3492 detrimentum
993 3451 1044 3494 ac·

61 3539 191 3614 ceptum
220 3529 396 3595 videretur.
440 3530 493 3595 lta
520 3529 678 3617 proelium
705 3530 973 3597 secundissimum
995 3541 1066 3597 asts

113 3637 199 3681 caesar.
217 3638 245 3679 11.
835 3636 872 3683 ta
