2376 3924
140 226 226 276 LXVI
442 220 652 274 ADNOTATIO
673 219 817 270 carrica

139 417 240 466 accidit
258 417 302 480 (=
319 411 489 481 ‘priihrend').
521 419 551 462 ut
573 412 618 461 hic
638 413 677 460 sic
696 412 777 460 etiam
796 409 868 458 inira
887 425 909 458 c.
929 410 1014 470 61,‘1.
1040 409 1082 468 88,
1103 411 1121 458 4

139 510 166 552 et
183 502 209 551 b.
228 502 305 566 Hisp.
325 503 366 561 23,
386 502 400 548 2
419 498 578 564 particulam
599 496 675 549 dum
695 512 727 546 ex
746 495 868 545 codicum
888 509 1021 543 consensu
1041 498 1121 545 resti-

138 589 186 636 tui.
206 615 238 624 -
256 587 322 636 ibid.
341 590 364 649 ς.
378 588 407 635 2:
426 584 458 637 Ρ.
471 582 576 637 Sittius
595 582 708 634 iuterim
727 586 753 633 et
770 596 821 633 reu
833 580 961 633 Bacchus
973 608 1008 618 —
1020 579 1120 647 copias

139 689 208 726 suas
236 672 392 738 admouere,
421 669 593 736 Cirtamque,
624 667 761 735 oppidum
787 666 1029 734 opulentissimum
1057 668 1120 721 eius

138 760 230 829 rapui,
259 776 316 809 rex
339 756 459 810 adortus
475 755 579 822 paucis
599 753 696 807 diebus
715 752 873 821 pugnaudo
897 752 993 824 capit]
1023 756 1124 806 invitis-

137 849 216 897 libris
234 851 297 896 ante
315 843 509 909 Nipperdeium
529 841 704 894 adorti-
722 840 873 907 capiuut
890 842 1009 907 itemque
1027 843 1056 891 in
1075 857 1118 892 se·

137 933 282 999 quentibus
300 929 415 996 pluralis
434 945 561 979 numerus
580 945 627 994 pro
648 928 783 994 singulari
801 929 940 980 edebatur.
965 932 1038 978 recte
1058 931 1118 992 qui·

136 1021 197 1068 dem
223 1019 266 1069 vir
292 1018 387 1067 doctus
415 1016 538 1068 codicum
562 1016 724 1080 scripturam
748 1014 879 1077 restituit,
907 1013 955 1063 sed
979 1014 1025 1062 vix
1053 1019 1117 1078 apte

136 1104 303 1170 singularem
322 1119 465 1154 numerum
484 1119 516 1152 eo
535 1102 663 1164 defendit,
684 1102 756 1167 quod
775 1102 889 1166 scriptor
908 1100 994 1149 solum
1014 1115 1043 1149 se
1063 1099 1117 1149 Sit-

136 1193 203 1240 tium
222 1204 446 1240 commemorasse
458 1194 587 1254 putasset
606 1204 694 1252 neque
706 1188 735 1237 id
747 1187 911 1253 Nipperdeio
925 1189 1116 1249 concesserim,

136 1277 205 1326 haec
229 1276 320 1326 omnia
344 1275 377 1326 de
404 1274 483 1325 Sittio
507 1281 616 1325 narrata
641 1291 715 1340 esse,
743 1290 805 1323 cum
825 1273 926 1322 Cirtam
951 1273 1080 1338 oppidum
1100 1289 1117 1323 a

136 1363 244 1413 Boccho
264 1368 445 1428 expugnatum
465 1378 523 1413 esse
542 1363 683 1428 Appianas
702 1361 792 1411 tradat
810 1361 845 1422 (b.
865 1378 888 1410 c.
907 1360 942 1421 II,
961 1359 1016 1424 96),
1036 1365 1116 1410 etex

136 1451 231 1499 Diouis
250 1447 338 1500 Cassii
355 1449 446 1498 verbis
466 1449 579 1512 (XLIII,
598 1448 625 1513 3)
646 1454 752 1513 pateat,
781 1446 889 1497 Sittium
912 1448 983 1510 parti
1007 1450 1115 1496 tanturn

135 1538 274 1600 copiarum
291 1551 308 1585 a
326 1551 390 1601 rege
403 1536 512 1585 Boccho
530 1535 696 1600 praefectum
716 1535 808 1585 fuisse.
835 1535 927 1598 itaque
947 1531 1068 1584 adortus
1081 1561 1115 1570 -

135 1622 213 1688 cupit
236 1622 270 1672 ad
293 1620 367 1670 hunc
390 1623 481 1686 potius
505 1611 674 1671 referendum
698 1636 757 1670 esse
779 1627 853 1670 ratus
876 1634 927 1671 rea
950 1625 1011 1684 post
1033 1617 1116 1686 rapui

135 1707 267 1757 excidisse
280 1714 352 1771 puto.
373 1701 463 1772 (antea
474 1723 523 1771 pro
538 1704 699 1771 Cirtamque
717 1707 876 1770 scripseram
893 1704 972 1771 isque
985 1702 1116 1773 Cirtam.)

237 1810 259 1842 o.
272 1794 313 1852 26,
328 1793 357 1840 3:
377 1806 494 1858 quorum
513 1791 638 1843 lacrimis
657 1790 827 1857 querelisque
841 1789 946 1843 Caesar
962 1792 1115 1842 corruuotus

134 1893 196 1930 cum
214 1882 300 1929 autea
318 1876 513 1929 coristituisset
526 1894 539 1929 e
550 1876 665 1930 statiuis
678 1876 782 1929 eastris
796 1881 903 1929 aestate
914 1876 991 1928 iuita
1003 1877 1114 1929 curratis

134 1963 223 2031 capiis
237 1962 409 2029 auxiliisque
422 1963 521 2017 accitis
534 1963 633 2016 bellum
645 1979 707 2016 crim
723 1963 784 2016 suis
798 1962 973 2016 aduersariis
991 1963 1114 2023 iacere,

133 2052 198 2100 iam
218 2067 302 2099 nunc
319 2065 414 2118 perere
431 2049 578 2119 iustituitll
603 2051 742 2112 lacunam,
771 2066 851 2116 quam
875 2049 1032 2116 Nipperdey
1052 2057 1115 2115 post

133 2135 234 2189 ueritis
252 2137 368 2200 notarit,
396 2143 457 2202 post
475 2136 650 2190 aduersariis
669 2138 758 2203 potius
778 2135 949 2187 statuendam
967 2142 995 2186 et
1011 2137 1112 2198 verbis,

133 2223 226 2289 qualia
248 2237 330 2272 sensu
354 2227 382 2273 et
405 2224 557 2274 sententiae
582 2225 782 2274 constructione
807 2224 958 2275 desiderari
975 2221 1112 2288 videntur,

132 2308 294 2373 explendam
323 2324 382 2359 esse
410 2309 481 2358 duxi.
512 2310 585 2373 quod
611 2311 639 2358 in
667 2311 756 2374 priore
784 2310 903 2359 editione
932 2310 1111 2374 conieceram,

133 2395 262 2460 scriptum
274 2395 357 2444 fuisse
376 2410 438 2447 eurr
456 2398 542 2446 autea
560 2393 754 2448 corastituisset
771 2399 834 2448 cett,
852 2392 951 2447 bellura
969 2409 1032 2446 eurr
1049 2393 1112 2465 suis

133 2479 308 2534 aduersariis
327 2497 430 2546 gerere,
449 2483 503 2531 iam
522 2497 594 2532 nunc
611 2496 705 2550 perere
722 2480 860 2549 iustituit,
879 2489 1017 2547 receptum
1035 2488 1077 2530 est
1095 2496 1112 2531 a

131 2568 271 2618 Debuero.
288 2598 323 2606 —
341 2570 390 2619 iba
419 2567 523 2621 litteris
531 2567 609 2636 [que]
635 2566 760 2620 celeriter
779 2567 810 2620 iu
829 2566 958 2620 Siciliam
976 2566 1016 2620 ud
1033 2565 1111 2619 Alie-

130 2668 198 2704 uum
216 2658 243 2705 et
257 2654 410 2707 Rabirium
422 2653 587 2707 Postumum
606 2653 756 2722 [caussari
759 2653 839 2722 ptis
857 2653 898 2722 et]
913 2669 967 2722 per
984 2657 1111 2706 catasco-

128 2753 199 2804 pum
222 2739 340 2792 missis
366 2755 386 2792 e.
406 2756 429 2807 q.
448 2738 489 2809 a]
517 2741 575 2791 cod.
595 2755 615 2794 a
637 2745 664 2790 et
685 2741 731 2806 qui
750 2756 833 2791 exeo
852 2741 969 2791 derivati
988 2739 1111 2794 suutbe

131 2821 303 2889 litterisque
321 2825 446 2878 celeriter
464 2826 496 2878 iu
514 2825 642 2879 Siciliam
660 2825 780 2879 missis
800 2832 827 2878 et
846 2827 944 2876 deinde
958 2840 1012 2893 per
1030 2829 1110 2878 cata-

131 2921 245 2974 scopum
263 2908 377 2962 rtittit
395 2912 537 2976 exhibeam
563 2915 591 2961 in
610 2913 722 2978 reliquis
741 2913 867 2963 omnibus
885 2910 981 2965 missis
998 2919 1060 2978 post
1078 2911 1111 2964 ia

131 2990 260 3045 Siciliam
278 2993 360 3056 deest,
379 2996 480 3061 legitur
498 3014 562 3048 vero
581 2997 640 3048 loco
659 2999 734 3049 illius
752 2997 848 3051 mittit.
871 2998 940 3049 haec
958 2999 1040 3048 lectio
1055 3012 1110 3064 per

130 3081 311 3145 catascopum
328 3079 423 3133 missis
447 3090 519 3133 certe
544 3086 663 3149 genuina
682 3091 735 3149 est,
764 3087 880 3137 correxit
898 3101 958 3136 eam
976 3090 1004 3134 et
1020 3089 1108 3135 traua

128 3164 219 3229 posuit
240 3165 412 3229 participium
436 3165 559 3219 missis
583 3170 726 3235 magister,
754 3172 800 3235 qui
818 3171 931 3222 verbum
950 3171 1108 3236 primarium

130 3249 303 3300 desideraret.
331 3266 392 3299 cum
405 3267 460 3301 non
472 3252 677 3319 intellegeretur
694 3256 846 3306 sententiae
864 3261 1007 3318 structura,
1026 3257 1109 3306 etiam

128 3337 229 3385 factum
257 3343 297 3386 est
322 3341 352 3385 ut
380 3352 448 3404 que
477 3340 538 3390 voci
568 3337 672 3393 litteris
702 3341 903 3408 adiungeretur.
941 3341 1108 3408 Nipperdey,

128 3423 242 3486 Kraner,
254 3424 360 3487 Dinter,
374 3425 421 3489 qui
432 3423 521 3476 ortua
534 3426 708 3491 scripserunt,
721 3442 782 3493 que
794 3429 976 3489 retinuerunt3
994 3428 1110 3479 Dtibner

128 3526 170 3558 me
195 3516 303 3560 secutus
326 3508 464 3563 litteris
479 3527 584 3579 per
608 3516 789 3581 catascopum
812 3513 934 3566 missis
958 3514 1051 3565 edidit.
1072 3542 1110 3554 -
