2376 3924
361 215 471 264 erasa
490 215 549 278 vu,
572 215 647 266 cnr.
667 217 777 268 42-45.
993 217 1051 282 199

75 402 221 468 rioribus
247 405 364 471 diebus
389 407 448 470 vix
471 429 552 493 prae
575 406 1050 494 multitudineeernipoterat.

75 505 275 573 Admiratus
292 511 423 594 quaerit
440 533 483 574 ex
498 511 648 597 perfugis
665 532 811 595 causam,
829 534 968 598 quorum
982 533 1072 578 ma-2

75 633 163 695 gnus
180 612 224 677 ad
239 636 313 679 eum
329 614 454 679 cotidie
470 636 626 679 numerus
644 613 843 680 confluebat.
861 614 1070 682 Constabate

74 718 165 781 inter
187 738 313 802 omnes,
329 718 419 803 quod
436 720 502 782 iam
518 719 590 802 ipse
604 716 732 782 Caesar
746 739 805 803 per
819 719 1049 805 exploratores

72 830 290 904 cognoverat,
316 821 451 886 dorsum
476 843 550 885 esse
574 822 644 885 eius
668 821 739 904 iugi
763 821 918 888 silvestre
942 833 973 888 et
991 845 1048 887 an-

73 933 222 1008 gustum,
247 924 307 990 sed
329 924 407 989 hinc
430 947 534 1011 prope
557 945 710 1009 aequum,
735 947 800 1010 qua
823 935 911 992 esset
934 926 1047 992 aditus

72 1027 118 1092 ad
140 1026 284 1092 alteram
306 1037 437 1114 partem
461 1027 591 1114 oppidi3
621 1027 835 1094 vehementer
863 1030 940 1095 huie
969 1030 1069 1097 illosr

71 1131 147 1196 loco
172 1133 288 1197 timere
311 1152 373 1198 neo
390 1134 456 1197 iam
477 1132 576 1197 aliter
592 1131 718 1196 sentire
737 1154 801 1196 uno
819 1134 905 1199 colle
921 1133 964 1200 ab
981 1135 1044 1199 Ro-

71 1237 182 1300 manis
206 1245 380 1321 occupato,
405 1236 434 1300 si
458 1235 602 1300 alterum
619 1235 825 1322 amisissent,
842 1240 922 1323 quin
938 1260 1045 1323 paene

70 1338 320 1405 circumvallati
333 1349 435 1425 atque
451 1341 540 1404 omni
553 1343 647 1407 exitu
663 1351 695 1406 ct
712 1339 930 1424 pabulatione
942 1343 1045 1407 inter·

69 1441 157 1507 clusi
170 1441 384 1509 viderentur:
401 1443 446 1508 ad
462 1444 549 1510 hunc
566 1445 784 1511 muniendum
797 1467 911 1511 omues
928 1469 948 1511 a
963 1447 1065 1513 Ver-⁵

68 1547 280 1632 cingetorige
304 1558 473 1614 evocatos.

170 1650 222 1716 45.
244 1651 320 1716 Hac
343 1676 379 1718 re
402 1655 540 1738 cognita
563 1652 692 1720 Caesar
720 1655 826 1719 mittit
855 1654 1042 1741 complures

68 1756 217 1840 equitum
239 1764 387 1840 turmas3
418 1759 465 1822 eis
496 1757 537 1823 de
566 1759 679 1824 media
707 1767 807 1824 noete
834 1758 976 1844 imperat
1005 1769 1043 1826 ut

66 1858 166 1944 paulo
180 1859 416 1926 tumultuosius
430 1861 584 1927 omnibus
597 1861 682 1927 locis
694 1871 911 1946 vagarentur.
928 1863 1064 1928 Primae

65 1960 142 2027 luce
165 1982 324 2046 magnum
339 1985 512 2029 numerum
527 1964 843 2050 impedimentorum
860 1988 902 2030 ex
919 1969 1041 2033 eastris

64 2064 295 2153 mulorumque
317 2067 457 2153 produci
482 2067 589 2154 deque
613 2069 665 2134 his
689 2077 876 2134 stramenta
907 2070 1041 2136 detrahi

64 2169 295 2256 mulionesque
304 2191 380 2236 oum
393 2159 586 2238 cassidibus
600 2173 747 2258 equitum
762 2174 873 2258 specie
886 2196 926 2238 ac
939 2176 1039 2240 simu·
1091 2243 1094 2251 ,

65 2271 193 2338 latione
205 2272 350 2340 collibus
363 2275 568 2341 circumvehi
585 2275 688 2341 iubet.
711 2277 774 2340 His
790 2297 917 2361 paucos
942 2279 1061 2344 addite

65 2377 206 2463 equites,
229 2379 286 2462 qui
309 2377 411 2444 latius
437 2380 675 2444 ostentationis
699 2401 803 2446 causa
820 2390 1037 2463 vagarentur.

63 2481 182 2565 Longo
195 2482 340 2549 circuitu
352 2482 487 2548 easdem
505 2505 619 2549 omnes
632 2483 725 2549 iubet
738 2493 851 2570 petere
872 2485 1037 2567 regiones.

61 2585 156 2651 Haec
179 2585 297 2672 procul
321 2608 365 2653 ex
387 2587 508 2674 oppido
531 2586 745 2672 videbantur,
766 2598 803 2654 ut
828 2596 899 2653 erat
916 2610 937 2652 a
954 2586 1059 2654 Ger-4

60 2690 162 2772 govia
186 2688 364 2775 despectus
380 2691 416 2755 in
431 2699 556 2773 castra,
579 2713 687 2777 neque
702 2701 796 2758 tanto
814 2693 934 2778 spatio,
951 2696 1037 2759 certi

63 2792 144 2878 quid
161 2802 261 2877 esset,
275 2793 444 2879 explorari
458 2804 601 2880 poterat.
613 2794 798 2878 Legionem
811 2797 1057 2863 unameodem⁵

59 2897 138 2980 iugo
151 2897 256 2962 mittit
272 2906 304 2962 ot
316 2897 452 2984 paulum
463 2919 678 2985 progressam
689 2899 847 2965 inferiore
859 2903 1036 2969 constituit

59 2999 133 3066 loco
169 2999 330 3087 silvisque
359 3001 518 3067 occultat.
549 3001 704 3087 Augetur
732 3000 844 3069 ¹Gallis
876 3006 1055 3090 suspiciat

58 3113 159 3191 atque
171 3126 285 3171 omnes
299 3105 358 3172 illo
370 3106 415 3172 ad
433 3107 651 3172 munitionem
669 3109 788 3193 copiae
799 3108 1033 3174 traducuntur.

56 3207 176 3275 Vacua
188 3209 458 3275 castrahostium
465 3208 593 3276 ansar
605 3213 820 3297 conspicatus
839 3213 939 3276 tectis
952 3213 1055 3276 insi-r

55 3312 179 3396 gnibus
192 3334 328 3379 suorum
343 3313 589 3403 occultatisque
602 3316 707 3399 signis
717 3314 921 3380 militaribus
936 3337 1031 3380 raros

52 3414 191 3502 milites,
213 3438 257 3482 ne
279 3438 323 3482 ex
345 3416 467 3503 oppido
492 3417 853 3502 animadverterentur,
870 3440 914 3483 ex
929 3420 1031 3484 maio·

56 3518 150 3587 ribus
162 3520 287 3587 castris
301 3521 337 3585 in
348 3521 479 3615 minora
491 3522 641 3588 traducit
653 3521 855 3609 legatisque,
868 3543 950 3608 quos
964 3523 1053 3587 sin-8
