2376 3924
410 213 521 266 LIBER
538 213 656 276 I‚'CAP.
674 214 785 266 40-42.
1032 211 1071 276 31

99 404 358 470 satisfacerentt
389 428 425 471 se
451 427 561 491 neque
581 425 738 492 umquam
761 403 938 470 dubitasse
966 423 1074 490 neque

97 509 251 574 timuisse
272 529 379 593 neque
402 508 445 574 de
466 531 593 574 summa
608 508 690 574 belli
708 529 803 573 suum
819 507 991 590 iudicium,
1014 505 1075 572 sed

96 612 312 697 imperatoris
325 635 399 678 esse
416 614 678 678 existimavisse.
699 611 825 678 Eorum
840 611 1096 688 satisfactione4

97 724 240 801 accepta
256 724 289 780 et
305 717 427 781 itinere
442 718 611 805 exquisito
626 738 686 803 per
697 715 918 801 Divitiacum,
931 713 1019 800 quod
1033 736 1075 778 ex

96 818 176 883 aliis
193 821 223 884 ei
239 821 423 885 maximam
436 820 539 886 fidem
553 819 713 904 habebat,
736 830 773 886 ut
787 819 914 885 milium
931 815 1075 902 amplius
1147 886 1149 894 Α

97 925 345 1009 quinquaginta
375 925 519 989 circuitu
549 924 632 989 locis
662 925 788 1010 apertis
810 924 995 989 exercitum
1017 921 1075 988 du·

96 1038 199 1111 seret,
225 1022 266 1092 de
289 1036 411 1113 quarta
431 1026 565 1112 uigilia,
588 1037 625 1092 ut
650 1027 795 1111 dixerat,
820 1027 990 1114 profectus
1014 1035 1075 1091 est.

96 1131 247 1218 Septimo
273 1132 336 1216 die,
360 1154 437 1198 cum
459 1135 525 1199 iter
546 1155 614 1198 non
630 1134 879 1216 intermitteret,
902 1130 946 1197 ab
963 1129 1098 1218 explo-5

95 1234 269 1300 tatoribus
282 1230 406 1300 certior
417 1235 528 1301 factus
542 1245 603 1319 est,
616 1234 904 1321 Ariovisticopias
918 1257 938 1298 a
950 1236 1075 1300 nostris

93 1337 232 1404 milibus
255 1361 415 1426 passuum
438 1349 599 1426 quattuor
622 1349 654 1404 et
679 1357 729 1406 xx
751 1339 882 1405 abesse.

200 1441 1075 1529 42.0ognito(laesarisadventuAriovistuslegatos

95 1546 143 1611 ad
160 1568 233 1612 eum
247 1549 369 1613 mittit:
393 1549 483 1636 quod
500 1559 602 1615 antea
622 1550 663 1615 de
679 1547 845 1635 colloquio
858 1547 1076 1634 postulasset,

95 1650 132 1715 id
155 1672 217 1736 per
240 1674 275 1716 se
298 1653 372 1718 fieri
395 1652 695 1740 licere,=quoniam
719 1655 853 1740 propius
873 1653 1075 1718 accessisset

96 1776 199 1841 seque
215 1755 250 1820 id
274 1757 344 1821 sine
366 1757 516 1840 periculo
528 1757 641 1823 facere
652 1778 752 1844 posse
763 1759 985 1823 existimaret.
1000 1756 1098 1829 Non2

95 1860 227 1945 respuit
250 1859 485 1926 condicionem
508 1859 636 1926 Caesar
665 1862 797 1947 iamque
820 1860 964 1926 eumad
987 1861 1076 1926 sani·

94 1972 202 2028 tatem
237 1966 362 2028 reverti
391 1963 640 2047 arbitrabatur,
674 1987 750 2031 cum
774 1965 824 2048 id,
859 1964 949 2050 quod
975 1973 1077 2029 antea

94 2069 224 2154 petenti
248 2066 460 2153 denegasset,
487 2068 577 2134 ultro
600 2068 826 2155 polliceretur,
853 2089 1099 2153 magnamques

96 2174 132 2235 in
157 2192 248 2256 spem
270 2168 430 2237 veniebat
446 2193 507 2258 pro
530 2174 600 2237 suis
617 2174 723 2238 tantis
738 2172 918 2259 populique
933 2172 1077 2237 Romani

96 2277 132 2339 in
168 2296 242 2339 eum
275 2273 459 2358 beneficiis,
494 2277 640 2360 cognitis
671 2277 744 2341 suis
779 2275 960 2364 postulatis
994 2275 1076 2359 fore,

96 2380 146 2442 uti
170 2379 363 2463 pertinacia
384 2378 574 2444 desisteret.
596 2378 680 2444 Dies
704 2378 871 2466 colloquio
895 2379 1006 2445 dictus
1023 2387 1076 2444 est

97 2505 140 2545 ex
164 2504 203 2545 eo
233 2480 288 2546 die
317 2484 464 2567 quintus.
508 2483 648 2548 Interim
677 2505 778 2569 saepe
805 2482 895 2548 ultro
926 2483 1099 2568 citroque4

97 2606 173 2651 cum
189 2585 295 2669 legati
319 2588 409 2652 inter
431 2609 488 2652 eos
506 2589 731 2671 mitterentur,
754 2587 948 2653 Ariovistus
962 2596 1076 2673 postu-

97 2690 194 2775 lavit,
217 2713 260 2756 ne
283 2713 380 2776 quem
403 2690 551 2778 peditem
573 2691 620 2757 ad
642 2690 845 2777 colloquium
866 2690 996 2756 Caesar
1018 2690 1077 2754 ad-

99 2793 254 2859 duceret:
276 2797 386 2860 vereri
411 2816 458 2879 se,
488 2818 530 2861 ne
552 2816 612 2881 per
635 2794 780 2860 insidias
804 2795 847 2860 ab
871 2817 909 2860 eo
936 2797 1077 2860 circum·

97 2899 287 2982 veniretur3
297 2907 439 2985 uterque
450 2921 525 2964 cum
539 2901 693 2991 equitatu
704 2902 851 2964 veniret:
865 2899 933 2963 alia
946 2901 1078 2963 ratione

99 3023 173 3065 sese
195 3023 263 3066 non
286 3024 360 3066 esse
375 3011 565 3068 venturum.
589 3001 728 3085 Cacsar,
745 3001 834 3088 quod
850 3024 957 3087 neque
973 3001 1100 3067 collo-⁶

98 3104 211 3190 quium
228 3106 429 3190 interposita
444 3129 549 3171 causa
566 3106 641 3172 tolli
656 3104 794 3172 volebat
809 3128 918 3191 neque
928 3105 1078 3172 'salutem

99 3230 194 3273 suam
206 3205 381 3275 Gallorum
398 3212 563 3296 equitatui
581 3213 790 3275 committere
807 3209 966 3293 audebat,
990 3232 1077 3275 com·

96 3311 328 3378 modissimum
343 3337 421 3379 esse
435 3317 567 3399 statuit,
584 3314 737 3380 omnibus
758 3316 852 3400 equis
861 3311 971 3379 Gallis
988 3316 1078 3399 equi·

97 3415 360 3483 tibusdetractis
369 3416 906 3503 eolegionariosmiliteslegionis
916 3416 1078 3502 decimae,

97 3521 152 3585 oui
180 3542 280 3608 quam
307 3525 455 3590 maxime
487 3520 690 3608 confidebat,
720 3524 899 3608 imponere,
922 3531 959 3588 ut
981 3543 1077 3608 prae·
