2376 3924
390 239 499 290 LIBER
516 239 538 303 l,
558 237 634 292 CAP.
654 241 747 291 7-10.
1052 243 1070 306 7

180 429 210 494 9.
243 430 510 517 Relinquebatur
532 456 600 498 una
622 456 682 519 per
705 432 879 519 Sequanos
901 436 968 517 via,
1003 456 1071 521 qua

95 531 260 619 Sequanis
274 535 390 600 invitis
403 545 539 622 propter
552 538 729 620 angustias
747 539 796 603 ire
819 559 886 603 non
902 547 1071 625 poterant.

93 636 158 702 His
171 659 248 703 oum
259 661 320 704 sua
333 647 452 724 sponte
470 638 675 724 persuadere
691 662 758 705 non
774 651 923 727 possent,
940 641 1094 725 legatosa

94 741 139 806 ad
162 741 407 827 Dumnorigem
429 741 584 809 Aeduum
607 745 761 828 mittunt,
791 755 829 811 ut
852 768 889 811 eo
915 745 1072 831 depreca-

92 854 166 911 tore
193 869 213 911 a
242 844 408 932 Sequanis
434 848 665 933 impetrarent.
700 849 890 915 Dumnorix
907 851 1020 933 gratia
1040 858 1095 914 ets

96 950 280 1034 largitione
293 951 385 1038 apud
402 949 576 1038 Sequanos
599 951 778 1039 plurimum
793 962 926 1040 poterat
944 961 976 1017 et
988 952 1073 1017 ¹Hel-

95 1055 197 1119 vetiis
215 1064 288 1120 erat
304 1057 445 1140 amicus,
470 1056 559 1142 quod
583 1078 627 1122 ex
642 1079 682 1122 ea
699 1059 841 1124 civitate
858 1057 1073 1142 Orgetorigis

93 1156 199 1223 filiam
222 1160 256 1223 in
272 1161 522 1226 matrimonium
539 1159 692 1244 duxerat,
717 1169 749 1225 et
773 1161 961 1245 cupiditate
977 1161 1074 1245 regni

94 1260 263 1328 adductus
286 1265 384 1329 novis
408 1262 508 1329 rebus
534 1263 693 1331 studebat
718 1273 751 1329 et
779 1285 879 1350 quam
910 1264 1073 1351 plurimas

95 1368 255 1433 civitates
287 1389 346 1432 suo
370 1366 535 1433 beneficio
567 1366 694 1433 habere
718 1366 902 1434 obstrictas
925 1366 1074 1432 volebat.

94 1471 215 1556 Itaque
237 1493 308 1536 rem
333 1472 475 1558 suscipit
497 1481 529 1536 et
553 1469 755 1558 aSequanis
771 1452 1000 1557 impetrarunt
1015 1483 1097 1556 per4

95 1573 179 1638 fines
203 1597 280 1640 suos
303 1575 481 1641 Helvetios
506 1577 555 1641 ire
578 1575 765 1662 patiantur,
800 1574 1002 1660 obsidesque
1025 1575 1074 1639 uti

97 1678 185 1743 inter
213 1701 287 1744 sese
312 1678 402 1763 dent,
425 1679 575 1765 perlicit:
600 1677 758 1765 Sequani,
782 1701 825 1744 ne
848 1680 971 1744 itinere
995 1677 1075 1742 Hel·

94 1783 203 1847 vetios
217 1781 436 1869 prohibeant3
459 1782 620 1866 Helvetii,
638 1792 675 1848 ut
692 1783 765 1848 sine
780 1780 945 1847 maleficio
969 1790 1003 1846 et
1027 1783 1075 1846 in·

93 1886 180 1950 iuria
203 1894 393 1952 transeant.

182 1986 232 2054 10.
256 1989 396 2057 Caesari
408 1990 624 2057 renuntiatur
635 1988 804 2056 Helvetiis
821 2012 896 2054 esse
911 1991 946 2054 in
962 1989 1075 2054 animo

92 2114 153 2178 per
177 2114 296 2177 agrum
320 2091 550 2180 Sequanorum
574 2101 606 2157 et
627 2091 821 2159 Aeduorum
844 2093 910 2157 iter
931 2093 967 2156 in
991 2090 1075 2156 San-

94 2204 210 2260 tonum
239 2196 322 2262 fines
351 2197 479 2282 facere,
507 2196 563 2283 qui
591 2218 659 2262 non
689 2195 790 2281 longe
818 2218 839 2261 a
862 2194 1074 2261 Tolosatium

93 2297 217 2364 finibus
241 2298 375 2385 absunt,
400 2322 485 2387 quae
500 2302 625 2366 civitas
643 2309 694 2365 est
710 2301 745 2366 in
760 2301 947 2386 provincia.
981 2298 1022 2363 Id
1046 2299 1096 2362 sia

97 2403 203 2488 fieret,
220 2403 447 2489 intellegebat
462 2425 586 2489 magno
610 2426 687 2470 oum
709 2402 857 2491 periculo
881 2403 1077 2489 provinciae

95 2507 254 2594 futurum,
277 2519 315 2574 ut
332 2509 484 2574 homines
508 2507 701 2590 bellicosos,
724 2505 838 2593 populi
854 2506 998 2572 Romani
1013 2507 1074 2570 ini.

94 2613 210 2696 mioos,
222 2611 309 2678 locis
321 2611 519 2698 patentibus
532 2612 744 2697 maximeque
756 2610 986 2675 frumentariis
1002 2609 1075 2674 fini-

94 2717 196 2781 timos
211 2715 365 2781 haberet.
401 2714 454 2782 Ob
479 2737 537 2780 eas
561 2736 684 2779 causas
708 2714 739 2778 ei
761 2713 952 2794 munitioni,
977 2727 1097 2798 quam³

95 2817 234 2903 fecerat,
272 2819 310 2885 Τ.
334 2819 524 2887 Labienum
553 2817 705 2902 legatum
727 2816 911 2902 praefecit3
944 2816 1017 2900 ipse
1040 2817 1076 2880 in

94 2921 232 2989 ltaliam
254 2926 390 3009 magnis
425 2922 604 2989 itineribus
639 2919 816 2986 contendit
850 2919 1001 3005 duasque
1029 2918 1077 2984 ibi

95 3025 246 3109 legiones
270 3026 455 3093 conscribit
479 3036 513 3091 et
535 3033 616 3109 tres,
641 3045 726 3111 quae
743 3025 869 3089 circum
884 3021 1077 3108 Aquileiam

95 3129 299 3213 hiemabant,
318 3153 359 3195 ex
377 3129 528 3195 hibernis
545 3128 660 3194 educit
677 3136 719 3212 et,
734 3149 799 3214 qua
811 3128 1000 3213 proximum
1012 3129 1078 3193 iter

96 3233 130 3296 in
165 3233 360 3300 ulteriorem
390 3231 540 3298 Galliam
570 3254 629 3318 per
651 3230 757 3317 Alpes
791 3240 881 3316 erat,
915 3253 990 3296 cum
1024 3229 1076 3295 his

96 3339 245 3423 quinque
268 3336 460 3420 legionibus
475 3337 524 3401 ire
547 3335 734 3401 contendit.
757 3334 810 3400 Ibi
833 3333 1019 3400 Ceutrones
1044 3344 1099 3400 ets

101 3437 275 3506 Graioceli
294 3448 326 3505 et
343 3437 524 3525 Caturiges
541 3440 624 3506 locis
650 3439 878 3526 superioribus
903 3441 1077 3526 occupatis

101 3544 223 3610 itinere
242 3546 428 3610 exercitum
443 3544 622 3630 prohibere
638 3553 813 3610 conantur.
843 3541 1099 3628 Compluribus⁵
