2376 3924
384 233 493 284 Lissa
511 234 547 297 ll,
567 233 643 284 GAP.
663 234 773 284 20-22.
1020 235 1061 299 73

165 426 216 489 21.
251 422 373 488 Caesar
401 426 549 489 contione
577 423 689 490 habita
712 420 884 490 Cordubae
913 425 1061 491 omnibus

78 532 259 617 generatim
281 530 402 613 gratias
425 530 507 613 agit:
537 526 662 592 civibus
677 528 842 611 Romanis,
865 528 952 614 quod
975 532 1060 616 oppi-

79 637 157 700 dum
180 637 213 699 in
236 654 294 698 sua
317 640 477 719 potestate
501 630 700 697 studuissent
728 631 866 715 habere;
896 633 1060 720 Hispanis,

79 738 166 824 quod
189 737 351 824 praesidia
373 737 587 823 expulissent3
611 736 792 819 Gaditanis,
817 737 904 822 quod
927 749 1061 804 conatus

80 843 342 907 adversariorum
356 844 566 927 infregissent
581 862 717 926 seseque
739 842 773 905 iu
795 840 978 908 libertatem
993 846 1060 909 vin·

79 947 255 1030 dicassent3
280 946 417 1012 tribunis
439 946 576 1011 militum
599 943 921 1030 centurionibusque,
945 950 1000 1032 qui
1023 970 1060 1012 co

78 1050 231 1135 praesidii
255 1073 354 1117 causa
380 1059 556 1133 venerant,
591 1049 678 1134 quod
707 1070 819 1113 corum
842 1051 974 1115 consilia
1002 1074 1060 1116 sua

77 1156 198 1219 virtute
214 1157 468 1220 confirmassent.
492 1155 661 1234 Pecunias,
685 1173 766 1238 quas
789 1163 883 1218 erant
904 1156 937 1218 in
960 1155 1081 1240 publi-a

79 1281 153 1323 cum
175 1260 316 1325 Varroni
339 1261 427 1324 cives
449 1259 587 1324 Romani
615 1257 760 1343 polliciti,
789 1259 939 1341 remittit;
974 1258 1060 1324 bona

78 1364 217 1426 restituit
239 1365 293 1445 iis,
329 1383 409 1447 quos
435 1361 568 1426 liberius
596 1359 719 1425 locutos
741 1359 826 1425 hanc
853 1372 1060 1446 poenamtu·

80 1466 154 1529 lisse
177 1473 382 1549 cognoverat.
411 1463 555 1529 Tributis
578 1462 774 1549 quibusdam
796 1462 932 1550 publicis
956 1468 1060 1551 priva-

79 1570 185 1652 tisque
208 1569 359 1652 praemiis
381 1566 521 1652 reliquos
544 1569 578 1631 in
600 1575 766 1652 posterum
787 1565 874 1632 bona
896 1589 954 1654 spe
977 1592 1059 1634 com-

80 1670 146 1755 plet
168 1670 367 1755 biduumque
390 1668 563 1735 Cordubae
592 1679 808 1735 commoratus
831 1669 943 1736 Gades
966 1673 1059 1759 profi·

79 1775 222 1857 ciscitur3
246 1776 400 1859 pecunias
423 1783 707 1859 monumentaque,
731 1795 815 1859 quae
831 1796 875 1839 ex
890 1775 965 1840 fano
977 1777 1081 1846 Her-c

79 1877 158 1942 culis
187 1878 302 1943 collata
330 1888 424 1943 erant
450 1881 483 1942 in
512 1879 674 1963 privatam
702 1877 850 1960 domum,
884 1879 999 1944 referri
1026 1884 1059 1946 in

78 1980 233 2067 templum
266 1982 364 2047 iubet.
415 1983 607 2049 Provinciae
641 1984 681 2064 Q.
716 1980 864 2048 Gessium
897 1984 1058 2069 praeficit3

78 2087 154 2151 huic
176 2104 230 2150 1111
252 2086 395 2171 legiones
427 2084 584 2152 attribuit.
630 2087 705 2171 Ipse
727 2087 765 2151 iis
787 2082 943 2168 navibus,
978 2108 1081 2172 quase

79 2191 123 2254 M.
148 2191 255 2254 Varro
279 2211 425 2275 quasque
442 2189 597 2256 Gaditani
619 2192 709 2254 iussu
723 2189 881 2254 Varronis
904 2189 1059 2273 fecerant,

79 2296 299 2359 Tarraconem
321 2295 432 2379 paucis
455 2293 569 2358 diebus
591 2295 749 2380 pervenit.
794 2291 845 2357 Ibi
873 2295 970 2358 totius
991 2293 1060 2358 fere

78 2401 233 2464 citerioris
248 2400 434 2485 provinciae
450 2398 626 2484 legationes
642 2397 790 2465 Gaesaris
813 2397 991 2462 adventum
1006 2418 1059 2461 ex-

78 2503 278 2588 spectabant.
294 2502 421 2567 Eadem
432 2504 558 2566 ratione
570 2504 722 2588 privatim
734 2524 772 2565 ac
785 2499 913 2587 publice
930 2499 1080 2585 quibus-⁵

79 2607 154 2670 dam
178 2605 363 2671 civitatibus
385 2605 505 2671 habitis
527 2604 705 2670 honoribus
721 2606 907 2669 Tarracone
923 2603 1060 2669 discedit

83 2708 286 2795 pedibusque
302 2709 490 2774 Narbonem
506 2718 604 2794 atque
619 2708 695 2773 inde
710 2707 887 2772 Massiliam
901 2709 1058 2792 pervenit.

79 2812 129 2875 lbi
164 2811 268 2896 legem
301 2812 342 2877 de
376 2812 534 2878 dictatore
567 2811 666 2876 latam
700 2832 835 2896 seseque
869 2811 1060 2877 dictatorem

79 2916 201 2980 dictum
224 2939 244 2981 a
266 2915 311 2981 Μ.
335 2916 461 3003 Lepido
485 2925 635 3002 praetore
658 2917 833 3000 cognoscit.

165 3019 215 3082 22.
251 3019 468 3086 Massilienses
491 3019 640 3085 omnibus
663 3019 781 3084 defessi
802 3020 904 3103 malis,
927 3021 975 3085 rei
997 3020 1060 3083 fru-

79 3125 259 3188 mentariae
288 3124 331 3189 ad
362 3147 522 3190 summam
543 3126 685 3211 inopiam
708 3123 850 3206 adducti,
880 3123 930 3188 bis
952 3121 1061 3187 navali

79 3226 199 3313 proelio
215 3229 367 3313 superati,
391 3227 513 3293 crebris
529 3227 750 3314 eruptionibus
765 3226 837 3309 fusi,
853 3228 946 3312 gravi
962 3227 1061 3290 etiam

79 3329 260 3416 pestilentia
290 3331 464 3396 conflictati
493 3353 536 3396 ex
565 3331 689 3396 diutina
713 3329 915 3396 conclusione
939 3337 972 3393 et
993 3350 1059 3393 mu-

80 3437 201 3500 tatione
216 3435 322 3499 victus
347 3430 477 3520 (panico
500 3435 586 3499 enim
601 3444 713 3500 vetere
735 3444 833 3519 atque
856 3433 977 3498 hordeo
993 3454 1059 3497 cor-

79 3546 175 3624 rupto
209 3560 320 3603 omnes
350 3535 535 3621 alebantur,
571 3538 724 3624 quod'ad
752 3535 936 3603 huiusmodi
964 3558 1059 3603 casus
