2376 3924
167 257 234 322 214
466 254 575 305 annm
595 249 846 305 rnnxlrrunm

166 471 199 513 sc
223 448 325 513 credit
348 458 445 534 atque
469 448 575 530 offert,
610 445 740 512 Cassius
770 454 890 510 eontra
910 434 976 511 suis
999 469 1036 511 sc
1060 455 1154 514 tenet

165 552 343 638 praesidiis,
367 555 435 616 sive
451 574 499 633 co,
523 551 610 636 quod
633 550 704 636 plus
726 549 787 615 sibi
809 552 887 615 iuris
910 549 1025 616 deberi
1048 571 1154 637 quam

165 656 318 720 Marcello
346 655 561 736 existimabat,
591 657 659 719 sive
688 677 743 738 eo,
772 654 875 740 quod,
903 677 944 718 ne
972 677 1154 740 praeoccu-

166 769 260 844 patus
283 761 408 824 animus
424 758 541 843 Lepidi
558 769 642 823 esset
665 756 819 842 obsequio
842 757 1033 841 adversarii,
1058 781 1154 824 vere-

145 864 272 932 abatur.
306 864 401 928 Ponit
423 862 466 926 ad
488 862 597 927 Uliam
619 870 727 927 castra
749 861 894 947 Lepidus
916 883 1025 946 neque
1048 862 1156 929 habet

167 993 186 1032 a
216 965 369 1032 Marcello
404 968 577 1050 quicquam
610 965 713 1029 divisi.
758 965 808 1029 Ne
837 973 1017 1050 pugnetur,
1054 969 1155 1033 inter-

167 1072 261 1153 dicit3
285 1071 327 1135 ad
351 1068 537 1134 exeundum
560 1069 707 1134 Cassium
728 1072 845 1134 invitat
866 1069 1032 1154 fidemque
1056 1093 1156 1137 suam

144 1178 198 1243 rin
221 1196 256 1239 re
279 1177 365 1240 omni
387 1176 569 1260 interponit.
614 1173 697 1240 Cum
719 1175 775 1239 diu
803 1174 983 1239 dubitasset
1006 1173 1156 1259 Cassius,

167 1279 244 1363 quid
267 1279 328 1343 sibi
350 1278 535 1343 faciendum
558 1278 680 1364 quidve
694 1278 819 1364 Lepido
836 1285 920 1342 esset
936 1277 1155 1363 credendum,

166 1403 272 1466 neque
293 1381 393 1446 ullum
417 1385 540 1447 exitum
563 1382 684 1447 consilii
707 1384 755 1447 sui
777 1383 949 1467 reperiret,
974 1383 1000 1446 si
1024 1405 1157 1468 perma-

167 1496 259 1550 neret
285 1487 319 1550 in
347 1489 519 1567 sententia,
554 1486 709 1571 postulat,
744 1488 789 1550 uti
821 1487 1015 1550 munitiones
1038 1485 1156 1553 disice

146 1599 293 1672 arentur,
318 1589 443 1676 sibique
476 1589 558 1654 liber
592 1593 700 1654 exitus
733 1589 876 1654 daretur.
921 1589 995 1653 Non
1018 1599 1154 1656 tantum

168 1694 299 1759 indutiis
322 1694 429 1777 factis,
458 1695 516 1758 sed
539 1718 639 1780 prope
662 1697 727 1758 iam
744 1712 825 1773 pace
853 1695 1027 1759 constituta
1051 1717 1156 1782 opera

170 1818 239 1860 crim
263 1796 520 1882 complanarent,
552 1799 782 1883 custodiaeque
804 1799 1019 1864 munitionum
1041 1811 1157 1866 essent

170 1901 339 1984 deductae,
362 1902 482 1965 auxilia
499 1905 584 1986 rogis
603 1904 635 1966 in
652 1903 685 1966 id
701 1902 866 1967 castellum
881 1901 1038 1985 Marcelli,
1063 1904 1156 1990 quod

169 2007 352 2089 proximum
376 2013 445 2068 erat
468 2007 553 2089 regis
577 2008 691 2069 castris
707 2028 812 2091 neque
829 2005 1035 2091 opinantibus
1052 2009 1155 2073 omni-

169 2107 229 2170 bus
254 2104 294 2192 (si
311 2116 419 2171 tamen
442 2109 475 2171 in
499 2108 646 2172 omnibus
662 2109 721 2173 fuit
737 2108 882 2174 Cassius:
905 2132 981 2173 nam
997 2108 1038 2173 de
1054 2110 1155 2176 huius

170 2212 365 2276 conscientia
380 2209 606 2297 dubitabatur)
623 2215 779 2298 impetum
794 2213 940 2278 fecerunt
956 2214 1155 2299 complures·

148 2336 232 2399 oque
255 2314 300 2379 ibi
322 2316 437 2380 milites
461 2327 696 2401 oppresserunt.
735 2316 831 2399 Quod
854 2319 914 2381 nisi
937 2315 1088 2382 celeriter
1110 2321 1155 2384 in·

170 2419 355 2503 dignatione
371 2428 403 2483 et
419 2420 537 2484 auxilio
550 2420 666 2506 Lepidi
679 2421 834 2506 proelium
847 2430 931 2486 esset
943 2420 1155 2508 diremptum,

171 2526 272 2589 maior
295 2523 461 2589 calamitas
485 2532 570 2588 esset
593 2534 736 2610 accepta.

257 2627 307 2691 64.
343 2627 425 2691 Cum
456 2630 517 2692 iter
546 2627 657 2692 Cassio
685 2629 883 2713 patefactum
912 2639 1012 2711 esset,
1044 2639 1157 2697 castra

172 2732 344 2795 Marcellus
377 2755 450 2795 cum
478 2732 604 2817 Lepido
638 2733 811 2816 coniungit.
857 2732 1002 2818 Lepidus
1036 2733 1156 2801 eodem

172 2845 316 2919 tompore
339 2835 576 2921 Marcellusque
600 2835 787 2900 Cordubam
816 2859 889 2901 cum
912 2838 989 2915 suis,
1020 2836 1156 2905 Cassius

151 2941 385 3024 rproliciscitur
402 2937 604 3003 Carmonem.
639 2938 708 3006 Sub
724 2939 810 3003 idem
825 2948 952 3025 tempus
968 2939 1156 3009 Trebonius

174 3042 344 3125 proconsul
366 3041 408 3105 ad
432 3046 630 3127 provinciam
647 3043 855 3108 obtinendam
870 3045 966 3108 venit.
993 3044 1044 3109 De
1061 3046 1158 3113 cuius

174 3143 318 3208 adventu
340 3153 376 3206 ut
398 3149 549 3229 cognovit
571 3146 715 3230 Cassius,
746 3148 902 3232 legiones,
932 3170 1014 3233 quas
1041 3170 1159 3219 secum

174 3247 348 3330 habuerat,
378 3251 620 3335 equitatumque
650 3255 682 3316 in
705 3252 841 3317 hiberna
871 3252 1049 3334 distribuit3
1084 3254 1159 3343 ipse

151 3352 321 3416 somnitus
344 3356 409 3417 suis
430 3353 528 3417 rebus
551 3354 697 3418 celeriter
719 3358 873 3440 correptis
896 3354 1059 3420 Malacam
1081 3356 1121 3425 ω’

173 3456 277 3520 tondit
300 3456 408 3542 ibique
432 3457 570 3522 adverso
593 3467 738 3545 tempore
756 3458 932 3544 navigandi
955 3481 1101 3526 navosc

174 3559 315 3641 scandit,
346 3569 380 3623 ut
403 3563 471 3645 ipse
494 3561 720 3645 praedicabat,
751 3584 792 3626 ne
815 3583 849 3626 se
872 3561 997 3646 Lepido
1020 3570 1077 3627 et·
