2376 3924
145 245 209 311 304
441 243 820 297 nnnnrmsromnnsrs

145 435 274 502 difficile
290 445 361 501 erat
381 436 480 519 factu,
503 444 539 502 ut
561 458 633 500 eam
655 444 779 501 turrem
801 438 870 501 sine
892 437 1033 523 periculo
1049 440 1122 522 quis

123 539 341 604 sincenderet.
385 539 437 604 Ita
467 536 565 625 [fune]
594 562 688 604 erure
717 539 856 625 deligato
887 562 961 605 eum
989 544 1122 627 propius

145 648 341 727 accessisset,
364 643 406 709 ab
430 644 599 730 oppidanis
623 654 672 709 est
694 647 826 710 oooisus.
872 646 998 711 Eadem
1026 654 1121 710 noete

144 748 313 834 transfuga
335 750 496 813 nuntiavit
517 749 708 834 Pompeium
730 757 763 813 et
777 748 960 815 Labienum
975 750 1016 815 de
1031 752 1122 834 iugu-

145 852 262 916 latione
285 851 520 938 oppidanorum
541 850 725 937 indignatos
748 874 828 916 esse.

235 953 282 1018 19.
312 954 431 1039 Vigilia
464 954 606 1019 seeundo
640 963 771 1040 propter
804 954 1042 1019 multitudinem
1076 965 1122 1020 te-

146 1057 249 1122 lorum
282 1059 379 1120 turris
413 1065 534 1139 nostra,
570 1063 653 1141 quae
687 1056 795 1141 lignea
828 1057 949 1138 fuisset,
984 1057 1026 1122 ab
1056 1061 1121 1123 imo

145 1164 261 1226 vitium
288 1162 364 1226 feeit
393 1182 496 1245 usque
526 1161 569 1226 ad
597 1160 778 1226 tabulatum
806 1161 984 1226 seeundum
1006 1170 1039 1225 et
1060 1170 1123 1225 ter-

124 1267 235 1329 etium.
280 1263 405 1328 Eodem
439 1272 584 1349 tempore
608 1287 666 1350 pro
699 1286 792 1329 muro
826 1274 1012 1350 pugnarunt
1035 1287 1122 1328 acer-

145 1373 226 1435 rime
249 1377 282 1433 et
302 1370 419 1434 turrim
441 1377 586 1432 nostram
606 1376 644 1432 ut
667 1369 867 1452 superiorem
893 1365 1119 1450 incenderunt,

144 1473 265 1538 ideireo
288 1471 375 1557 quod
397 1478 531 1536 ventum
554 1469 705 1555 oppidani
728 1469 906 1535 seeundum
927 1469 1120 1534 habuerunt.

124 1577 334 1661 aInsequenti
367 1574 438 1640 luee
471 1573 712 1638 materfamilias
743 1573 784 1638 de
812 1594 904 1637 muro
932 1595 966 1636 se
995 1572 1121 1656 deiecit,

146 1680 190 1744 ad
211 1702 269 1745 nos
292 1679 443 1744 transiliit
466 1678 613 1762 dixitque
629 1698 663 1741 se
679 1699 754 1740 eum
775 1675 897 1741 familia
912 1678 1123 1740 constitutum

147 1784 308 1867 habuisse,
332 1793 368 1849 ut
391 1806 456 1847 una
478 1782 720 1865 transfugerent
742 1780 785 1845 ad
808 1779 997 1845 Caesarem:
1035 1779 1123 1843 illam

125 1907 334 1972 roppressam
368 1896 400 1950 et
432 1885 614 1969 iugulatam
664 1886 737 1949 Hoe
773 1894 941 1969 praeterea
978 1893 1123 1970 tempore

146 1989 284 2054 tabellae
306 1989 348 2053 de
370 2010 462 2052 muro
486 1996 561 2050 sunt
583 1986 737 2067 deiectae,
771 1989 805 2050 in
828 1986 944 2071 quibus
967 1990 1123 2074 seriptum

147 2102 196 2157 est
217 2095 402 2157 inventum:
425 2081 474 2154 ‘L.
498 2090 665 2155 Munatius
689 2089 830 2154 Caesari.
865 2090 899 2156 si
922 2091 999 2155 mihi
1021 2094 1123 2156 vitam

147 2196 279 2278 tribues,
318 2195 470 2279 quoniam
504 2194 546 2259 ab
582 2192 639 2258 On.
675 2194 828 2279 Pompeio
858 2215 928 2258 sum
965 2193 1122 2277 desertus,

148 2300 277 2385 qualem
309 2321 360 2363 me
393 2298 437 2362 illi
471 2300 626 2385 praestiti,
662 2297 718 2362 tali
738 2299 859 2363 virtute
889 2307 922 2362 et
944 2302 1123 2363 constantia

126 2399 314 2490 affuturum]
352 2424 404 2466 me
440 2404 474 2467 in
510 2410 543 2466 te
581 2393 771 2487 praestabo'
816 2400 942 2466 Eodem
978 2409 1123 2486 tempore

148 2506 301 2592 oppidani
324 2505 431 2590 legati,
465 2507 520 2590 qui
543 2514 639 2570 antea
662 2507 819 2587 exierant,
843 2504 1016 2571 Caesarem
1039 2507 1123 2571 adie-

147 2623 239 2675 runt:
263 2611 289 2673 si
312 2608 373 2674 sibi
395 2611 496 2673 vitam
519 2609 720 2690 concederet,
755 2629 826 2673 sese
847 2611 1029 2694 insequenti
1052 2608 1123 2675 luee

127 2713 303 2799 eoppidum
347 2734 418 2777 esse
463 2711 637 2778 dedituros.
693 2709 820 2794 Quibus
863 2712 1044 2798 respondit:
1089 2735 1124 2778 se

149 2817 323 2883 Caesarem
357 2838 427 2881 esse
463 2815 628 2902 fidemque
665 2823 913 2901 praestaturum.
959 2817 1010 2881 Ita
1047 2825 1123 2881 ante

148 2921 234 2987 diem
267 2938 313 2985 xl.
337 2920 410 2985 Kal.
433 2920 530 2986 Mart.
565 2919 682 3004 oppido
716 2921 835 3005 potitus
867 2921 1042 3006 imperator
1076 2931 1125 2986 est

149 3024 337 3111 appellatus.

234 3129 285 3193 20.
309 3127 407 3210 Quod
443 3127 625 3213 Pompeius,
664 3148 707 3193 ex
743 3127 888 3213 perfugis
926 3149 1001 3192 eum
1037 3128 1123 3193 dedi-

148 3235 268 3298 tionem
304 3231 413 3318 oppidi
450 3232 570 3296 faetam
606 3253 677 3298 esse
714 3233 835 3314 scisset,
879 3240 987 3296 eastra
1023 3235 1125 3297 movit

148 3335 290 3402 Ueubim
313 3357 427 3402 versus
450 3344 483 3400 et
506 3337 628 3401 eireum
651 3358 690 3401 ea
712 3335 782 3400 loea
806 3335 937 3402 eastella
967 3335 1124 3422 disposuit

149 3448 182 3504 et
210 3439 441 3505 munitionibus
468 3461 503 3505 se
534 3442 698 3506 oontinere
727 3441 841 3526 eoepit,
878 3438 974 3501 etiam
1002 3436 1123 3502 Caesar

128 3545 251 3608 amovit
284 3551 316 3608 et
348 3545 480 3629 propius
517 3553 624 3608 eastra
661 3544 774 3608 eastris
812 3541 953 3607 eontulit.
998 3538 1124 3604 Eodem
