2376 3924
110 242 171 304 164
441 240 491 290 DE
510 239 630 290 BELLO
652 240 765 291 clvmr

110 432 196 517 quod
230 432 394 516 superiore
423 429 694 499 consulatucum
727 437 819 516 patre
846 429 1037 498 Ptolemaeo
1067 440 1101 498 et

109 536 180 620 lege
209 544 241 599 et
268 533 543 600 senatusconsulto
566 535 701 598 societas
724 543 794 598 erat
822 534 925 618 facta,
954 535 1101 601 ostendit

110 639 170 703 sibi
198 638 326 725 placere
353 660 465 725 regem
486 637 706 703 Ptolemaeum
734 648 832 724 atque
860 640 928 703 eius
951 660 1101 705 sororem

111 741 315 829 Cleopatram
331 743 502 824 exercituo,
527 762 606 826 quos
622 741 790 824 haberent,
813 740 977 807 dimittere
1000 752 1036 807 et
1059 742 1100 809 de

111 847 338 911 controversiis
359 846 429 908 iure
452 843 541 930 apud
564 866 598 909 se
613 846 718 930 potius
734 867 833 930 quam
847 847 931 911 inter
946 867 983 910 se
998 848 1101 911 armis

111 950 301 1035 disceptare.

199 1053 269 1117 108.
294 1054 375 1116 Erat
390 1054 423 1116 in
439 1054 665 1137 procuratione
686 1055 779 1137 regni
801 1062 934 1138 propter
956 1063 1102 1119 aetatem

113 1159 203 1243 pueri
225 1158 381 1220 nutricius
404 1158 481 1238 eius,
512 1156 678 1221 eunuchus
700 1157 829 1221 nomine
851 1156 1021 1221 Pothinus.
1068 1157 1102 1222 Is

113 1263 252 1347 primum
274 1263 357 1325 inter
380 1281 453 1325 suos
469 1262 561 1346 queri
576 1269 674 1344 atque
689 1260 851 1344 indignari
867 1261 974 1345 coepit
986 1283 1103 1346 regem

92 1365 156 1431 rad
179 1386 310 1428 causam
333 1363 505 1429 dicendam
527 1365 669 1448 evocari;
694 1363 811 1428 deinde
826 1363 990 1428 adiutores
1007 1386 1103 1451 quos-

114 1468 190 1533 dam
213 1468 334 1533 consilii
357 1470 406 1532 sui
428 1476 542 1532 nactus
565 1490 607 1531 ex
629 1469 715 1552 regis
743 1469 854 1532 amicis
877 1469 1061 1534 exercitum
1083 1493 1104 1535 a

113 1572 241 1638 Pelusio
270 1573 352 1637 clam
381 1571 616 1636 Alexandriam
645 1572 794 1635 evocavit
827 1579 924 1656 atque
958 1571 1104 1637 eundem

114 1675 291 1757 Achillam,
325 1678 416 1740 cuius
449 1697 548 1760 supra
569 1677 788 1756 meminimus,
823 1674 971 1740 omnibus
1000 1677 1104 1762 copiis

115 1780 278 1866 praefecit.
334 1780 432 1843 Hunc
465 1781 633 1842 incitatum
666 1781 733 1843 suis
765 1787 798 1843 et
831 1780 918 1862 regis
952 1778 1104 1844 inflatum

115 1882 394 1968 pollicitationibus
401 1931 409 1963 ,
440 1902 523 1966 quae
545 1882 616 1947 fieri
638 1881 750 1966 vellet,
779 1881 893 1947 litteris
914 1884 1104 1968 nuntiisque

93 1987 253 2051 sedoouit.
309 1987 347 2050 In
385 1995 577 2051 testamento
611 1986 787 2052 Ptolemaei
824 1987 925 2072 patris
962 1985 1105 2052 heredes

116 2099 209 2155 crant
238 2092 347 2175 scripti
381 2113 423 2154 ex
451 2090 577 2156 duobus
605 2089 677 2155 filiis
704 2092 806 2155 maior
840 2098 874 2155 et
900 2111 944 2155 ex
973 2088 1105 2156 duabus

115 2195 243 2260 filiabus
259 2217 307 2277 ea,
331 2217 414 2280 quae
431 2203 538 2260 aetate
560 2194 782 2260 antecedebat.
806 2195 899 2261 Haec
912 2195 961 2259 uti
974 2193 1104 2278 fierent,

116 2322 173 2385 per
197 2321 306 2364 omnes
325 2299 402 2364 deos
425 2321 546 2385 perque
561 2299 703 2382 foedera,
727 2319 810 2384 quae
825 2301 948 2364 Romae
962 2298 1104 2382 fecisset,

117 2405 232 2470 eodem
265 2412 458 2470 testamento
492 2403 695 2469 Ptolemaeus
731 2401 887 2489 populum
919 2404 1106 2469 Romanum

94 2508 350 2575 iobtestabatur.
395 2507 540 2573 Tabulae
569 2509 752 2572 testamenti
780 2528 865 2572 unae
893 2528 953 2593 per
980 2505 1107 2593 legatos

115 2614 186 2699 pius
208 2614 345 2679 Romam
369 2622 462 2677 erant
484 2611 615 2694 allatae,
638 2613 729 2675 utin
751 2611 876 2674 aerario
905 2619 1108 2696 ponerentur

118 2715 210 2801 (hae,
240 2739 314 2782 cum
342 2727 473 2804 propter
501 2715 647 2803 publicas
676 2716 902 2802 occupationes
935 2716 1012 2800 poni
1040 2736 1108 2781 non

119 2823 312 2908 potuissent,
341 2821 428 2907 apud
450 2822 639 2907 Pompeium
661 2827 736 2884 sunt
758 2813 955 2904 depositae),
983 2816 1109 2885 alterae

120 2929 233 2994 eodem
268 2927 417 3013 exemplo
450 2925 581 2991 relictae
615 2934 712 3009 atque
747 2922 936 3007 obsignatae
958 2919 1109 2989 ‘Alexan-

120 3036 210 3101 driae
234 3031 490 3120 proferebantur.

209 3136 279 3201 109.
313 3137 366 3200 De
394 3135 444 3199 his
472 3135 570 3199 rebus
598 3156 676 3198 cum
703 3140 856 3219 ageretur
878 3128 966 3216 apud
988 3127 1110 3197 Caesa·

120 3265 200 3325 rem,
224 3243 315 3326 isque
337 3240 479 3304 maxime
501 3238 598 3303 vellet
621 3260 680 3324 pro
703 3237 865 3302 communi
888 3234 991 3301 amico
1008 3242 1112 3320 atque

122 3345 245 3411 arbitro
269 3344 504 3409 controversias
527 3363 642 3426 regum
665 3360 867 3425 componere,
891 3335 998 3402 subito
1016 3358 1113 3405 exer·

123 3452 206 3516 citus
227 3450 336 3535 regius
358 3447 585 3532 equitatusque
613 3445 715 3508 omnis
737 3442 848 3506 venire
871 3437 1116 3511 Alexandriam

100 3557 298 3624 nnuntiatur.
336 3551 485 3618 Caesaris
508 3551 619 3636 copiae
641 3568 849 3634 nequaquam
870 3566 917 3611 en
