2376 3924
133 230 155 293 4
462 229 513 280 DE
532 229 653 280 BELLO
673 229 786 279 CIVILI

110 422 184 505 spei
211 421 294 483 mitti
322 416 504 483 videbatur.
549 419 690 483 Dixerat
717 417 831 504 aliquis
859 417 1013 483 leniorem
1041 439 1109 482 sen·

130 525 280 605 tentiam,
308 532 345 587 ut
372 524 475 608 primo
498 523 542 586 M.
566 521 754 606 Marcellus,
782 524 947 608 ingressus
975 524 1008 586 in
1037 543 1110 586 eam

130 629 322 711 orationem,
352 649 416 691 non
439 635 586 712 oportere
616 635 691 690 ante
714 624 754 689 de
777 648 816 689 ea
837 646 873 690 re
896 623 939 688 ad
962 634 1109 689 senatum

129 731 252 813 referri,
276 752 373 816 quam
396 730 538 794 delectus
560 738 628 794 tota
649 727 743 794 Italia
765 727 868 794 habiti
894 739 926 792 et
947 731 1109 793 exercitus

130 837 300 920 conscripti
323 844 444 918 essent,
473 855 536 919 quo
559 833 719 918 praesidio
749 841 818 897 tuto
842 842 874 897 et
896 832 996 897 libere
1019 855 1108 896 sena·

106 948 190 1021 utus,
215 960 297 1023 quae
319 937 425 1021 vellet,
448 937 622 1002 decernere
645 935 795 1021 auderet,
828 945 865 1000 ut
886 937 931 1002 M.
956 936 1108 1020 Calidius,

130 1045 184 1126 qui
212 1039 382 1125 censebat,
415 1050 452 1105 ut
473 1041 645 1125 Pompeius
672 1042 706 1104 in
735 1061 810 1104 suas
832 1042 1015 1125 provincias
1037 1063 1108 1126 pro-

127 1146 335 1230 ficisceretur,
368 1168 409 1210 ne
444 1168 508 1230 qua
541 1154 626 1209 essct
653 1166 817 1209 armorum
847 1165 960 1207 causa:
995 1145 1108 1208 timere

128 1247 301 1313 Caesarem
328 1251 446 1334 creptis
476 1246 518 1312 ab
548 1270 585 1312 eo
609 1246 736 1313 duabus
765 1244 959 1331 legionibus,
994 1270 1034 1310 ne
1064 1248 1108 1312 ad

127 1354 194 1415 eius
224 1353 401 1438 periculum
429 1373 598 1416 reservare
628 1361 661 1416 ct
685 1354 825 1416 retinere
848 1373 903 1417 eas
926 1351 968 1415 ad
991 1351 1107 1416 urbem

103 1457 297 1541 ⁴P0mpeius
330 1456 510 1539 videretur3
544 1465 581 1520 ut
608 1456 652 1520 M.
676 1456 796 1540 Rufus,
830 1458 885 1540 qui
914 1459 1107 1520 sententiam

104 1557 239 1623 ⁵Oalidii
268 1562 379 1645 paucis
413 1559 480 1623 fere
514 1561 646 1623 mutatis
678 1556 777 1623 rebus
810 1557 1016 1644 sequebatur.
1061 1560 1106 1624 Hi

95 1686 100 1695 ¹
126 1686 235 1728 omnes
265 1666 408 1728 convicio
436 1664 475 1728 L.
499 1662 630 1728 Lentuli
659 1663 796 1727 consulis
825 1666 964 1748 correpti
997 1666 1106 1750 exagi-

124 1765 286 1832 tabantur.
310 1767 468 1831 Lentulus
485 1769 677 1832 sententiam
693 1765 808 1832 Calidii
823 1769 1106 1852 pronuntiaturum

125 1892 158 1934 se
188 1873 315 1935 omnino
344 1873 485 1956 negavit.
531 1871 704 1935 Marcellus
733 1874 923 1956 perterritus
952 1874 1105 1936 conviciis

102 1995 143 2039 sa
166 1997 224 2039 sua
246 1976 404 2039 sententia
427 1968 580 2039 discessit.
627 1975 680 2040 Sic
702 1972 837 2039 vocibus
861 1975 1014 2059 consulis,
1042 1986 1104 2040 ter-

123 2100 195 2142 rore
228 2081 406 2164 praesentis
434 2081 611 2162 exercitus,
640 2080 734 2142 minis
766 2080 942 2143 amicorum
970 2080 1104 2165 Pompei

123 2182 266 2269 plerique
295 2183 449 2269 compulsi
476 2185 567 2248 inviti
596 2192 629 2247 ct
658 2185 760 2247 coacti
789 2184 945 2268 Scipionis
979 2192 1104 2249 senten-

121 2288 200 2350 tiam
222 2298 415 2373 sequuntur:
449 2290 495 2352 uti
518 2297 593 2352 ante
616 2296 738 2351 certam
761 2285 847 2350 diem
869 2285 990 2353 Cacsar
1012 2310 1103 2354 exer·

122 2393 221 2454 citum
255 2391 409 2475 dimittat3
445 2395 471 2455 si
493 2413 558 2456 non
585 2391 699 2472 faciat,
734 2412 808 2453 cum
841 2389 999 2456 adversus
1021 2415 1102 2457 rem·

100 2494 284 2579 rpublicam
312 2496 474 2560 facturum
501 2494 614 2559 videri.
659 2492 837 2558 Interccdit
858 2495 904 2558 M.
928 2493 1101 2578 Antonius,

100 2598 161 2679 aQ.
193 2597 338 2681 Cassius,
373 2599 493 2663 tribuni
521 2595 633 2683 plebis.
678 2597 831 2662 Refertur
864 2597 1031 2662 confestim
1059 2598 1101 2662 de

120 2704 346 2765 intercessione
359 2700 570 2766 tribunorum.
594 2702 757 2766 Dicuntur
773 2704 950 2765 sentcntiae
965 2724 1099 2787 graves3

120 2813 156 2865 nt
195 2807 329 2889 quisquc
369 2804 574 2870 acerbissime
610 2804 893 2890 crudelissimeque
923 2804 1022 2888 dixit,
1055 2807 1101 2870 ita

120 2927 217 2988 quam
239 2910 381 2970 maxime
404 2908 446 2973 ab
469 2911 604 2973 inimicis
628 2907 777 2974 Caesaris
800 2908 1011 2974 collaudatur.

205 3010 233 3074 3.
268 3012 367 3075 Misso
390 3011 432 3076 ad
454 3036 627 3099 vesperum
655 3022 770 3078 senatu
792 3035 918 3096 omnes,
947 3015 1002 3099 qui
1025 3023 1101 3080 sunt

118 3115 185 3176 cius
220 3112 354 3196 ordinis,
389 3117 583 3201 aPompcio
617 3126 802 3204 evocantur.
848 3115 980 3181 Laudat
1006 3117 1099 3183 Pom-

119 3219 209 3303 peius
237 3226 334 3302 atque
357 3220 390 3281 in
412 3229 576 3304 posterum
599 3221 783 3304 confirmat,
814 3223 977 3307 segniores
1006 3224 1098 3287 casti·

97 3332 175 3406 ngat
197 3331 294 3406 atque
317 3324 436 3387 incitet.
475 3323 568 3388 Multi
591 3324 733 3410 undique
756 3346 799 3388 ex
821 3322 986 3389 veteribus
1004 3324 1098 3390 Pom·

118 3429 169 3511 pei
192 3426 388 3490 exercitibus
411 3448 468 3512 spe
491 3431 707 3513 praemiorum
734 3438 831 3514 atque
853 3426 1002 3493 ordinum
1023 3449 1098 3495 evo·

116 3539 230 3594 cantur
236 3581 245 3616 ,
274 3531 365 3595 multi
388 3552 430 3596 ex
454 3530 580 3597 duabus
603 3531 796 3617 legionibus,
825 3553 909 3618 quae
936 3540 1012 3599 sunt
1032 3542 1099 3601 tra·
