2376 3924
146 214 210 279 243
484 214 594 266 sunm
612 213 783 266 armorui

147 413 239 490 gesta
254 427 313 490 pro
328 403 532 469 multitudine
547 403 713 468 hominum
727 426 840 469 rursus
855 425 890 469 se
905 403 1128 473 Adrumetum

123 510 284 594 trecepit3
308 507 426 573 deinde
449 510 558 594 paucis
581 517 654 594 post
676 507 790 573 diebus
806 516 919 594 equest
906 509 1009 574 tribus
1025 513 1128 597 copiis

127 612 190 678 ab
206 612 353 677 Labieno
376 611 525 677 adductis
547 634 659 677 rursus
675 610 863 677 Acillitanos
884 615 997 678 castris
1013 616 1127 752 positis

148 716 295 782 obsidere
318 718 431 802 coepit.

234 822 285 886 34.
309 822 373 889 Per
395 820 464 886 idt
451 819 637 907 t.cmpusC
661 820 830 888 Sallustius
852 821 995 909 Crispus,
1026 845 1127 908 quem

148 929 259 1012 paucis
294 936 368 990 ante
402 925 516 990 diebus
549 927 683 990 missum
705 949 725 990 a
748 925 888 992 Caesare
915 923 991 991 cum
1022 925 1126 992 classe

127 1030 449 1112 ademonstravimus,
473 1027 643 1093 Cercinam
665 1032 822 1114 pervenit.
857 1029 956 1096 Cuius
979 1030 1127 1096 adventu

148 1133 184 1199 C.
208 1133 375 1198 Decimius
397 1135 609 1218 quaestorius,
633 1135 688 1218 qui
703 1132 747 1198 ibi
763 1155 837 1197 oum
851 1134 969 1218 grandi
983 1134 1125 1200 familiae

147 1260 226 1304 suae
260 1235 421 1323 praesidio
455 1244 606 1322 praeerat
639 1240 841 1319 commeatui,
875 1236 1047 1323 parvulum
1069 1261 1125 1302 na·

146 1344 270 1427 vigium
302 1348 417 1404 nactus
451 1339 638 1405 conscendit
659 1363 699 1405 ac
720 1362 755 1404 se
777 1341 874 1426 fugae
908 1341 1124 1407 commendat.

125 1446 316 1513 ³Sallustius
350 1446 479 1509 interim
512 1452 643 1529 praetor
676 1467 695 1508 a
729 1443 940 1509 Cercinitanis
973 1455 1125 1531 receptus

146 1570 265 1635 magno
298 1552 434 1613 numero
467 1547 620 1612 frumenti
653 1549 784 1612 invento
817 1570 919 1613 naves
948 1537 1124 1633 onerarias,

147 1674 286 1738 quarum
308 1651 353 1716 ibi
376 1653 453 1716 satis
476 1674 596 1736 magna
629 1652 721 1737 copia
750 1650 819 1733 fuit,
854 1651 992 1737 complet
1024 1662 1125 1740 atque

125 1758 179 1820 rin
203 1765 310 1821 castra
333 1754 375 1819 ad
398 1754 572 1819 Caesarem
604 1757 709 1819 mittit.
734 1753 868 1820 Alienus
901 1757 1030 1820 interim
1053 1779 1125 1842 prc-

147 1858 257 1922 consul
280 1857 437 1942 Lilybaeo
461 1862 494 1923 in
517 1881 617 1923 naves
639 1861 803 1924 onerarias
824 1861 960 1946 imponit
981 1859 1124 1945 legiones

146 1978 219 2026 xtlt.
244 1970 277 2024 et
302 1978 389 2027 x1111.
419 1971 452 2026 et
485 1963 608 2046 equites
642 1961 752 2027 Gallos
786 1977 890 2041 Dccc,
924 1962 1124 2029 funditorum

147 2065 450 2149 sagittariorumque
484 2063 568 2128 mille
591 2087 630 2129 ac
652 2065 830 2130 secundum
853 2075 1068 2132 commeatum
1090 2069 1124 2133 in

125 2166 294 2233 sAfricam
323 2169 420 2231 mittit
441 2166 484 2231 ad
507 2166 690 2233 Caesarem.
737 2169 831 2250 Quae
859 2191 960 2234 naves
988 2178 1124 2236 ventum

146 2271 324 2338 secundum
358 2280 472 2336 nactae
506 2281 621 2356 quarto
652 2272 704 2336 die
727 2274 760 2336 in
783 2281 912 2358 portum
940 2272 983 2338 ad
1009 2276 1124 2361 Ruspi·

147 2400 232 2460 nam,
266 2376 323 2440 ubi
346 2375 467 2441 Caesar
500 2385 607 2440 castra
640 2374 809 2458 habuerat,
843 2375 1019 2442 incolumes
1052 2401 1124 2465 per-

124 2490 314 2547 svenerunt.
359 2479 411 2544 Ita
433 2477 554 2543 Caesar
587 2477 706 2564 duplici
740 2477 861 2544 laetitia
889 2501 928 2543 ac
956 2479 1123 2567 voluptate

145 2607 209 2649 uno
229 2594 383 2670 tempore
405 2592 529 2665 auctus,
563 2582 724 2647 frumento
753 2581 955 2668 auxiliisque,
989 2584 1124 2650 tandem

145 2689 210 2751 suis
243 2686 388 2752 hilaratis
425 2708 618 2772 annonaque
655 2685 762 2750 levata
799 2684 1045 2753 sollicitudinem
1068 2689 1122 2754 de·

92 2826 94 2830 *
146 2793 244 2875 ponit,
268 2789 409 2875 legiones
432 2792 621 2875 equitesque
637 2812 680 2854 ex
702 2789 841 2854 navibus
864 2811 1011 2874 egressos
1033 2791 1125 2859 iubet

146 2914 189 2956 ex
211 2892 366 2978 languore
394 2913 580 2978 nauseaque
610 2893 754 2977 reficere,
793 2892 913 2959 divisos
934 2895 968 2960 in
991 2894 1123 2961 castella

146 2997 403 3081 munitionesque
426 2996 574 3082 disponit.

232 3097 283 3162 35.
309 3098 434 3180 Quibus
463 3099 561 3164 rebus
584 3100 690 3186 Scipio
714 3102 834 3186 quique
856 3122 931 3165 cum
953 3123 991 3166 eo
1015 3111 1124 3168 essent

145 3199 301 3289 [comites]
323 3204 434 3267 mirari
449 3212 482 3268 et
503 3206 685 3288 requirere:
709 3203 744 3269 C.
761 3203 944 3288 Caesarem,
968 3206 1023 3290 qui
1038 3203 1122 3270 ultro

146 3316 332 3372 consuesset
353 3306 473 3372 bellum
495 3308 613 3372 inferre
636 3331 675 3373 ac
697 3308 853 3373 lacessere
869 3307 999 3394 proelio,
1015 3306 1123 3373 subito

146 3421 377 3478 commutatum
400 3434 465 3477 non
487 3414 555 3476 sine
577 3434 695 3498 magno
711 3411 840 3479 consilio
864 3410 1122 3499 suspicabantur.

126 3516 264 3601 altaque
301 3538 344 3581 ex
389 3518 457 3582 eius
501 3518 657 3602 patientia
700 3518 733 3581 in
777 3537 932 3601 magnum
975 3516 1126 3583 timorem
