2376 3924
451 248 528 301 GAP.
545 250 655 300 22—25.
975 250 1035 313 241

63 450 157 505 extra
179 440 299 505 vallum
321 443 483 526 progressi
506 449 623 523 essent,
657 441 823 526 excipere3
860 444 905 505 ita
928 462 1038 506 omnes

63 544 267 609 adversarios
289 546 375 608 intra
397 546 590 609 munitiones
613 546 787 608 continere.
812 544 887 627 Qua
908 566 945 608 re
961 543 1061 609 Cae-⁸

63 652 181 713 sariani
203 651 296 733 gravi
319 671 447 713 annona
470 658 544 713 sunt
559 648 742 731 conflictati,
765 648 838 713 ideo
861 648 948 733 quod
963 671 1039 714 non-

64 753 141 817 dum
163 774 269 838 neque
292 751 333 816 ab
350 752 458 818 Sicilia
480 774 586 837 nequc
609 751 651 817 ab
668 752 819 818 Sardinia
841 761 1039 817 commeatus

64 864 270 941 supportatus
301 865 380 937 erat,
413 876 519 941 neque
549 878 607 942 per
637 858 714 920 anni
741 865 868 942 tempus
896 859 929 921 in
957 858 1039 920 mari

63 958 180 1023 classes
203 962 270 1024 sine
293 960 435 1046 periculo
450 962 565 1044 vagari
588 968 752 1045 poterant3
776 982 881 1045 neque
903 960 1040 1046 amplius

61 1062 149 1126 milia
171 1085 325 1150 passuum
349 1081 384 1127 vl
408 1073 515 1128 terrae
531 1062 664 1127 Africae
680 1085 808 1149 quoquo
824 1085 938 1128 versus
954 1072 1039 1128 tene-

61 1164 141 1230 bant
162 1165 337 1252 pabulique
358 1168 467 1251 inopia
489 1164 729 1251 premebantur.
753 1167 828 1248 Qua
847 1170 1060 1232 necessitate⁴

62 1272 164 1334 coacti
186 1273 333 1335 veterani
362 1269 477 1334 milites
506 1273 704 1355 equitesque,
738 1274 793 1356 qui
821 1271 923 1336 multa
951 1280 1039 1336 terra

61 1377 208 1459 marique
245 1372 330 1438 bella
367 1374 580 1439 confecissent
613 1383 646 1439 et
682 1374 830 1461 periculis
866 1377 1039 1461 inopiaque

62 1479 117 1541 tali
140 1499 237 1564 saepe
261 1486 369 1542 essent
391 1477 576 1560 conflictati,
599 1477 714 1563 algae
737 1477 829 1543 litore
851 1479 984 1543 collecta
1007 1486 1040 1542 et

62 1603 147 1666 aqua
181 1581 267 1647 dulci
295 1581 381 1647 eluta
403 1584 502 1646 etita
530 1584 680 1647 iumentis
714 1582 929 1647 esurientibus
962 1582 1039 1647 data

61 1688 162 1749 vitam
185 1707 296 1750 eorum
318 1684 551 1772 producebant.

148 1789 199 1852 25.
223 1790 313 1853 Dum
343 1788 425 1853 haec
457 1791 503 1853 ita
535 1789 660 1872 fierent,
694 1812 755 1853 rex
787 1788 871 1855 Iuba
904 1792 1039 1875 cognitis

62 1891 210 1957 Caesaris
244 1892 488 1959 difficultatibus
521 1896 751 1980 copiarumque
784 1895 946 1980 paucitate
974 1917 1039 1959 non

61 2005 110 2060 est
132 1999 237 2061 visum
261 1997 332 2062 dari
359 2000 499 2084 spatium
527 1997 774 2063 convalescendi
804 1998 1039 2083 augendarum·

62 2121 124 2183 qne
148 2103 215 2164 eius
238 2123 345 2186 opum.
390 2103 506 2187 Itaque
529 2103 724 2188 comparatis
746 2104 891 2188 equitum
913 2104 1039 2186 magnis

63 2203 271 2290 peditumque
294 2207 393 2290 copiis
416 2204 559 2270 subsidio
582 2207 648 2270 suis
670 2226 820 2290 egressus
834 2227 853 2269 e
867 2226 969 2289 regno
992 2206 1039 2269 ire

62 2306 236 2370 contendit.
274 2307 311 2371 P.
335 2307 447 2373 Sittius
480 2309 610 2372 interim
638 2316 672 2372 et
700 2329 761 2371 rex
788 2307 938 2373 Bocchus
967 2325 1062 2371 con-²

62 2412 178 2474 iunctis
201 2411 266 2473 suis
289 2411 389 2495 copiis
411 2412 538 2495 cognito
567 2412 654 2496 regis
675 2408 778 2475 Iubae
807 2430 940 2495 egressu
959 2432 1039 2501 *pro

62 2515 133 2598 pius
156 2517 223 2577 eius
245 2534 383 2598 regnum
405 2515 513 2599 copias
535 2533 611 2578 suas
633 2512 818 2597 admovere,
841 2510 1039 2599 Cirtamque,

63 2616 216 2701 oppidum
253 2616 527 2703 opulentissimum
563 2619 632 2683 eius
668 2618 777 2701 regni,
813 2634 872 2681 rec
906 2615 1040 2683 adortus

62 2722 173 2804 paucis
211 2718 325 2785 diebus
362 2719 538 2806 pugnando
576 2721 663 2806 capit
698 2727 732 2784 et
769 2728 938 2805 praetereo
973 2717 1039 2787 duo

63 2824 182 2909 oppida
197 2824 418 2890 Gaetulorum.
443 2822 571 2908 Quibus
593 2846 669 2889 cum
684 2822 907 2890 condicionem
926 2822 1060 2909 ferrugo

62 2937 97 2991 ut
120 2928 237 3014 oppido
266 2928 463 2993 excederent
489 2926 589 3013 idque
610 2926 672 2993 sibi
693 2948 835 2993 vacuum
860 2926 1044 2995 undasne

62 3033 347 3118 condicionemque
380 3030 615 3117 repudiassent,
659 3038 772 3119 postea
804 3028 848 3097 ub
880 3052 920 3099 eo
951 3047 976 3099 ot

62 3137 286 3222 interfectique
323 3144 400 3201 sunt
435 3156 555 3201 omnes.
599 3133 682 3200 Inde
718 3154 910 3223 progrcssus
923 3140 948 3205 t

62 3240 245 3326 oppidaque
260 3261 383 3305 vexare
405 3260 470 3305 non
493 3237 623 3303 destitit.
647 3236 776 3322 Quibus
788 3236 928 3305 rubum

61 3343 153 3427 Iuba,
178 3364 251 3409 cum
273 3345 338 3407 iam
360 3364 425 3407 non
452 3342 547 3427 longe
580 3340 623 3407 ub
656 3342 806 3429 Scipione
838 3334 948 3431 atquc·

61 3447 198 3512 ducibus
233 3446 371 3530 abesset,
409 3448 496 3533 capit
527 3445 705 3531 consilium,
739 3446 841 3511 sotius
872 3461 952 3517 euw-

61 3573 183 3636 suoque
205 3574 307 3637 regno
329 3549 474 3617 subsidio
502 3552 561 3634 ire,
595 3570 705 3637 quum,
738 3548 818 3617 dum
843 3550 925 3707 elio:
946 3574 964 3625 t

112 3658 198 3703 cusu.
215 3658 243 3702 n.
913 3656 940 3710 u
