2376 3924
92 228 179 277 XLVI
385 223 596 276 ADNOTATIO
616 224 760 275 dalrici

91 417 177 467 forma
200 417 229 464 in
254 414 427 464 Caesarianis
451 414 540 478 iisque
564 413 699 464 adiunctis
727 415 926 465 commentariis
954 420 1071 478 exstare,

18 555 22 560 ,
93 507 165 552 reete
184 502 288 551 monuit
306 501 336 551 C.
354 499 496 551 Pleiseher
513 516 577 549 ann.
594 498 661 565 phil.
679 505 698 552 t.
718 501 775 563 11⁷,
793 517 819 565 p.
838 501 897 550 281.

195 604 219 637 c.
232 587 272 648 93,
288 588 316 635 l:
336 585 463 637 auimum
475 582 681 653 advertissem]
700 586 740 635 sio
754 601 781 647 a,
800 584 927 637 auimum
939 584 1072 638 meinrad-

92 672 241 725 aertisscut
259 671 286 735 ἰ,
313 672 413 737 reliqui
431 669 699 722 animaduertissem
717 676 744 720 et
762 672 802 720 sic
819 670 985 736 Nipperdey.

195 776 217 809 o.
236 759 278 817 94,
297 762 326 807 5:
346 755 412 808 aliis
431 770 537 822 quaque
550 754 683 825 diffisus]
702 770 808 823 quoque
820 773 887 807 corr.
900 757 1071 824 Nipperdey;

92 844 156 894 libri
178 843 305 909 aliisque.

195 947 217 980 c.
236 929 278 991 95,
297 931 325 978 3:
352 942 418 978 riam
437 926 486 992 qui
508 926 585 979 acie
608 926 793 997 rcfuperaut]
822 930 862 978 sis
880 933 911 979 ut
929 935 1012 980 antea
1030 946 1071 981 se-

91 1017 208 1065 cundum
228 1013 305 1064 codd.
324 1013 433 1077 scripsi,
452 1017 544 1078 spreta
561 1015 762 1078 praepositione
780 1028 831 1079 ea,
857 1030 938 1079 quam
956 1016 1071 1081 Nipper-

92 1101 144 1165 dey
162 1105 189 1150 et
207 1101 305 1149 Dinter
323 1097 460 1163 Stephano
479 1102 589 1148 auctore
607 1103 670 1147 ante
690 1099 750 1151 acs'e
767 1101 950 1154 inseruerunt.
976 1083 1086 1152 necess

93 1188 165 1236 saria
190 1190 249 1236 erat
277 1184 346 1234 baec
372 1184 536 1248 praepositio
567 1199 648 1248 supra
678 1200 701 1233 c.
725 1186 772 1248 29,
796 1187 825 1234 1:
856 1186 931 1236 iuxta
957 1188 1072 1237 verbum

93 1271 207 1336 simplex
225 1268 323 1336 fugere
342 1271 387 1333 (ca
405 1268 509 1336 oppido
527 1267 623 1337 sapit).
1109 1267 1111 1273 ’

195 1372 218 1406 c.
238 1357 296 1415 101,
314 1359 345 1405 4:
374 1353 544 1421 Cassiusque
571 1355 609 1406 acl
637 1354 834 1422 Sulpicianam
861 1355 928 1409 iude
955 1355 1072 1410 classem

51 1443 54 1450 '
90 1440 237 1509 profectus
256 1445 298 1495 est
319 1442 462 1508 Vibauem,
488 1441 695 1509 applicatisque
712 1442 820 1494 uostris
839 1441 877 1494 ad
896 1447 1002 1494 terram
1018 1459 1072 1495 aa·

93 1527 174 1580 asbus
199 1527 330 1595 [propter
353 1527 470 1580 eumdem
496 1526 630 1596 timorem]
651 1527 721 1595 pari
744 1532 828 1595 atque
851 1532 937 1580 autea
959 1528 1072 1582 ratione

95 1613 209 1682 [eperat]
232 1613 386 1666 secuudum
409 1616 512 1665 uactus
537 1616 649 1664 acutum
672 1613 821 1665 caesarias
842 1628 927 1666 uaces
947 1613 1072 1682 [circiter

93 1699 160 1767 XL]
176 1703 371 1766 praeparatas
385 1697 424 1749 ad
436 1697 598 1749 iuceudr'um
615 1696 750 1766 immisit]
769 1699 853 1749 verba
866 1704 986 1766 propter
1004 1716 1072 1752 eum·

94 1785 155 1837 dem
173 1785 298 1836 timorem
316 1786 371 1833 iam
388 1785 417 1832 in
434 1785 525 1848 priore
544 1783 663 1833 editione
675 1791 706 1833 ut
718 1785 811 1849 spuria
823 1785 937 1850 inclusi3
955 1790 1074 1837 assensit

93 1872 206 1921 Kraner.
236 1886 306 1934 quae
325 1873 397 1920 enim
417 1876 497 1920 antea
515 1870 547 1919 de
560 1871 747 1934 Pomponiana
767 1869 855 1921 classe
873 1877 982 1922 narrata
1001 1879 1072 1938 sunt,

94 1973 153 2007 earn
176 1959 335 2021 imparatam
363 1961 390 2005 et
417 1956 605 2006 defensoribus
629 1970 743 2005 vacuam
768 1971 785 2005 a
810 1955 905 2007 Cassio
931 1957 1072 2008 incensam

95 2059 166 2104 esse,
194 2058 248 2091 non
272 2043 311 2090 ita
334 2046 490 2106 comparata
517 2046 591 2104 sunt,
618 2047 649 2091 ut
672 2042 727 2091 iam
751 2042 830 2106 sequi
852 2044 939 2107 possit
952 2047 1072 2110 propter

94 2127 211 2180 sucidam
230 2125 362 2191 timorem,
382 2133 519 2190 tamqnam
537 2127 662 2192 exemplo
681 2126 776 2176 classis
788 2128 991 2193 Pomponianse
1011 2129 1073 2180 Sul-

94 2216 218 2280 picianae
245 2229 329 2263 naves
357 2213 393 2264 ad
419 2219 519 2262 terram
546 2212 699 2278 applicatae
729 2218 827 2263 essent
863 2220 984 2266 ceterum
1011 2233 1073 2267 oum

95 2301 212 2352 bostium
239 2301 335 2350 classis
362 2299 534 2359 adventaret,
561 2300 718 2350 necessario
741 2298 793 2349 hae
811 2314 896 2350 naves
921 2302 955 2352 ad
973 2309 1072 2353 terram

95 2388 228 2454 applicari
246 2387 390 2447 debebant,
409 2386 480 2450 quod
499 2386 558 2436 sine
578 2385 664 2435 milite
683 2389 768 2435 erant.
791 2386 928 2451 praesidio
948 2390 1021 2438 enim
1037 2389 1073 2438 iis

95 2489 155 2524 esse
178 2473 315 2523 debebant
337 2473 483 2538 legionarii
505 2471 548 2520 illi
565 2487 598 2521 cx
616 2487 727 2520 numero
746 2485 889 2536 aegrorum
908 2474 1013 2524 Vibone
1031 2491 1072 2525 re-

96 2559 154 2609 licti
177 2559 210 2625 (ξ.
228 2559 268 2624 5),
296 2560 369 2623 iique
393 2559 443 2608 etsi
467 2573 541 2620 sero,
569 2573 629 2607 oum
652 2558 707 2606 iam
732 2558 851 2622 quinque
875 2574 958 2610 naves
982 2567 1074 2611 essent

96 2646 266 2707 combustae,
293 2646 413 2710 integras
438 2642 655 2694 conscenderunt
677 2647 703 2690 et
726 2643 753 2690 in
774 2641 933 2694 Cassianam
957 2646 1073 2697 classem

94 2734 224 2797 impetum
250 2731 381 2781 fecerunt.
404 2759 437 2768 -
461 2730 575 2780 verbum
596 2732 726 2796 eperunt,
755 2725 827 2792 qaod
845 2729 909 2780 libri
927 2738 989 2796 post
1002 2733 1074 2800 pari

98 2821 181 2882 atque
204 2820 289 2868 autea
312 2815 425 2868 ratiaae
449 2816 563 2879 habent,
590 2817 648 2865 iure
666 2813 824 2879 Nipperdey
841 2821 872 2866 ut
889 2819 1011 2883 spurium
1033 2821 1074 2870 in·

97 2902 184 2953 clusit.
215 2918 275 2952 oum
299 2918 363 2951 vero
387 2903 416 2951 in
440 2902 545 2967 aliquot
567 2902 644 2952 libris
658 2890 730 2965 'post
751 2899 802 2950 hoo
821 2904 936 2954 verbum
955 2903 1073 2959 Cassam

95 2990 223 3053 seriptum
247 2991 293 3050 sit,
320 2989 496 3039 verisimilius
514 2991 623 3040 videtur
646 2990 821 3052 interpretem
845 2990 882 3041 ad
899 2994 984 3043 verba
1002 2994 1074 3060 perri

97 3079 179 3140 atque
205 3078 290 3126 autea
317 3073 428 3125 ratiaae
451 3076 595 3126 adnotasse
618 3089 655 3127 sc.
681 3077 775 3142 eperat
793 3073 953 3145 (Cassius),
980 3081 1073 3146 itaque

97 3163 166 3212 bane
184 3161 262 3210 verbi
279 3159 392 3210 formam
411 3161 439 3209 in
457 3163 535 3212 uncis
554 3165 641 3228 posui.
671 3158 758 3232 (epe'r
773 3158 857 3215 habet
874 3161 912 3228 f).
934 3192 969 3203 —
991 3165 1073 3230 plane

95 3246 254 3299 incredibile
283 3261 341 3295 esse
366 3249 505 3297 onerarias
532 3264 616 3298 naves
642 3248 756 3302 circiter
774 3249 832 3303 XL
856 3251 891 3301 ad
916 3251 1073 3303 incendium

95 3338 270 3402 praeparatas
290 3347 305 3381 a
324 3330 418 3381 Cassio
436 3332 574 3384 immissas
593 3350 661 3398 esse,
680 3338 738 3386 iure
758 3337 897 3387 contendit
907 3337 1073 3405 Nipperdey.

96 3437 191 3487 parum
202 3434 267 3469 vero
280 3417 377 3483 placet,
397 3417 470 3480 quod
482 3417 554 3469 huno
573 3436 715 3472 nnmerum
733 3427 793 3488 post
810 3419 932 3474 movibus
950 3423 1073 3476 inseruit.

96 3508 186 3572 potius
211 3522 272 3556 curn
295 3504 525 3557 Forchhammero
552 3506 708 3559 faciendum
731 3514 787 3569 est,
815 3509 863 3574 qui
884 3506 997 3562 circiter
1015 3510 1074 3565 XL
