2376 3924
127 223 189 286 160
428 225 478 274 nn
496 223 616 274 annno
636 188 795 274 carnaco

125 414 170 480 ad
203 414 329 480 bellum
351 413 559 499 Ambiorigis
577 416 764 502 profectus
798 435 858 500 per
880 414 1100 482 Arduennam

126 518 256 602 silvam,
280 541 368 605 qnae
394 527 444 583 est
468 519 573 584 totius
598 515 734 584 Galliae
757 520 907 584 maxima
931 529 1033 606 atque
1057 520 1100 586 ab

124 624 206 708 ripis
229 623 336 688 Rheni
363 623 553 708 finibusque
568 623 792 689 Treverorum
807 622 852 688 ad
866 623 1010 688 Nervios
1028 647 1102 709 per-

122 729 208 792 tinet
221 727 422 814 milibusque
435 728 577 813 amplius
594 728 787 813 quingentis
805 729 839 791 in
855 726 1101 811 longitudinem

122 841 227 916 patet,
250 831 393 896 Lucium
415 831 600 896 Minucium
622 829 774 896 Basilum
796 853 873 897 cum
895 833 984 897 omni
1008 835 1101 920 equi·

123 943 197 1000 tatu
220 936 416 1020 praemittit,
441 937 468 1000 si
492 934 573 1021 quid
589 935 765 1000 celeritate
780 936 912 1000 itineris
928 945 1029 1021 atque
1045 958 1100 1022 op·

100 1042 330 1126 oportunitate
363 1041 522 1124 temporis
557 1040 719 1124 proficere
753 1048 883 1125 posset3
916 1049 1039 1122 monet,
1063 1051 1100 1104 ut

123 1146 219 1226 ignes
250 1145 284 1207 in
309 1144 432 1208 castris
462 1143 536 1208 fieri
565 1142 754 1228 prohibeat,
789 1164 918 1228 nequa
943 1145 1014 1207 eius
1038 1143 1099 1208 ad·

120 1255 241 1311 ventus
266 1246 382 1332 procul
407 1247 611 1329 significatio
634 1247 711 1330 fiat3
735 1269 809 1310 sese
824 1247 1001 1310 confestim
1018 1245 1098 1311 sub·

122 1354 215 1435 sequi
239 1349 333 1415 dicit.
370 1349 374 1353 ’

224 1451 274 1520 30.
289 1453 436 1538 Basilus,
460 1465 497 1520 nt
513 1456 712 1541 imperatum
730 1462 791 1537 est,
815 1454 908 1519 facit.
932 1450 1099 1519 Celeriter

120 1566 303 1644 contraque
317 1560 463 1623 omnium
476 1558 826 1644 opinionemconfecto
839 1558 962 1622 itinere
972 1557 1096 1623 multos

120 1664 153 1725 in
178 1664 269 1745 agris
287 1664 502 1748 inopinantes
520 1661 756 1748 deprehendit3
780 1684 893 1728 eorum
909 1661 1035 1727 indicio
1052 1663 1095 1727 ad

119 1768 227 1850 ipsum
242 1765 473 1849 Ambiorigem
489 1765 675 1850 contendit,
701 1787 764 1852 quo
783 1768 817 1830 in
830 1765 905 1831 loco
921 1788 999 1831 cnm
1012 1787 1095 1851 pau·

96 1871 167 1933 reis
191 1869 359 1955 equitibus
384 1892 457 1933 esse
481 1868 669 1934 dicebatur.
692 1869 835 1934 Multum
851 1891 926 1934 cum
942 1871 976 1933 in
993 1872 1094 1934 omni-

117 1972 180 2038 bus
204 1972 304 2038 rebus
328 1982 399 2038 tum
421 1975 456 2036 in
480 1995 517 2037 re
539 1971 681 2039 militari
704 1982 816 2059 potest
839 1973 984 2038 fortuna.
1008 1973 1095 2037 Nam

118 2077 204 2140 sicut
227 2097 349 2160 magno
373 2074 500 2141 accidit
522 2098 615 2159 casu,
649 2086 686 2141 ut
716 2078 750 2140 in
779 2077 889 2162 ipsum
921 2076 1094 2141 incautum

117 2181 219 2244 etiam
242 2188 343 2264 atque
366 2181 567 2264 imparatum
585 2179 762 2265 incideret,
774 2182 932 2266 priusque
948 2181 1020 2245 eins
1037 2180 1093 2245 ad-

116 2292 236 2348 ventus
255 2283 298 2348 ab
311 2283 464 2349 omnibus
477 2284 659 2369 videretur,
677 2305 775 2370 quam
791 2285 882 2349 fama
898 2305 938 2350 ac
954 2285 1093 2349 nuntius

117 2387 301 2471 afferretur,
330 2389 379 2452 sic
403 2408 547 2470 magnae
569 2388 633 2452 fuit
658 2388 816 2453 fortunae
840 2388 929 2453 omni
953 2386 1093 2453 militari

115 2492 347 2577 instrumento,
371 2491 460 2579 quod
475 2494 600 2558 circum
617 2514 653 2556 se
668 2491 827 2575 habebat,
852 2501 978 2577 erepto,
1001 2492 1092 2557 redis

93 2596 275 2680 aequisque
289 2596 540 2682 comprehensis
556 2599 665 2681 ipsum
681 2595 827 2679 effugere
848 2605 1001 2660 mortem.
1025 2594 1093 2661 Sed

115 2697 176 2763 hoc
201 2721 329 2786 quoqne
353 2700 564 2779 factumest,
589 2699 678 2785 quod
702 2698 856 2765 aedificio
880 2697 1091 2764 circumdato

114 2800 212 2884 silva,
235 2811 271 2867 ut
296 2811 372 2868 sunt
395 2803 466 2867 fere
488 2801 659 2868 domicilia
677 2800 862 2887 Gallorum,
886 2805 943 2889 qui
958 2803 1090 2868 vitandi

114 2915 227 2970 aestus
251 2927 355 2970 causa
377 2906 571 2991 plerumque
595 2905 759 2971 silvarum
788 2916 890 2992 atque
918 2906 1091 2972 fluminum

106 3017 229 3094 >petunt
251 3011 531 3095 propinquitates,
562 3011 703 3075 comites
739 3009 990 3096 familiaresque
1018 3010 1090 3074 eius

112 3120 256 3195 angusto
281 3114 315 3177 in
337 3111 412 3177 loco
435 3112 608 3198 paulisper
635 3115 785 3198 equitum
808 3123 999 3179 nostrorum
1022 3113 1091 3176 vim

90 3217 353 3281 tsustinuerunt.
377 3215 441 3280 His
464 3215 696 3301 pugnantibus
720 3216 816 3282 illum
831 3217 865 3282 in
882 3214 1001 3301 equum
1018 3217 1091 3301 qui·

114 3318 192 3384 dam
214 3343 257 3384 ex
279 3320 349 3384 suis
366 3317 498 3402 intulit3
512 3318 701 3402 fugientem
717 3320 825 3385 silvae
840 3327 1009 3384 texerunt.
1033 3317 1089 3383 Sic

112 3432 144 3487 et
169 3422 214 3487 ad
227 3421 434 3489 subcundum
446 3420 631 3508 pericnlum
643 3430 677 3487 et
689 3422 735 3488 ad
746 3422 922 3489 vitandum
948 3420 1089 3488 multum

75 3613 77 3616 v
110 3526 245 3591 fortuna
268 3524 390 3593 valuit.
