2376 3924
120 253 181 318 140
446 251 496 301 nn
513 251 635 301 nunno
655 250 768 300 o1v1n1

205 442 254 506 73.
292 440 414 508 Caesar
450 465 470 507 a
507 438 727 528 superioribus
763 438 902 506 consiliis
938 440 1095 528 depulsus

118 568 246 611 omnem
283 545 344 612 sibi
380 546 642 612 commutandam
678 544 752 610 belli
789 547 949 611 rationem
985 548 1095 613 existi·

117 652 226 715 mavit.
269 651 385 735 Itaque
413 671 477 715 uno
504 659 650 736 tompore
677 647 845 734 praesidiis
868 647 1017 715 omnibus
1040 649 1095 716 de·

117 753 222 819 ductis
245 763 277 819 et
299 755 539 839 oppugnatione
561 752 693 818 dimissa
716 761 892 837 coactoque
925 754 959 817 in
991 774 1096 819 unum

116 857 222 923 locum
245 859 391 923 exercitu
414 859 596 922 contionem
623 856 711 941 apud
738 855 854 920 milites
886 853 1000 922 habuit
1021 856 1095 923 hor·

99 971 267 1046 statusque
291 971 349 1044 est,
383 983 424 1025 ne
447 982 495 1043 ea,
518 982 602 1046 quae
631 959 833 1042 accidissent,
867 961 1011 1044 graviter
1032 960 1095 1026 fer-

116 1074 190 1130 rent
212 1087 294 1129 neve
317 1064 367 1130 his
389 1063 487 1129 rebus
513 1072 714 1129 terrerentur
742 1063 914 1149 multisque
943 1063 1096 1130 secundis

117 1166 244 1252 proeliis
266 1189 367 1233 unum
389 1166 565 1232 adversum
587 1176 620 1231 et
641 1166 675 1231 id
697 1166 859 1231 mediocre
883 1176 1094 1253 opponerent.

95 1270 312 1335 aHabendam
334 1270 484 1335 fortunae
505 1273 653 1355 gratiam,
688 1269 775 1354 quod
797 1268 925 1334 Italiam
948 1272 1016 1335 sine
1040 1270 1096 1335 ali·

117 1397 181 1459 quo
203 1373 338 1439 vulnere
360 1376 532 1460 cepissent,
555 1373 642 1459 quod
656 1373 746 1440 'duas
768 1375 944 1469 Hispanias
967 1374 1095 1440 bellico·

116 1480 313 1544 sissimorum
346 1479 519 1556 hominum,
534 1480 733 1564 peritissimis
765 1466 863 1563 atque
896 1480 1096 1579 exereitatis·

117 1584 203 1647 simis
237 1581 374 1647 ducibus
407 1582 744 1675 pacavissent,1duod
772 1582 925 1648 finitimas
951 1582 1095 1649 frumen-

116 1688 280 1771 tariasque
310 1687 494 1772 provincias
512 1673 549 1750 in
578 1677 770 1770 potestatem
799 1685 1015 1770 redegissent3
1041 1687 1096 1752 de

116 1791 213 1874 nique
236 1787 401 1853 recordari
424 1786 553 1870 debere,
588 1809 654 1872 qua
683 1787 835 1853 felicitate
862 1789 947 1853 inter
968 1788 1095 1856 medias

116 1892 255 1957 hostium
288 1891 407 1957 classes
439 1890 574 1977 oppletis
607 1913 672 1955 non
705 1890 808 1956 solum
844 1891 1000 1977 portibus,
1035 1893 1096 1959 sed

117 1998 214 2060 etiam
237 1994 383 2060 litoribus
407 2017 516 2059 omnes
538 1994 713 2060 incolumes
737 2004 844 2060 essent
870 1999 1093 2082 'transportati

96 2100 151 2166 isi
174 2121 239 2164 non
269 2101 375 2163 omnia
402 2097 556 2164 caderent
584 2099 736 2181 secunda,
769 2099 933 2163 fortunam
955 2121 1027 2165 esse
1049 2103 1095 2166 in-

116 2204 241 2270 dustria
274 2202 517 2267 sublevandam.
564 2201 661 2285 Quod
688 2211 774 2267 esset
799 2195 969 2288 acceptum
998 2203 1094 2269 detri-

116 2310 224 2390 menti,
263 2309 403 2373 cuiusvis
440 2308 545 2392 potius
579 2327 677 2391 quam
710 2327 788 2371 suae
821 2305 935 2392 cnlpae
972 2305 1094 2373 debere

94 2412 222 2477 stribui.
268 2412 394 2475 Locum
416 2433 450 2475 se
479 2432 619 2496 aequum
642 2409 684 2474 ad
707 2408 927 2474 dimicandum
954 2410 1094 2496 dedisse,

116 2519 252 2602 potitum
274 2537 344 2581 esse
367 2515 506 2579 hostium
529 2515 652 2595 castris,
676 2512 837 2599 expulisse
860 2536 899 2579 ac
921 2535 1093 2601 superesse

116 2629 306 2706 pugnantes.
345 2617 411 2685 Sed
433 2620 501 2682 sive
524 2620 666 2703 ipsorum
688 2615 889 2702 perturbatio
911 2619 982 2682 sive
1002 2640 1095 2685 error

116 2721 230 2807 aliquis
253 2725 321 2786 sive
344 2725 442 2787 etiam
469 2721 599 2786 fortuna
627 2728 756 2805 partam
784 2722 849 2784 iam
877 2730 1094 2806 praesentem·

116 2849 179 2911 que
223 2829 391 2891 victoriam
435 2825 711 2911 interpellavisset‚
757 2823 901 2889 dandam
944 2825 1095 2893 omnibus

117 2951 258 3014 operam,
281 2939 317 2995 ut
339 2940 508 3015 acceptum
541 2927 779 2994 incommodum
808 2929 930 2992 virtute
960 2932 1095 2997 sarcire-

92 3044 178 3098 etur.
224 3033 321 3115 Quod
344 3037 370 3098 si
393 3043 477 3099 esset
498 3034 629 3116 factum,
652 3031 729 3115 fore,
758 3035 805 3097 uti
828 3032 871 3097 ad
894 3033 1096 3119 Gergoviam

116 3139 310 3223 contigisset,
344 3146 381 3201 ut
402 3136 630 3202 detrimentum
652 3139 686 3201 in
713 3135 835 3202 bonum
861 3146 1015 3220 verteret,
1049 3148 1096 3206 at

117 3264 179 3328 que
209 3243 265 3327 qui
293 3249 368 3306 ante
398 3240 551 3305 dimicare
579 3242 769 3321 timuissent,
803 3239 887 3305 ultro
916 3240 1095 3327 seproelio

116 3348 276 3411 offerrent.
615 3362 616 3366 ’

203 3450 253 3513 14.
285 3451 359 3514 Hac
392 3447 505 3513 habita
537 3449 684 3513 contione
722 3446 890 3513 nonnullos
923 3448 1096 3535 signiferos

94 3557 291 3639 aignominia
313 3555 438 3619 notavit
459 3576 499 3618 ac
520 3552 588 3618 loco
611 3554 721 3618 movit.
765 3553 933 3619 Exercitui
961 3552 1097 3641 quidem
