2376 3924
362 245 471 295 urana
489 242 539 308 ιιι,
560 242 636 295 car.
655 242 731 293 4-8.
994 244 1034 308 97

52 439 181 502 nicrum
204 458 285 500 saxa
307 444 339 499 et
361 433 423 499 alia
444 434 516 499 loca
544 432 723 520 periculosa
752 435 894 518 quietam
920 444 1036 500 nactus

54 543 225 605 stationem
248 549 280 603 et
302 548 413 624 portus
442 559 552 602 omnes
580 539 713 620 timenS,
749 538 834 622 quod
864 542 966 604 teneri
994 540 1036 604 ab

55 645 250 708 adversariis
277 641 506 724 arbitrabatur,
531 641 572 704 ad
589 663 663 704 eum
679 640 793 724 locum,
818 644 873 726 qui
900 643 1037 729 appella-

54 749 151 812 batur
164 746 322 828 Palaeste,
340 744 487 808 omnibus
502 743 640 808 navibus
656 743 810 809 adunam
825 745 1037 812 incolumibus

54 850 171 915 milites
194 852 352 935 exposuit.

142 955 170 1017 7.
206 955 288 1017 Erat
316 954 404 1018 Orici
432 952 605 1017 Lucretius
635 951 777 1038 Vespillo
812 961 844 1016 et
876 953 1037 1018 Minucius

55 1058 160 1122 Rufus
184 1079 257 1120 cum
279 1055 431 1120 Asiaticis
455 1054 593 1120 navibus
618 1072 718 1138 xvm,
743 1055 860 1141 quibus
883 1059 972 1121 iussu
993 1058 1035 1121 D.

53 1161 160 1226 Laelii
182 1170 370 1247 praeerant,
400 1161 444 1224 M.
469 1159 603 1225 Bibulus
633 1182 708 1225 cum
731 1160 870 1226 navibus
884 1177 938 1236 *cx
962 1159 1037 1225 Cor-

57 1288 164 1351 cyrae.
212 1264 277 1331 sed
306 1285 412 1349 neque
440 1263 484 1341 illi
507 1263 568 1328 sibi
590 1264 702 1329 confisi
725 1287 767 1328 ex
790 1275 885 1351 portu
908 1266 1060 1351 prodires

57 1378 131 1434 sunt
154 1372 233 1452 ausi,
258 1391 331 1433 eum
347 1368 468 1433 Caesar
491 1371 619 1432 omnino
636 1386 687 1431 xli
703 1391 804 1434 naves
820 1369 932 1455 longas
948 1392 1038 1455 prae-

57 1474 137 1538 sidio
154 1474 308 1557 duxisset,
333 1477 365 1538 in
386 1472 503 1560 quibus
525 1484 619 1538 erant
642 1483 823 1539 constratae
842 1491 908 1557 1111,
932 1495 1038 1558 neque

57 1577 192 1642 Bibulus
205 1576 366 1663 impeditis
380 1577 520 1642 navibus
536 1577 754 1663 dispersisque
770 1577 946 1662 remigibus
962 1579 1060 1643 saties

58 1691 184 1746 mature
207 1683 355 1764 ocemrit,
380 1680 467 1766 quod
484 1682 572 1766 prius
588 1680 630 1745 ad
647 1683 864 1745 continentem
878 1685 968 1747 visus
990 1690 1039 1744 est

58 1785 189 1869 Caesar,
220 1806 319 1871 quam
342 1785 383 1850 de
406 1788 474 1849 eius
498 1785 643 1850 adventu
665 1786 753 1850 fama
776 1788 904 1852 omnine
927 1789 960 1851 in
983 1808 1039 1850 eas

57 1889 435 1974 regiones-perferretur.

143 1993 172 2058 8.
196 1994 362 2079 Expositis
384 1992 537 2058 militibus
560 2015 662 2058 naves
685 1993 800 2059 eadem
822 2004 915 2060 noete
937 1996 1039 2060 Brun.

57 2098 174 2162 disium
197 2120 217 2160 a
239 2095 379 2161 Caesare
407 2099 629 2180 remittuntur,
663 2105 700 2161 ut
726 2096 869 2182 reliquae
898 2098 1039 2182 legiones

57 2203 284 2284 equitatusque
306 2202 520 2286 transportari
543 2208 682 2285 possent.
717 2201 803 2264 Huic
819 2201 925 2265 officio
949 2224 1062 2287 prae-s

58 2305 180 2389 positus
203 2311 273 2366 erat
295 2303 408 2366 Fufius
431 2300 571 2368 Calenus
593 2302 733 2386 legatus,
762 2305 817 2387 qui
843 2303 1040 2368 celeritatem

58 2410 91 2471 in
114 2406 373 2492 transportandis
396 2404 574 2491 legionibus
589 2404 768 2471 adhiberet.
803 2405 873 2471 ⁴Sed
897 2409 998 2470 serius
1020 2429 1041 2470 a

58 2520 147 2574 terra
170 2517 344 2594 provectae
373 2531 474 2573 naves
495 2530 601 2594 neque
624 2529 703 2572 usae
725 2517 883 2572 nocturna
905 2531 985 2574 aura
1008 2512 1041 2574 in

58 2611 226 2678 redeundo
242 2611 454 2677 offenderunt.
484 2612 620 2677 Bibulus
636 2614 722 2677 enim
738 2610 905 2698 Corcyrae,
923 2615 1063 2678 certiora

59 2717 164 2780 factus
187 2715 228 2780 de
256 2715 401 2781 adventu
423 2715 587 2799 Caesaris,
617 2739 751 2802 sperans
779 2717 873 2783 alicui
901 2739 935 2782 se
958 2719 1043 2803 parti

59 2828 249 2884 onustarum
282 2823 415 2884 navium
452 2841 622 2884 occurrere
660 2842 769 2906 posse,
807 2820 956 2887 inanibus
994 2843 1042 2886 oe-

59 2924 159 2988 currit
194 2930 226 2985 et
260 2931 374 2987 nactus
412 2924 538 2986 circiter
567 2939 641 2989 xxx
670 2927 703 2989 in
736 2947 791 2989 eas
824 2921 1055 3010 indiligentiae

59 3050 137 3092 suae
160 3049 199 3090 ac
223 3024 341 3091 doloris
364 3025 566 3091 iracundiam
588 3029 696 3114 erupit
710 3050 885 3115 omnesque
900 3029 1043 3094 incendit

61 3131 239 3215 eodemque
262 3133 337 3214 igne
359 3139 475 3195 nautas
488 3129 697 3216 dominosque
719 3135 851 3197 navium
873 3133 1043 3216 interfecit,

60 3235 282 3318 magnitudine
298 3237 421 3321 poenae
436 3234 575 3320 reliquos
590 3239 704 3301 terreri
716 3259 859 3323 sperans.
884 3238 956 3302 Hoc
971 3258 1065 3302 con-4

59 3339 144 3402 fecto
173 3341 301 3424 negotio
331 3362 350 3402 a
373 3339 504 3420 Sasonis
532 3339 575 3404 ad
597 3338 705 3404 Onrici
731 3349 861 3426 portum
890 3345 1043 3406 stationes

60 3441 220 3528 litoraque
255 3445 362 3508 omnia
393 3442 487 3529 longe
521 3443 649 3531 lateque
683 3443 840 3510 classibus
874 3446 1044 3531 occupavit

63 3546 283 3633 custodiisque
302 3546 505 3632 „diligentius
545 3548 722 3634 dispositis.
747 3548 816 3634 ipse
852 3550 1045 3634 gravissima

113 3655 198 3699 Ceasar.
216 3656 244 3698 11.
833 3650 851 3701 ‘l
