2376 3924
114 227 157 292 24
442 228 492 279 11
511 227 631 279 nanto
651 225 762 278 crvur

149 468 152 473 .
200 414 250 479 32.
285 416 345 479 His
374 415 472 480 rebus
506 417 659 480 confectis
694 415 830 499 Caesar,
864 426 900 481 ut
932 415 1096 502 reliquum

114 529 242 604 tempus
266 542 285 581 a
307 517 417 583 labore
440 520 721 601 intermitteretur,
751 519 866 583 milites
888 521 922 583 in
944 521 1097 605 proxima

113 623 287 707 municipia
311 621 455 704 deducit,
480 625 548 707 ipse
571 620 614 688 ad
636 620 752 703 urbem
774 622 996 708 proficiscitur.
1036 621 1096 687 Co·

93 736 185 798 racto
209 735 323 789 senatu
346 728 477 790 iniurias
500 728 701 790 inimicorum
725 735 962 790 commemorat.
986 726 1098 791 Docet

115 848 155 893 se·
176 828 299 894 nullum
328 828 622 893 extraordinarium
651 830 805 893 honorem
833 831 1003 915 appetisse,
1036 829 1096 893 sed

115 942 301 1019 exspectato
341 933 483 1016 legitimo
520 942 665 1019 tempore
705 933 889 997 consulatus
923 956 960 997 eo
994 933 1095 997 fuisse

93 1046 314 1118 1111111111,
350 1036 436 1120 quod
465 1035 612 1100 omnibus
640 1035 764 1101 civibus
792 1046 927 1122 pateret.
972 1037 1096 1129 Latum

115 1140 156 1203 ab
173 1157 196 1202 x
212 1139 348 1204 tribunis
364 1139 466 1225 plebis
490 1139 784 1205 contradicentibus
799 1143 944 1224 inimicia,
969 1139 1095 1205 Catone

114 1267 192 1307 vero
221 1246 377 1307 acerrime
405 1253 608 1329 repugnante
637 1254 670 1309 et
697 1247 832 1330 pristina
860 1245 1095 1309 consuetudine

115 1347 243 1411 dicendi
273 1370 363 1411 mora
386 1347 455 1411 dies
483 1348 686 1430 extrahente,
715 1357 751 1412 ut
774 1351 821 1414 sui
845 1347 1096 1437 ratio-absentis

114 1453 298 1535 haberetur,
321 1454 390 1537 ipso
407 1451 535 1515 consule
551 1453 718 1537 Pompeio,
744 1456 797 1537 qui
821 1456 847 1517 si
869 1451 1096 1540 improbasset,

115 1580 172 1621 cur
194 1558 271 1621 ferri
293 1579 407 1641 passus
430 1556 536 1620 esset?
571 1559 597 1620 si
620 1555 804 1641 probasset,
834 1580 891 1620 cur
914 1559 1018 1622 scuti
1041 1580 1095 1643 po-

93 1661 180 1747 rpuli
192 1660 349 1725 beneficio
362 1659 600 1744 prohibuisset?
623 1662 818 1725 Patientiam
829 1663 979 1747 proponit
990 1682 1095 1744 suam,

116 1788 189 1828 cum
212 1764 252 1827 de
282 1763 478 1828 exercitibus
507 1763 707 1828 dimittendis
740 1764 823 1829 ultro
851 1764 1095 1851 postulavisset,

115 1870 148 1930 in
172 1889 235 1951 quo
269 1870 427 1930 iacturam
456 1866 620 1950 dignitatis
655 1877 752 1952 atquc
781 1868 911 1932 honoris
939 1871 1008 1955 ipse
1030 1868 1096 1933 fac-

94 1981 206 2036 1111111
240 1981 332 2034 esset.
389 1969 612 2035 Acerbitatem
649 1974 851 2036 inimicorum
885 1971 994 2054 docet,
1028 1975 1096 2057 qui,

116 2075 202 2160 quod
231 2075 273 2138 ab
296 2074 397 2139 altero
420 2074 634 2161 postularent,
664 2078 697 2140 in
726 2097 760 2140 se
783 2085 973 2140 recusarent
995 2084 1095 2161 atque

116 2182 222 2243 omnia
255 2180 442 2264 permisceri
474 2178 620 2262 mallent,
659 2201 757 2264 quam
795 2181 967 2266 imperium
1004 2201 1096 2244 exer·

93 2286 261 2368 scitusque
285 2283 455 2347 dimittere.
484 2282 641 2347 Iniuriam
663 2286 697 2346 in
720 2283 893 2369 eripiendis
914 2281 1097 2367 legionibus

114 2388 297 2473 praedicat,
339 2385 562 2450 crudelitatem
595 2396 628 2451 11
660 2387 862 2452 insolentiam
894 2389 928 2451 in
962 2389 1097 2452 circum-

115 2492 294 2557 scribendis
327 2491 464 2556 tribunis
497 2490 615 2577 plebis,
651 2491 854 2557 condiciones
888 2515 907 2557 a
940 2515 975 2557 se
1003 2492 1097 2577 latas,

92 2599 258 2682 rexpetita
292 2597 448 2682 colloquia
481 2619 520 2661 ac
553 2595 714 2680 denegata
747 2607 985 2663 commemorat.
1031 2598 1097 2664 Pro

116 2700 233 2785 quibus
262 2700 359 2764 rebus
387 2700 534 2764 hortatur
564 2722 602 2763 ac
630 2698 780 2784 postulem,
803 2710 840 2765 ut
861 2698 1097 2786 rempubhcam

115 2806 291 2888 suscipiant
323 2814 420 2890 atquc
453 2828 518 2869 una
552 2827 661 2869 secum
695 2804 928 2871 administrent.
974 2806 1031 2873 sin
1060 2809 1097 2871 ti-

114 2929 204 2969 more
234 2906 416 2990 defugiant,
445 2908 504 2972 illis
533 2931 567 2973 se
597 2911 686 2973 oneri
713 2931 778 2973 non
806 2909 951 2974 futurum
979 2919 1013 2974 et
1037 2932 1098 2995 per

94 3026 149 3073 ese
171 3009 404 3094 rempublicam
426 3011 733 3076 administraturum.
765 3012 909 3096 Legatos
935 3011 978 3076 ad
1001 3012 1097 3077 Pom-

115 3113 224 3198 peium
247 3111 287 3175 de
311 3116 539 3198 compositione
562 3117 645 3179 mitti
668 3124 832 3201 oportere,
861 3135 967 3200 neque
990 3136 1026 3179 se
1047 3138 1097 3180 re-

114 3214 306 3299 formidare,
345 3216 431 3300 quod
465 3219 499 3280 in
532 3227 647 3281 senatu
679 3218 853 3303 Pompeius
887 3216 982 3304 paulo
1020 3227 1097 3283 ante
1164 3297 1167 3302 Ι

115 3319 259 3401 dixisset,
283 3319 325 3383 ad
341 3341 421 3405 quos
444 3318 541 3403 legati
563 3322 777 3405 mitterentur,
800 3321 849 3385 his
872 3322 1100 3396 auctoritatem

115 3424 248 3489 attribui
280 3427 493 3509 timoremque
528 3446 655 3507 eorum,
693 3427 748 3510 qui
784 3427 964 3508 mitterent,
1001 3427 1098 3511 signi-

115 3531 215 3594 ficari.
260 3531 381 3594 Tenuis
404 3538 501 3614 atque
524 3527 643 3593 infirmi
670 3529 752 3593 haec
774 3531 873 3594 animi
894 3528 1008 3594 videri.
1053 3529 1098 3597 Se
