2376 3924
118 244 159 308 28
420 243 471 293 nn
489 241 609 293 annno
629 240 788 292 cnnnroo

119 434 221 499 armis
238 431 573 519 essepraedioabant
590 432 843 518 (saepenumero
860 454 935 498 sese
950 454 1025 498 cum
1040 432 1094 499 his

118 559 316 623 congressos
332 561 375 603 ne
389 536 518 604 vultum
534 536 669 624 quidem
681 547 783 624 atque
798 538 906 602 aciem
922 536 1094 603 oculorum

119 641 278 708 dicebant
293 640 380 707 ferre
395 642 569 728 potuisse),
584 650 700 706 tantus
718 641 830 707 subito
847 641 947 706 timor
963 663 1094 706 omnem

118 747 304 811 exercitum
327 745 520 832 occupavit,
549 754 586 810 ut
615 766 682 810 non
712 745 925 810 mediocriter
948 748 1095 811 omnium

97 859 246 916 amentes
269 851 466 936 animosque
488 846 713 935 perturbaret.
750 849 815 913 Hic
834 850 977 935 primum
1001 859 1094 915 ortus

118 964 170 1020 est
182 977 203 1018 a
218 952 364 1020 tribunis
381 952 535 1036 militum,
550 953 732 1038 praefectis
748 951 964 1038 reliquisque,
979 955 1035 1040 qui
1052 979 1095 1020 ex

118 1056 199 1124 urbe
223 1058 393 1124 amicitiae
409 1079 513 1124 causa
529 1056 711 1123 Caesarem
727 1058 833 1122 secuti
854 1079 921 1122 non
937 1079 1096 1141 magnum

96 1164 152 1227 sin
175 1185 212 1227 re
234 1161 374 1227 militari
402 1183 498 1228 usum
525 1160 715 1227 habebant:
753 1182 893 1246 quorum
916 1160 1003 1227 alius
1027 1160 1096 1227 alia

117 1288 222 1331 causa
246 1265 353 1348 illata,
376 1286 477 1351 quam
500 1264 566 1330 sibi
582 1263 627 1330 ad
642 1264 923 1350 proficiscendum
938 1287 1095 1330 necessa-

117 1371 203 1436 riam
226 1390 300 1435 esse
316 1367 455 1451 diceret,
478 1367 627 1455 petebat,
652 1378 690 1433 ut
706 1369 776 1433 eius
794 1366 971 1433 voluntate
988 1368 1095 1434 disce÷

119 1474 198 1539 dere
221 1473 354 1555 liceret3
389 1471 542 1537 nonnulli
565 1471 692 1558 pudore
715 1471 871 1556 adducti,
905 1480 942 1537 ut
965 1474 1095 1539 timoris

90 1597 103 1637 s
118 1576 341 1661 suspicionem
356 1575 514 1660 vitarent,
531 1573 761 1642 remanebant.
781 1575 826 1640 Hi
842 1597 950 1662 neque
965 1576 1096 1641 vultum

116 1679 244 1763 fingere
266 1701 375 1766 neque
396 1679 565 1745 interdum
594 1678 753 1745 lacrimas
785 1689 900 1744 tenere
922 1687 1097 1765 poterant3

118 1781 227 1848 abditi
243 1784 278 1846 in
294 1781 525 1848 tabernaculis
545 1792 605 1849 aut
619 1805 716 1848 suum
730 1782 839 1847 fatum
858 1781 1095 1867 querebantur,

118 1894 178 1951 aut
200 1907 276 1951 cum
298 1884 523 1952 familiaribus
547 1887 618 1951 suis
640 1908 814 1952 commune
828 1884 1015 1972 periculum
1036 1888 1096 1951 mi·

97 1988 331 2056 sacrabantur.
354 1990 465 2075 Vulgo
481 1991 563 2056 totis
580 1990 703 2057 castris
719 1998 925 2056 testamenta
938 1988 1098 2074 obsigna·

118 2091 253 2158 bantur.
285 2093 413 2160 Horum
436 2094 575 2160 vocibus
598 2115 638 2159 ac
662 2095 783 2160 timore
805 2093 971 2181 paulatim
995 2095 1099 2160 etiam

119 2197 154 2278 ii,
176 2197 233 2282 qui
255 2216 414 2280 magnum
437 2197 472 2260 in
496 2197 618 2262 castris
643 2219 739 2262 usum
761 2195 945 2280 habebant,
971 2194 1098 2261 milites

119 2300 400 2386 centurionesque
418 2301 540 2386 quique
564 2301 730 2386 equitatui
751 2310 942 2386 praeerant,
968 2308 1097 2386 pertur-

97 2402 298 2469 obabantur.
324 2401 390 2483 Qui
414 2426 450 2468 se
473 2425 516 2469 ex
538 2403 591 2468 his
615 2405 724 2469 minus
748 2402 884 2469 timidos
906 2403 1097 2470 existimari

119 2504 290 2590 volebant,
313 2530 380 2573 non
404 2507 593 2574 sebastem
615 2510 736 2592 vereri,
760 2507 821 2572 sed
844 2509 1025 2592 angustias
1043 2507 1096 2573 iti·

119 2612 221 2693 neris,
245 2611 512 2696 magnitudinem
536 2611 709 2691 silvarum,
739 2634 825 2697 quae
848 2611 1097 2677 intercederent

120 2715 208 2779 inter
223 2715 314 2799 ipsos
330 2713 657 2800 atqueAriovistum,
674 2722 732 2780 aut
749 2736 819 2779 rem
830 2714 1097 2798 frumentariam,

119 2826 156 2882 ut
169 2819 253 2882 satis
267 2817 439 2883 commode
452 2818 645 2903 supportari
657 2826 782 2903 posset,
796 2819 914 2883 timere
927 2816 1097 2884 dicebant.

98 2920 278 2986 urtonnulli
296 2922 399 2986 etiam
407 2919 547 2986 Caesari
562 2921 777 3005 nuntiabant,
800 2943 877 2987 cum
892 2930 1006 2987 castra
1028 2943 1098 2987 mo·

119 3026 190 3089 veri
203 3047 244 3089 ac
257 3025 356 3108 signa
369 3024 451 3090 ferri
463 3025 627 3107 iussisset,
645 3047 711 3090 non
729 3025 800 3091 fore
814 3024 905 3092 dicto
918 3023 1097 3092 audientes

121 3128 244 3193 milites
268 3150 376 3214 neque
398 3136 535 3214 propter
557 3129 710 3194 timorem
735 3130 833 3213 signa
855 3127 996 3196 laturos.

222 3229 273 3294 40.
290 3233 385 3298 Haec
402 3255 478 3297 cum
493 3231 802 3315 animadvertisset,
820 3243 1007 3300 convocato
1020 3255 1098 3301 oon·

122 3333 197 3399 silio
223 3337 434 3421 omniumque
457 3335 611 3401 ordinum
627 3336 723 3401 adid
741 3335 919 3402 consilium
933 3335 1100 3403 adhibitis

121 3437 386 3523 centurionibus,
419 3439 634 3505 vehementer
657 3462 713 3505 eos
736 3442 921 3506 incusavit:
954 3438 1063 3526 primu

123 3543 221 3629 quod,
245 3552 304 3608 aut
326 3564 427 3629 quam
449 3544 484 3608 in
507 3551 639 3629 partem
660 3552 721 3609 aut
746 3565 810 3630 quo
833 3543 974 3613 consilio
998 3543 1053 3611 dur
