2376 3924
263 242 313 292 AD
332 241 430 294 CAES.
448 243 552 293 BELL.
572 242 641 293 clv.
660 243 708 305 ΙΙΙ,
727 244 838 294 62-71.
972 243 1035 293 XLI

56 432 126 482 haec
149 431 185 481 ad
206 443 346 499 opressum
364 430 531 496 pertineant,
559 429 632 495 quod
649 430 695 478 vix
714 435 805 495 aptum
826 446 884 481 esse
903 432 1034 482 existimo.

55 519 155 568 Dinter
172 517 320 583 Nipperdei
347 517 459 568 retinuit
484 518 645 583 scripturam
669 520 766 569 castro
787 515 941 570 secundom
958 532 1036 569 more

54 603 143 657 inccta
161 603 327 671 Pompeium
344 603 456 655 monice
474 602 568 656 lossii.

161 705 184 738 c.
203 691 244 749 oi,
264 691 293 738 1:
312 688 357 740 Eo
375 687 406 740 si
412 703 480 757 qno
499 687 615 758 lepionis
634 687 744 740 illota
762 686 952 755 speculatores
968 687 1035 740 Oec-

55 773 120 827 sari
145 772 378 843 renuntiarent]
414 776 454 824 sio
481 791 554 825 nnnc
585 791 646 825 cum
676 775 806 825 Diibnero
836 791 870 825 ex
896 773 1036 824 ciacconii

57 859 247 911 emendatione
267 861 371 925 scripsi.
402 865 484 910 antea
503 860 627 910 codicum
645 859 791 910 lectionem
813 858 894 928 siyno
918 858 1035 928 lepiomis

56 943 138 997 illoto
158 947 330 1009 retinueram,
354 961 435 1010 quam
455 951 598 996 servarunt
617 948 699 996 etiarn
713 946 827 1008 Kraner,
844 946 877 995 F.
889 946 1035 1007 Hoirnann,

57 1031 164 1081 Dinter.
182 1031 345 1097 Nipperdey,
364 1046 399 1081 ne
418 1031 554 1081 obiectum
574 1031 689 1095 deesset,
711 1045 780 1083 rem
796 1030 973 1084 iemeitiornnt
989 1047 1035 1096 po-

57 1117 120 1166 suit.
138 1144 173 1155 —
192 1118 214 1178 5.
228 1119 257 1166 δε
276 1129 311 1168 eo
324 1114 390 1182 loce,
409 1115 481 1182 quod
498 1117 528 1165 in
545 1116 604 1170 fei
622 1116 726 1183 aliquot
744 1117 940 1168 recentioribus
959 1116 1036 1167 libris

56 1208 158 1266 exstet,
186 1210 216 1253 ut
240 1208 321 1252 antes
344 1202 454 1267 scripsi,
482 1218 543 1252 cum
567 1202 738 1253 referendum
762 1205 797 1252 sit
819 1203 855 1253 sd
873 1202 1036 1253 antecedens

54 1287 120 1341 liic.
151 1289 267 1340 editores
285 1290 349 1340 inde
368 1291 403 1340 ab
421 1291 521 1341 Ursino
540 1305 553 1342 e
571 1288 629 1341 loco
647 1295 804 1355 posuerunt.

162 1391 185 1424 c.
204 1377 251 1438 69,
269 1376 301 1424 4:
331 1374 479 1441 omniaque
506 1378 590 1427 erant
617 1373 770 1441 tumultus,
798 1374 924 1438 timoris,
951 1375 1037 1445 sepas

54 1460 155 1528 plena,
183 1460 253 1514 odeo
275 1465 322 1528 nt,
349 1477 412 1514 ciem
431 1459 537 1513 Goesor
554 1459 638 1528 sione
659 1459 831 1528 foetentium
848 1476 935 1514 macen
950 1476 1037 1529 pren-

59 1545 137 1598 deret
161 1550 187 1598 ct
211 1546 363 1599 consistere
390 1545 510 1610 inderet,
538 1544 591 1597 clii
618 1545 789 1598 admissis
815 1545 892 1612 equis
919 1545 1037 1600 culidem

55 1647 174 1685 cessem
200 1630 449 1700 coeifnperent,
477 1629 530 1682 clii
553 1645 587 1682 ec
611 1635 686 1682 metm
708 1629 794 1683 etiem
812 1629 896 1698 siena
914 1630 1037 1684 dimitte·
1109 1698 1111 1703 Ι

54 1716 140 1786 romili
160 1718 237 1768 codd.
257 1717 384 1769 dimissis
403 1716 495 1783 equis;
514 1715 649 1768 admissis
668 1732 728 1766 cum
747 1716 862 1778 Faerno,
882 1717 1036 1779 Ciscconio,

57 1805 232 1855 Hotomanno
251 1806 355 1871 scripsi,
377 1820 447 1869 quas
466 1806 547 1856 lectio
566 1805 625 1856 sola
644 1809 708 1871 apta
725 1804 833 1855 videtur
851 1821 884 1854 ex
901 1806 1036 1871 farragine

57 1893 283 1953 coniecturarum,
307 1908 378 1957 quae
397 1892 430 1942 ad
449 1892 522 1942 hunc
540 1891 630 1941 locum
651 1890 849 1941 emendandum
868 1893 1037 1958 excogitatae

59 1983 122 2028 sunt
138 1979 174 2042 (v.
192 1992 261 2042 quae
272 1978 371 2027 Dinter
383 1995 409 2043 p.
421 1978 494 2027 LXV
507 1979 656 2028 enarravit:
676 1975 802 2029 dimissis
821 1975 951 2045 siymis,
969 1991 1037 2029 non

56 2062 186 2116 dimissis
205 2062 304 2131 sienis,
330 2063 469 2116 demissis
488 2063 588 2132 sionis,
616 2059 743 2115 dimissis
766 2063 893 2126 erneis,
921 2061 1039 2115 nihilo

57 2148 215 2215 sequius,
235 2149 312 2216 equis
330 2149 476 2212 similes,
495 2148 624 2202 cerensi
642 2148 728 2216 comis,
746 2148 927 2202 commotis
946 2148 1038 2215 eqni-

59 2234 171 2298 tibns‚
200 2235 365 2288 densissis
390 2234 518 2303 ecelis,
546 2234 698 2302 demptis
721 2234 752 2287 ei
778 2233 903 2303 sienis.
933 2235 1038 2285 accedit

57 2322 134 2386 quod
151 2323 211 2388 ipse
228 2311 326 2371 Dinter
345 2323 462 2372 coniecit
480 2320 647 2374 dimissis
666 2319 755 2373 locis
774 2319 905 2386 aequis,
924 2327 951 2369 et
966 2319 1038 2385 quod

59 2407 94 2458 H.
112 2407 214 2458 Weber
230 2410 377 2474 proposuit,
400 2409 470 2459 Ann.
488 2408 555 2473 phil.
573 2413 590 2457 t.
613 2408 714 2472 103,p.
733 2407 794 2467 338,
822 2404 965 2457 dimissi
991 2419 1038 2458 se-

56 2492 218 2560 quentis.)
247 2522 282 2532 —
308 2492 425 2546 condem
451 2507 566 2545 croesum
593 2488 850 2559 consiperent]
881 2491 920 2540 sic
948 2490 1037 2554 codd,

58 2581 236 2645 comprobant
259 2579 315 2630 loci
332 2595 348 2630 a
365 2580 398 2630 F.
417 2580 572 2630 Hofmanno
591 2579 677 2631 allati.
711 2579 808 2627 Dinter
826 2577 872 2641 qui
890 2575 959 2626 haec
977 2577 1038 2626 ber·

60 2667 126 2717 bere
145 2666 218 2716 dicte
238 2682 297 2718 esse
317 2668 435 2728 censuit,
463 2668 521 2732 ipse
541 2682 594 2715 non
614 2664 749 2714 dubitavit
770 2664 798 2711 in
818 2667 965 2713 retractata
982 2663 1038 2712 Do·

60 2751 181 2802 berenzii
206 2752 325 2802 editione
348 2750 465 2804 emeiclem
489 2750 605 2803 dorsum
627 2765 728 2815 ponere
752 2747 801 2816 (od
822 2746 939 2801 censilem
963 2747 1038 2800 dor-

57 2852 134 2890 sum
157 2835 361 2905 conficescent),
390 2853 469 2903 quem
493 2834 717 2887 summovendum
741 2850 801 2885 esse
825 2849 858 2884 ex
881 2833 942 2884 loco
960 2834 987 2884 b.
1007 2833 1038 2884 G.

61 2925 85 2984 l,
109 2923 152 2989 44,
175 2925 191 2972 3
219 2924 285 2974 satis
312 2928 477 2974 monstrasse
504 2923 572 2972 mihi
597 2921 701 2973 videor.
741 2919 896 2986 Nipperdey
923 2919 1039 2974 comiteri-

58 3013 156 3078 9crcnt
175 3010 332 3074 scripserat,
362 3008 435 3074 quod
453 3009 556 3058 nemini
573 3008 716 3073 probatum
736 3014 789 3070 est,
816 3007 930 3056 Ditbner
947 3007 1040 3074 vulga-

59 3101 117 3146 tum
135 3094 301 3160 conficerent
320 3096 440 3147 retinuit.

164 3198 187 3231 c.
207 3183 253 3243 71,
274 3185 302 3232 1:
330 3177 503 3232 desideravit
530 3176 632 3231 niilites
659 3177 843 3232 Doooonx
869 3184 895 3232 et
917 3198 933 3228 s
957 3181 1038 3230 motos

59 3266 165 3334 equites
183 3266 326 3320 Romanos
346 3263 543 3335 [dispicientem]
564 3263 734 3317 Tuticanum
755 3262 876 3326 Gallum,
897 3263 1038 3316 senatoris

59 3352 158 3421 filium,
178 3351 206 3406 O.
224 3351 401 3421 Flcqimotcm
419 3349 568 3403 Placentia
586 3348 666 3419 cett.]]
684 3351 785 3401 retinui
803 3350 887 3400 verba
906 3349 1037 3412 codicum,

60 3441 154 3490 notavi
172 3445 262 3490 eutem
281 3439 415 3500 lacunam,
435 3452 488 3502 qua
501 3437 623 3502 equitum
635 3451 763 3487 numerus
777 3437 911 3486 excidisse
923 3435 1038 3500 videtur,

60 3526 180 3591 itemque
203 3525 277 3590 prius
301 3521 479 3591 Hepieiaicm
501 3523 579 3593 uncis
602 3521 710 3573 inclusi.
741 3527 822 3572 antea
847 3537 908 3571 cum
925 3522 1038 3588 Nipper-
