2376 3924
294 245 406 296 LIBER
422 245 472 306 ΙΙΙ,
491 244 568 296 chr.
587 246 730 298 lot-110.
972 244 1034 309 165

60 444 96 499 ut
118 437 164 498 eis
187 442 280 499 extra
309 434 476 520 oppidum,
510 436 537 498 si
564 442 649 498 esset
671 433 905 515 dimicandum,
940 436 1034 500 confi·

61 537 160 602 deret.
184 536 449 623 Relinquebatur,
472 547 509 603 ut
526 559 561 601 se
583 539 649 602 suis
670 537 748 602 loeis
771 537 888 622 oppido
910 546 1037 602 teneret

61 641 290 727 consiliumque
324 641 469 707 Achillae
508 651 725 726 cognosceret.
770 641 889 705 Milites
927 650 1058 705 tamena

62 768 171 810 omnes
199 749 232 810 in
262 748 360 810 armis
388 768 458 810 esse
486 748 578 811 iussit
604 766 780 830 regemque
809 744 955 809 hortatus
978 754 1036 827 est,

61 859 97 914 ut
120 873 162 913 ex
184 851 249 914 suis
271 851 470 933 necessariis,
495 872 575 935 quos
597 849 733 914 haberet
755 851 917 913 maximae
933 858 1038 913 auoto-

61 953 328 1038 1·itatiS,legatos
354 953 397 1018 ad
419 953 581 1019 Achillam
607 956 749 1018 mitteret
771 961 818 1036 et,
848 952 926 1038 quid
955 961 1039 1016 esset

62 1079 140 1121 suae
154 1055 338 1140 voluntatis,
363 1057 556 1122 ostenderet.
580 1056 611 1121 A
635 1079 699 1142 quo
721 1058 810 1120 missi
831 1056 1062 1121 Dioscoridesr

63 1171 94 1226 et
123 1162 293 1247 Serapion,
328 1163 383 1246 qui
416 1161 512 1226 ambo
545 1160 643 1246 legati
664 1162 786 1226 Romae
819 1161 948 1224 fuerant
976 1184 1040 1225 ma·

62 1287 224 1350 gnamque
247 1265 335 1350 apud
358 1274 484 1350 patrem
498 1263 720 1329 Ptolemaeum
742 1267 965 1328 auctoritatem
987 1264 1041 1328 ha-

63 1369 211 1452 buerant,
235 1368 277 1432 ad
289 1367 450 1432 Achillam
466 1366 690 1463 pervenerbnt.
715 1368 805 1450 Quos
828 1368 889 1450 ille,
913 1390 986 1432 cum
1008 1370 1064 1432 ins
1084 1377 1116 1418 bb

64 1482 271 1558 conspectum
301 1474 369 1536 eius
397 1474 575 1554 venissent,
605 1474 794 1558 priusquam
821 1471 948 1536 audiret
975 1479 1042 1554 aut,

65 1580 155 1642 euius
183 1579 231 1642 rei
262 1597 360 1641 causa
387 1577 476 1640 missi
510 1585 632 1659 essent,
667 1585 891 1661 cognosceret,
927 1577 1044 1661 corripi

66 1692 163 1765 atque
191 1681 328 1744 interfici
356 1681 460 1762 iussit3
491 1700 628 1764 quorum
650 1678 731 1745 alter
754 1689 887 1765 accepto
910 1679 1044 1744 vulnere

67 1794 241 1869 occupatus
269 1805 327 1869 per
355 1805 429 1847 suos
452 1805 510 1868 pro
533 1785 637 1848 occiso
661 1783 816 1866 sublatus,
846 1784 927 1849 alter
949 1786 1045 1848 inter·

66 1888 168 1951 fectus
191 1897 248 1952 est.
279 1888 352 1970 Quo
375 1887 460 1952 facto
483 1909 595 1971 regem
616 1896 653 1953 ut
674 1889 707 1952 in
730 1909 788 1952 sua
811 1896 968 1973 potestate
991 1888 1067 1952 hae

66 1991 172 2074 beret,
203 1989 324 2056 Caesar
346 1991 461 2073 efficit,
490 2012 643 2076 magnam
665 1992 791 2076 regium
820 2013 936 2056 nomen
959 1990 1046 2076 apud

67 2118 141 2160 suos
174 2097 399 2159 auctoritatem
432 2093 553 2159 habere
586 2097 774 2160 existimans
808 2104 840 2160 et
872 2104 909 2160 ut
942 2097 1047 2181 potius

68 2202 194 2283 privato
223 2220 400 2283 paucorum
428 2206 460 2262 et
485 2197 649 2263 latronum
677 2220 775 2284 quam
804 2201 893 2283 regio
917 2197 1047 2262 consilio

68 2310 254 2386 susceptum
274 2300 395 2365 bellum
417 2301 592 2367 videretur.
780 2366 781 2370 ,

156 2404 227 2469 110.
262 2405 366 2469 Erant
389 2426 463 2469 cum
485 2403 613 2470 Achilla
642 2408 769 2491 copiae,
797 2415 834 2470 ut
861 2426 967 2489 neque
994 2426 1050 2468 nu-

69 2531 157 2573 mero
180 2528 285 2594 neque
308 2529 426 2593 genere
447 2507 614 2573 hominum
635 2530 741 2594 neque
757 2529 818 2573 usu
836 2511 884 2573 rei
906 2507 1052 2572 militaris

70 2611 325 2676 contemnendae
352 2612 550 2677 viderentur.
595 2613 685 2677 Milia
712 2615 798 2677 enim
820 2631 868 2676 xx
891 2614 926 2676 in
954 2613 1074 2676 armis²

71 2715 222 2780 habebat.
266 2717 360 2780 Haec
389 2714 581 2781 constabant
609 2738 651 2780 ex
677 2715 869 2782 Gabinianis
899 2713 1052 2780 militibus

72 2824 126 2905 qui
159 2822 224 2884 iam
256 2821 289 2884 in
323 2820 587 2885 consuetudinem
617 2817 861 2885 Alexandrinae
894 2821 982 2884 vitae
1015 2840 1054 2882 ae

72 2924 219 2988 licentiae
247 2933 405 2990 venerant
434 2933 467 2989 et
493 2946 612 2988 nomen
647 2922 913 3010 disciplinamque
945 2921 1054 3010 populi

71 3029 209 3092 Romani
232 3026 456 3093 dedidicerant
476 3048 660 3111 uxoresque
676 3027 848 3110 duxerant,
872 3050 915 3092 ex
938 3025 1054 3112 quibus

73 3132 217 3218 plerique
240 3129 357 3196 liberos
380 3130 555 3197 habebant.
600 3132 676 3196 Huc
705 3131 905 3196 accedebant
933 3128 1076 3195 collecti³

73 3259 116 3300 ex
138 3235 356 3321 praedonibus
372 3233 615 3320 latronibusque
635 3235 748 3320 Syriae
770 3233 964 3318 Ciliciaeque
986 3253 1056 3318 pro-

73 3341 198 3404 vinciae
232 3339 506 3425 finitimarumque
524 3339 715 3425 regionum.
760 3337 854 3403 Multi
887 3344 1078 3424 praeterea«

74 3444 188 3528 eapitis
234 3442 378 3509 damnati
417 3442 594 3528 exulesque
633 3450 869 3524 convenerant3
913 3440 1056 3525 fugitivis

75 3545 231 3615 omnibus
257 3548 376 3614 nostris
409 3555 517 3614 certus
551 3555 622 3612 erat
654 3543 876 3611 Alexandriae
908 3551 1057 3629 receptus
