2376 3924
111 224 171 288 143
419 221 488 286 ron
506 219 626 271 sunno
646 219 760 269 ervrnr

94 415 204 480 ¹nibus
227 437 381 499 superare
404 421 542 498 possent,
566 411 634 494 sed,
658 410 932 497 quemadmodum
954 414 1004 479 uti
1026 415 1095 479 vic-

110 521 191 583 toria
214 518 380 600 deberent,
404 516 598 602 cogitabant.

197 622 247 686 84.
271 623 319 686 Re
353 621 564 684 frumentaria
599 628 793 704 praeparata
826 619 1097 708 confirmatisque

111 725 263 790 militibus
292 735 324 790 et
351 727 428 789 satis
461 723 556 809 longo
589 725 691 809 spatio
724 724 878 808 temporis
901 745 921 787 a
942 723 1098 808 Dyrrha-

113 831 214 895 chinis
238 830 366 915 proeliis
388 831 579 910 intermisso,
618 849 682 912 quo
705 828 783 892 satis
795 835 1016 913 'perspectum
1037 827 1097 894 ha·

112 934 190 998 bere
212 933 348 997 militum
371 935 514 998 animum
529 930 704 1013 videretur,
728 929 954 1016 temptandum
968 928 1097 998 Caesar

113 1039 319 1118 existimavit,
343 1036 498 1121 quidnam
520 1037 692 1120 Pompeius
721 1035 875 1120 propositi
902 1043 960 1099 aut
980 1034 1097 1101 volun-

92 1143 188 1209 rtatis
222 1138 265 1203 ad
298 1139 518 1204 dimicandum
554 1138 699 1204 haberet.
744 1139 860 1224 Itaque
897 1160 940 1202 ex
976 1141 1098 1206 castris

115 1245 294 1307 exercitum
327 1242 440 1308 eduxit
473 1245 640 1328 aciemque
667 1244 829 1325 instruxit,
864 1243 1006 1327 primum
1027 1245 1098 1309 suis

115 1347 191 1411 locis
207 1345 367 1433 pauloque
383 1371 402 1410 a
418 1349 531 1412 castris
546 1348 680 1432 Pompei
694 1344 830 1431 longius,
854 1346 1097 1413 continentibus

115 1473 193 1515 vero
226 1450 350 1533 diebus,
384 1459 421 1515 ut
453 1449 704 1537 progrederetur
727 1473 746 1514 a
769 1450 882 1514 castris
915 1450 982 1513 suis
1011 1450 1098 1516 colli-

114 1555 241 1641 busque
274 1556 479 1640 Pompeianis
512 1556 615 1619 aciem
647 1552 817 1618 subiceret.
864 1554 958 1635 Quae
984 1574 1039 1618 res
1062 1556 1098 1619 in

116 1658 185 1723 dies
208 1660 479 1724 confirmatiorem
502 1660 570 1722 eius
592 1659 772 1722 exercitum
792 1654 964 1722 efficiebat.
992 1656 1097 1744 Supe-

95 1764 183 1833 arius
205 1771 315 1827 tamen
337 1764 519 1826 institutum
541 1764 575 1826 in
597 1760 769 1846 equitibus,
793 1759 881 1845 quod
895 1758 1099 1827 demonstra-

117 1867 232 1948 vimus,
255 1864 417 1947 servabat,
440 1875 485 1947 ut,
509 1866 662 1950 quoniam
676 1886 810 1929 numero
824 1863 932 1929 multis
947 1865 1099 1950 partibus

119 1977 203 2032 esset
229 1969 370 2051 inferior,
405 1967 628 2033 adulescentes
656 1977 754 2053 atque
783 1966 952 2054 expeditos
974 1989 1020 2034 ex
1041 1992 1099 2034 an-

118 2074 295 2158 tesignanis
328 2071 454 2137 selectis
488 2068 626 2158 [milites]
661 2071 703 2136 ad
736 2073 960 2157 pernicitatem
996 2075 1100 2138 armis

118 2178 202 2239 inter
225 2176 349 2260 equites
371 2174 521 2260 proeliari
542 2174 679 2256 iuberet,
703 2176 758 2259 qui
781 2172 942 2239 cotidiana
964 2194 1100 2240 eonsue-

119 2278 231 2344 tudine
253 2299 348 2343 usum
371 2299 500 2363 quoque
524 2279 593 2342 eius
615 2279 743 2363 generis
771 2277 966 2363 proeliorum
994 2281 1099 2363 perci·

97 2389 243 2468 4perent.
289 2383 350 2446 His
373 2390 443 2446 erat
464 2381 563 2446 rebus
586 2381 746 2463 effectum,
780 2389 817 2444 ut
839 2381 984 2466 equitum
1011 2379 1100 2447 mille

120 2489 218 2551 etiam
245 2485 460 2571 apertioribus
493 2485 570 2549 locis
599 2502 649 2547 vn
676 2483 799 2548 milium
825 2484 1101 2570 Pompeianorum

119 2594 284 2675 impetum,
329 2612 403 2653 cum
440 2588 568 2653 adesset
604 2609 691 2670 usus,
737 2589 895 2653 sustinere
939 2586 1102 2655 auderent

120 2717 227 2780 neque
263 2715 461 2780 magnopere
498 2715 610 2758 eorum
646 2692 850 2758 multitudine
886 2701 1100 2760 terrerentur.

101 2799 271 2882 „Namque
308 2800 406 2862 etiam
439 2820 498 2884 per
532 2818 586 2862 eos
620 2795 688 2860 dies
725 2796 883 2882 proelium
920 2796 1102 2867 secundum

123 2911 272 2986 equestre
284 2885 376 2965 ‘fecit
410 2911 507 2987 atque
540 2924 642 2966 unum
664 2900 874 2988 Allobrogem
896 2924 940 2966 ex
962 2899 1102 2987 duobus,

123 3027 203 3089 quos
227 3005 405 3090 perfugisse
428 3005 471 3070 ad
493 3008 683 3092 Pompeium
704 3027 802 3091 supra
825 3004 1002 3088 docuimus,
1025 3026 1104 3073 eum

124 3108 319 3195 quibusdam
341 3110 510 3174 interfecit.

211 3211 260 3277 85.
285 3213 466 3298 Pompeius,
497 3217 552 3298 qui
579 3224 686 3279 castra
712 3216 745 3278 in
774 3212 852 3278 colle
881 3211 1035 3297 habebat,
1057 3212 1105 3281 ad

124 3321 251 3383 intimas
274 3317 400 3382 radices
422 3321 538 3383 montis
567 3321 669 3383 aciem
701 3318 882 3384 instruebat
904 3337 1043 3404 sempor,
1064 3325 1105 3383 ut

124 3424 307 3509 videbatur,
346 3431 550 3510 exspectans,
588 3425 614 3486 si
647 3425 764 3509 iniquis
801 3421 877 3487 locis
911 3419 1035 3487 Caesar
1066 3440 1104 3487 se

104 3532 295 3595 ssubiceret.
342 3529 463 3596 Caesar
495 3528 583 3595 nulla
615 3530 740 3593 ratione
777 3525 820 3593 ad
853 3545 999 3613 pugnam
1029 3520 1105 3593 elici
