2376 3924
119 232 180 294 124
421 231 470 282 nn
489 228 610 281 nunno
632 230 789 280 saunrco

95 435 185 482 2rem
209 421 243 483 in
268 440 428 483 summum
451 417 637 504 periculum
661 418 845 483 deducant:
869 417 1003 483 facilem
1019 440 1094 482 esse

91 501 195 604 ⁸rem,
213 544 272 586 seu
287 532 457 605 maneant,
474 545 532 587 seu
547 521 814 608 proficiscantur,
833 523 859 586 si
876 521 974 586 modo
991 542 1094 585 unum

118 649 230 692 omnes
255 629 404 692 sentiant
427 649 467 691 ac
490 626 649 712 probent3
683 635 801 691 contra
823 627 857 689 in
883 625 1095 689 dissensione

95 729 243 795 ³nullam
267 753 303 795 se
327 730 470 796 salutem
493 732 693 817 perspicere.
717 730 782 793 Res
801 728 1031 813 disputatione
1049 726 1095 790 ad

95 833 261 898 tmediam
284 844 416 900 noctem
447 834 653 919 perducitur.
699 831 821 899 Omnia
845 832 1094 915 excogitantur,

117 959 219 1022 quare
242 959 304 1001 nec
328 939 400 1002 sine
422 936 572 1023 periculo
595 945 782 1019 maneatur,
807 944 839 1000 et
856 935 1019 1019 languore
1035 937 1095 999 mi-

116 1039 213 1105 litum
236 1063 279 1105 ex
302 1040 429 1124 vigiliis
452 1040 635 1125 periculum
660 1049 835 1123 augeatur.
858 1039 1010 1104 Tandem
1036 1038 1096 1104 dat

116 1142 217 1208 Cotta
239 1152 409 1229 permotus
433 1167 568 1209 manus:
604 1153 739 1230 superat
769 1145 937 1209 sententia
962 1141 1092 1207 Sabini.

96 1247 358 1313 ⁵Pronuntiatur
379 1250 487 1334 prima
504 1247 578 1313 luce
594 1251 710 1313 ituros.
735 1246 950 1312 Consumitur
967 1244 1095 1328 vigiliis

117 1348 246 1435 reliqua
269 1372 348 1436 pars
372 1353 493 1434 noctis,
518 1373 592 1417 cum
611 1374 671 1416 sua
688 1351 828 1438 quisque
842 1349 938 1414 miles
955 1351 1096 1414 circum·

117 1455 270 1538 spiceret,
295 1455 374 1542 quid
392 1477 502 1520 secum
519 1464 655 1540 portare
670 1463 796 1539 posset,
812 1453 894 1540 quid
910 1475 953 1517 ex
969 1453 1096 1517 instru-

96 1566 228 1622 omento
245 1556 460 1623 hibernorum
477 1558 667 1645 relinquere
683 1568 870 1643 cogeretur.
894 1557 1005 1621 Prima
1021 1556 1097 1621 luce

118 1660 167 1724 sic
191 1682 233 1724 ex
256 1663 378 1727 castris
400 1663 670 1747 proficiscuntur,
704 1671 742 1727 ut
766 1660 885 1747 quibus
909 1669 998 1726 esset
1022 1682 1096 1746 per-

119 1785 254 1829 suasum
277 1787 345 1830 non
369 1765 412 1831 ab
436 1766 542 1849 hoste,
578 1766 639 1832 sed
662 1765 705 1831 ab
730 1766 862 1830 homine
890 1766 1096 1830 amicissimo

120 1864 339 1951 [Ambiorige]
365 1868 544 1934 consilium
568 1869 695 1953 datum,
733 1867 930 1951 longissimo
960 1869 1097 1951 agmine

117 1970 338 2056 maximisque
362 1972 618 2056 impedimentis.

221 2072 272 2138 32.
291 2074 335 2139 At
351 2075 476 2159 hostes,
492 2086 712 2164 posteaquam
724 2099 766 2141 cx
782 2084 946 2141 nocturno
962 2074 1096 2140 fremitu

117 2177 310 2264 vigiliisque
334 2179 375 2244 de
399 2180 606 2265 profectione
630 2202 742 2246 eorum
771 2188 959 2263 senserunt,
993 2177 1097 2243 collo·

118 2282 204 2347 catis
235 2282 368 2348 insidiis
397 2283 557 2369 bipertito
588 2285 622 2349 in
653 2284 748 2350 silvis
779 2293 964 2370 opportuno
994 2290 1098 2367 atque

119 2385 250 2451 occulto
285 2385 358 2451 loco
382 2410 402 2452 a
430 2387 566 2453 milibus
600 2410 761 2473 passuum
794 2389 931 2452 circiter
965 2385 1097 2451 dnobus

95 2488 341 2554 altomanorum
375 2491 558 2557 adventum
594 2491 852 2578 exspectabant,
888 2499 920 2555 et
954 2511 1032 2554 cnm
1062 2513 1097 2554 se

117 2594 224 2656 maior
255 2615 331 2679 pars
361 2596 506 2677 agminis
537 2597 570 2660 in
600 2615 760 2679 magnam
782 2593 970 2659 convallem
994 2592 1098 2659 demi·

118 2697 227 2778 sisset,
252 2720 294 2761 ex
317 2707 458 2784 utraque
480 2708 578 2784 parte
602 2701 672 2763 eius
688 2698 788 2763 vallis
806 2697 916 2764 subito
934 2719 969 2763 se
985 2705 1097 2763 osten·

119 2798 238 2863 derunt
262 2802 528 2887 novissimosque
550 2824 701 2887 premere
724 2812 756 2867 et
777 2803 903 2888 primos
919 2796 1098 2887 prohibere

118 2924 261 2968 ascensu
297 2913 397 2989 atquc
431 2905 640 2990 iniquissimo
674 2908 800 2971 nostris
831 2905 904 2971 loeo
932 2902 1097 2992 proelium

118 3008 329 3071 committere
352 3019 546 3092 coeperunt.

220 3109 270 3174 33.
295 3110 380 3176 Tum
405 3112 536 3178 demum
553 3112 714 3196 Titurius,
738 3115 794 3200 qui
817 3111 903 3179 nihil
926 3122 1007 3179 ante
1021 3136 1098 3201 pro·

118 3213 270 3298 vidisset,
293 3214 465 3299 trepidare
481 3224 514 3280 et
530 3237 733 3281 concursare
749 3217 969 3303 cohortesque
986 3215 1097 3304 dispo·

117 3339 209 3401 nere,
232 3318 316 3383 haec
340 3327 455 3385 tamen
477 3321 552 3404 ipsa
575 3319 694 3384 timide
717 3329 819 3406 atque
841 3329 877 3386 ut
894 3342 968 3385 eum
984 3321 1099 3387 omnis

119 3421 261 3488 deficere
284 3420 499 3506 viderentur3
538 3422 627 3508 quod
653 3422 846 3510 plerumque
874 3424 916 3489 iis
939 3421 1099 3489 accidere

118 3527 305 3607 consuevit,
342 3526 456 3612 quiin
485 3526 559 3612 ipso
594 3528 730 3611 negotio
764 3525 942 3593 consilium
974 3546 1101 3615 capere
