2376 3924
126 218 189 283 242
428 219 479 269 nn
496 219 617 269 sunno
637 218 795 270 ornmoo

126 430 164 472 eo
187 407 261 472 loco
285 405 479 490 collocaret,
503 428 600 492 quem
623 408 657 472 in
680 406 790 472 locum
811 416 947 493 propter
968 411 1101 495 copiam

125 510 284 575 frumenti
308 533 348 576 ao
364 509 480 596 pabuli
495 510 664 576 Romanos
681 512 841 575 missuros
859 513 1100 597 suspicaretur.

102 614 197 697 sQuo
221 617 356 700 cognito
373 615 515 681 oonsilio
531 615 681 698 legiones
698 612 820 701 plures,
838 636 938 700 quam
955 615 1098 700 solebat,

122 719 235 785 educit
246 722 506 806 equitatumque,
516 740 582 804 qua
590 718 1098 804 consuetudinepabulatoribus

121 825 255 889 mittere
277 823 448 909 praesidio
465 830 656 905 consuerat,
672 823 877 908 praemittit3
901 822 979 888 huic
996 819 1106 888 inter?

99 929 216 1012 sponit
239 927 369 993 auxilia
392 927 477 992 levis
494 935 703 1010 armaturae3
720 928 792 1013 ipse
808 948 884 992 cum
903 926 1096 1010 legionibus

121 1054 221 1116 quam
243 1039 355 1117 potest
377 1032 524 1095 maxime
546 1030 805 1120 appropinquat.

225 1133 273 1199 18.
297 1134 421 1199 Hostes
445 1135 480 1198 in
503 1133 819 1220 insidiisdispositi,
835 1155 911 1200 cum
926 1135 991 1200 sibi
1008 1134 1097 1201 dele·

119 1240 248 1323 gissent
272 1259 426 1323 campum
449 1237 580 1303 adrem
597 1236 780 1321 gerendam
795 1259 863 1302 non
879 1238 1022 1325 amplius
1038 1263 1097 1327 pa·

118 1351 247 1407 tentem
260 1343 294 1407 in
308 1363 421 1407 omnes
434 1350 549 1427 partes
557 1341 718 1427 passibus
730 1341 833 1425 mille,
841 1342 936 1407 silvis
949 1342 1098 1428 undique
1117 1359 1120 1364 ·

118 1455 176 1511 aut
194 1446 451 1532 impeditissimo
473 1444 609 1510 flumine
625 1447 799 1524 munitum,
823 1446 917 1512 velut
933 1446 1096 1530 indagine

96 1550 206 1617 chuno
230 1550 365 1616 insidiis
389 1548 693 1614 circumdederunt.
737 1549 925 1636 Explorato
948 1549 1095 1616 hostium

117 1656 260 1721 consilio
283 1655 390 1719 nostri
414 1653 458 1718 ad
480 1652 714 1738 proeliandum
738 1655 848 1719 animo
872 1664 973 1741 atque
990 1656 1094 1719 armis

116 1759 239 1844 parati,
257 1780 332 1823 oum
349 1755 631 1842 subsequentibus
648 1754 838 1840 legionibus
855 1754 982 1823 nullam
1000 1757 1095 1822 dimi-

117 1862 286 1927 cationem
309 1868 516 1943 recusarent,
534 1860 707 1925 turmatim
730 1862 764 1925 in
781 1883 856 1926 eum
871 1861 979 1926 locum
996 1860 1094 1925 deve·

95 1974 249 2029 suerunt.
273 1964 422 2046 Quorum
445 1963 594 2029 adventu
611 1986 686 2030 cum
703 1963 768 2029 sibi
784 1962 927 2030 Correus
945 1962 1094 2028 oblatam

118 2069 329 2134 occasionem
352 2069 401 2133 rei
425 2067 595 2152 gerendae
618 2069 840 2150 existimaret,
856 2069 999 2153 primum
1015 2090 1092 2133 cum

115 2173 233 2260 paucis
258 2195 292 2237 se
318 2171 466 2237 ostendit
490 2180 592 2256 atque
616 2172 650 2235 in
679 2172 851 2256 proximas
880 2179 1007 2235 turmas
1032 2172 1091 2235 im·

95 2285 229 2362 rpetum
251 2276 342 2341 fecit.
366 2275 484 2339 Nostri
507 2283 706 2340 constanter
728 2276 900 2339 incursum
923 2275 1093 2354 sustinent

63 2372 65 2375 ¹
116 2379 351 2445 insidiatorum
386 2400 495 2465 neque
528 2378 641 2465 plures
675 2379 710 2442 in
743 2399 845 2443 unum
873 2377 985 2444 locum
1013 2400 1091 2443 con·

115 2486 271 2568 veniunt;
296 2483 385 2570 quod
407 2483 602 2569 plerumque
618 2481 831 2568 equestribus
854 2480 991 2568 proeliis
1015 2503 1092 2547 cum

114 2596 250 2672 propter
273 2586 418 2672 aliquem
440 2587 594 2650 timorem
616 2584 752 2667 accidit,
780 2592 852 2650 tum
874 2584 1091 2651 multitudine

115 2691 263 2775 ipsorum
287 2690 522 2755 detrimentum
546 2689 723 2774 accipitur.

222 2791 270 2856 19.
294 2791 378 2858 Cum
402 2793 576 2879 dispositis
593 2794 711 2857 turmis
728 2794 762 2857 in
779 2797 887 2859 vicem
910 2795 980 2859 rari
995 2816 1090 2880 proe-

115 2896 278 2962 liarentur
290 2919 398 2984 neque
414 2897 457 2963 ab
473 2896 639 2964 lateribus
656 2898 891 2963 circumveniri
907 2919 984 2963 suos
996 2906 1090 2982 pate·

115 3008 241 3082 rentur,
266 3010 441 3087 erumpunt
458 3002 562 3066 ceteri
579 2998 704 3066 Correo
719 2999 908 3087 proeliante
923 3022 966 3066 ex
982 2999 1096 3067 silvis·

93 3104 171 3168 rFit
194 3125 319 3187 magna
342 3107 559 3170 contentione
583 3104 753 3170 diversum
780 3103 952 3191 proelium.
990 3099 1091 3182 Quod

114 3231 188 3274 cum
208 3207 333 3272 diutius
357 3209 431 3292 pari
454 3208 565 3273 Marte
587 3208 739 3292 iniretur,
754 3206 917 3294 paulatim
934 3229 977 3272 ex
993 3208 1089 3275 silvis
1133 3232 1136 3236 ·

114 3315 281 3377 instructa
303 3310 485 3377 multitudo
507 3310 661 3398 procedit
676 3311 835 3398 peditum,
852 3333 937 3397 quae
952 3320 1089 3377 nostros

113 3417 225 3499 coegit
248 3414 368 3480 cedere
392 3417 532 3501 equites.
557 3414 688 3497 Quibus
712 3415 869 3482 celeriter
884 3414 1089 3481 subveniunt

112 3519 198 3584 levis
223 3527 416 3584 armaturae
437 3517 579 3604 pedites,
597 3540 679 3604 quos
703 3527 784 3584 ante
798 3518 950 3602 legiones
965 3519 1087 3585 missos
