2376 3924
479 240 555 292 cur.
574 242 682 294 11-11,
1004 239 1068 309 255
1132 211 1137 225 ’

94 440 217 496 certum
240 441 289 496 est
309 429 402 496 vobis
423 432 525 495 vitam
554 439 586 494 et
614 431 784 516 pecuniam
806 429 937 494 donare.
984 431 1069 512 Qua-

94 544 236 622 propter,
260 533 338 620 quid
360 535 515 617 sentiatis,
539 523 785 619 proloquimini.'

197 636 346 702 411111
378 636 490 702 habita
524 639 667 702 oratione
701 637 818 723 Scipio,
857 658 930 701 cum
964 639 1070 701 existi-

94 752 214 806 masset
236 764 294 828 pro
317 762 375 806 suo
397 739 554 806 beneficio
578 743 646 805 sinc
675 740 772 806 dubio
801 740 843 806 ab
872 738 922 812 his
949 741 1071 824 gratias

96 845 156 910 sibi
179 854 288 909 actum
309 847 358 928 iri,
382 852 574 931 potestatem
602 846 640 908 iis
663 843 791 909 dicendi
819 844 903 909 fecit.
948 845 1002 908 Ex
1025 846 1092 907 eisc

97 953 240 1015 centurio
274 951 407 1036 legionis
438 968 529 1017 xlm.
575 950 643 1035 ‘pro
677 949 753 1031 tuo,'
785 951 899 1034 inquit,
937 948 1071 1012 ‘summo

53 1080 55 1083 ’
95 1055 263 1138 beneficio,
298 1055 414 1141 Scipio,
449 1053 507 1118 tibi
529 1056 650 1140 gratias
673 1076 734 1139 ago
759 1050 839 1138 (non
861 1054 946 1117 enim
975 1053 1073 1137 impe·

97 1169 238 1223 retorem
265 1167 297 1222 te
326 1154 477 1248 appello),
512 1157 599 1242 quod
632 1157 710 1221 mihi
742 1157 844 1221 vitam
876 1155 1071 1220 incolumita-

97 1273 227 1348 temque
261 1261 336 1327 belli
369 1264 439 1326 iure
473 1271 567 1347 capto
600 1260 767 1347 polliceris,
803 1269 835 1326 et
857 1261 990 1325 forsitan
1013 1261 1073 1322 isto

97 1376 206 1431 uterer
234 1366 401 1448 beneficio,
436 1368 462 1429 si
491 1387 556 1429 non
586 1367 615 1429 ei
642 1386 804 1430 summum
832 1363 935 1429 scelus
950 1362 1074 1450 ⁴adiun-

98 1469 368 1553 geretur.·Egone
385 1477 498 1533 contra
513 1467 696 1551 Caesarem,
712 1471 941 1553 imperatorem
955 1486 1095 1548 meum‚s

99 1571 186 1657 apud
209 1594 306 1657 quem
327 1571 481 1637 'ordinem
503 1572 592 1656 duxi,
627 1575 760 1657 eiusque
794 1572 983 1653 exercitum,
1017 1592 1075 1656 pro

64 1720 65 1723 κ
100 1678 190 1739 cuius
228 1674 385 1762 dignitate
421 1677 622 1761 vict01iaque
660 1675 796 1762 amphus
832 1677 940 1740 tricies
978 1676 1076 1738 armis

100 1779 295 1865 depugnavi,
318 1779 477 1845 adversus
500 1789 709 1866 armatusque
732 1780 927 1845 consistam?
961 1779 1077 1862 Neque

100 1905 159 1967 ego
194 1885 279 1948 istud
312 1884 457 1950 facturus
491 1907 571 1968 sum,
606 1895 639 1949 11
671 1893 703 1948 11
736 1905 942 1970 magnopere,
977 1892 1014 1948 ut
1035 1883 1076 1946 de

100 1991 227 2072 negotio
262 1988 408 2073 desistas,
443 1989 606 2055 adhortor.
652 1988 773 2054 Contra
802 1992 891 2054 ouius
920 1988 1005 2052 enim
1028 2008 1099 2051 cor

101 2096 169 2177 pias
193 2093 379 2176 contendas,
414 2095 441 2157 si
468 2096 574 2159 minus
608 2102 705 2158 antea
739 2102 892 2178 expertus
927 2115 971 2175 11,
1004 2090 1079 2155 licet

101 2218 187 2259 nunc
226 2219 410 2282 cognoscas.
455 2198 549 2283 Elige
587 2221 630 2262 ex
666 2200 730 2262 tuis
768 2197 933 2262 cohortem
969 2217 1078 2277 unam,

103 2320 200 2382 quam
222 2308 317 2383 putas
351 2321 421 2364 esse
454 2301 681 2383 firmissimam,
716 2308 748 2363 et
776 2302 933 2364 constitue
967 2307 1080 2364 contra

102 2425 170 2485 me3
206 2425 266 2487 ego
289 2411 399 2468 autem
421 2425 464 2467 ex
485 2406 565 2469 meis
589 2402 866 2487 commilitonibus,
891 2424 971 2488 quos
993 2423 1080 2466 nunc

103 2509 134 2568 in
158 2515 213 2570 tua
236 2514 394 2591 potestate
416 2516 517 2590 tenes,
540 2529 605 2571 non
620 2506 757 2592 amplius
779 2525 802 2570 x
826 2528 961 2572 sumam.
995 2507 1081 2570 Tum

104 2631 146 2672 ex
179 2611 298 2674 virtute
335 2618 446 2675 nostra
482 2609 657 2697 intelleges,
696 2610 774 2696 quid
808 2632 852 2674 ex
884 2613 947 2675 tuis
982 2611 1080 2695 copiis
1126 2621 1129 2629 “

103 2735 234 2797 sperare
258 2709 399 2780 debeas‘

189 2817 240 2882 46.
265 2819 441 2904 Postquam
478 2820 560 2886 haec
593 2821 738 2885 centurio
776 2819 938 2905 praesenti
975 2818 1081 2881 animo

105 2919 263 2985 adversus
297 2923 479 3007 opinionem
512 2926 580 2989 eius
615 2933 663 2988 est
695 2923 830 3006 locutus,
864 2924 913 2987 ira
940 2922 1082 3008 percitus

106 3024 212 3109 Scipio
235 3035 333 3110 atque
356 3030 455 3092 animi
477 3027 587 3093 dolore
615 3029 765 3092 incensus
792 3027 898 3091 innuit
926 3026 1082 3090 centurio-

106 3127 210 3213 nibus,
242 3130 320 3215 quid
353 3132 424 3197 fieri
457 3131 563 3213 vellet,
601 3141 699 3217 atque
733 3138 809 3196 ante
841 3128 941 3216 pedes
975 3136 1083 3193 centu-

106 3238 229 3299 rionem
258 3237 418 3301 interfecit
445 3236 650 3323 reliquosque
678 3246 849 3302 veteranos
878 3259 898 3300 a
925 3231 1083 3298 tironibus

107 3341 197 3405 iubet
225 3343 358 3404 secerni.
382 3334 558 3406 ‘Abducite
587 3339 685 3424 istos}
718 3341 832 3425 inquit,
864 3337 995 3404 ‘nefario
1018 3349 1105 3399 sce-²
1171 3337 1175 3342 ’

107 3444 172 3511 1111
196 3448 430 3511 contaminatos
457 3452 491 3509 et
517 3444 618 3510 caede
651 3445 770 3509 civium
804 3437 988 3528 saginatos?
1031 3440 1085 3506 sio

108 3560 202 3617 extra
225 3552 345 3617 vallum
368 3550 500 3617 deducti
522 3556 597 3616 sunt
619 3558 652 3614 et
675 3545 893 3614 cruciabiliter
914 3544 1084 3611 interfecti.
