2376 3924
113 216 154 278 74
416 215 465 265 on
484 215 605 266 senno
626 214 783 265 esnnrco

114 405 296 489 diligenter
318 404 362 470 ab
386 406 427 470 iis
451 414 523 471 erat
539 407 720 491 provisum,
745 427 820 490 spes
837 406 993 470 Venetici
1010 404 1091 470 belli

114 519 147 574 et
169 508 258 594 quod
281 508 351 573 fere
366 508 511 573 libenter
533 507 684 574 homines
701 509 746 592 id,
770 508 860 594 quod
875 508 1004 592 volunt,
1020 532 1091 574 cre·

92 613 207 678 idunt.
232 612 294 676 His
311 611 411 677 rebus
429 612 567 678 adducti
583 635 650 677 non
666 615 757 699 prius
769 612 998 677 Viridovicem
1015 613 1091 678 reli-

113 738 261 802 quosque
278 718 380 783 duces
403 740 445 783 ex
469 716 614 782 concilio
639 716 824 798 dimittunt,
848 739 948 801 quarn
971 716 1014 780 ab
1039 717 1091 781 his

115 823 158 887 sit
182 843 388 904 concessum,
412 843 506 886 arma
529 823 578 886 uti
603 822 740 906 capiant
765 831 798 886 et
821 820 866 884 ad
882 829 998 885 castra
1014 842 1091 884 eon-

92 925 266 991 stendant.
291 926 365 1007 Qua
378 948 414 989 re
427 946 589 990 concessa
602 925 683 989 laeti
700 933 735 988 ut
754 923 931 1009 explorata
945 925 1091 989 victoria

116 1032 293 1097 sarmentis
302 1029 528 1115 virgultisque
540 1029 703 1114 collectis,
718 1030 838 1118 quibus
851 1033 960 1096 fossas
972 1032 1091 1096 Roma-

114 1157 232 1198 norum
256 1133 455 1218 compleant,
480 1134 524 1198 ad
547 1144 660 1199 castra
683 1146 837 1218 pergunt.
1024 1122 1027 1127 ’

203 1235 251 1302 19.
274 1238 387 1302 Locus
402 1247 473 1302 erat
489 1247 676 1304 castrorum
690 1238 800 1302 editus
818 1248 850 1303 et
868 1238 1030 1324 paulatim
1048 1238 1091 1302 ab

117 1343 181 1406 imo
195 1340 336 1406 acclivis
353 1341 491 1407 circiter
506 1364 627 1427 passus
644 1340 745 1406 mille.
769 1341 845 1405 Huc
857 1363 979 1424 magno
992 1363 1092 1405 cursu

116 1443 373 1526 contenderunt,
398 1453 434 1509 ut
456 1467 555 1531 quarn
571 1446 743 1509 minimum
766 1446 868 1530 spatii
886 1444 982 1510 adse
999 1443 1093 1508 colli-

117 1546 245 1631 gendos
257 1547 667 1633 armandosqueRomanis
682 1548 828 1632 daretur,
843 1549 1093 1633 exanimatique

97 1661 352 1737 2pervenerunt.
385 1650 530 1717 Sabinus
550 1675 626 1717 suos
643 1651 797 1718 hortatus
814 1651 1027 1738 cupientibus
1052 1654 1094 1715 si·

119 1777 219 1838 gnum
235 1754 303 1819 dat.
327 1755 502 1841 Impeditis
518 1755 671 1821 hostibus
691 1766 829 1842 propter
845 1778 894 1839 ea,
912 1778 997 1842 quae
1013 1756 1095 1820 fere-

117 1857 211 1938 bant,
236 1881 337 1924 onera
362 1860 472 1925 subito
497 1858 627 1924 duabus
650 1861 757 1946 portis
787 1861 995 1946 eruptionem
1022 1859 1093 1923 fieri

96 1960 221 2025 oiubet.
255 1961 399 2027 Factum
424 1972 474 2028 est
500 1964 752 2048 opportunitate
775 1963 852 2046 loci,
875 1963 1021 2028 hostiurn
1046 1964 1094 2026 in·

120 2065 263 2129 scientia
287 2087 327 2128 ac
346 2064 600 2150 defatigatione,
624 2067 751 2131 virtute
773 2066 918 2131 militum
943 2074 974 2130 ct
999 2087 1095 2150 supe·

118 2168 244 2232 riorum
256 2189 443 2253 pugnarum
457 2171 713 2253 exercitatione,
729 2180 766 2235 ut
781 2193 824 2235 ne
843 2192 946 2235 unum
959 2167 1094 2253 quidem

120 2280 310 2337 nostrorum
339 2274 498 2359 impeturn
525 2273 653 2338 ferrent
682 2296 721 2338 ac
752 2274 867 2339 statim
895 2282 994 2356 terga
1022 2294 1095 2336 ver-

98 2383 241 2439 4terent.
259 2374 350 2456 Quos
364 2375 542 2462 impeditos
556 2377 696 2461 integris
708 2377 838 2443 viribus
850 2375 975 2441 milites
987 2377 1096 2440 nostri

121 2480 295 2543 consecuti
311 2499 470 2562 magnum
487 2502 660 2544 numerum
678 2502 791 2545 eorum
808 2479 1023 2555 occiderunt;
1046 2501 1096 2542 re·

120 2581 229 2666 liquos
254 2583 382 2667 equites
407 2586 594 2649 consectati
611 2605 746 2670 paucos,
770 2586 826 2669 qui
850 2606 892 2648 ex
915 2583 996 2666 fuga
1020 2605 1097 2647 eva-

99 2697 247 2770 sserant,
271 2686 489 2773 reliquerunt.
527 2686 583 2754 Sic
599 2710 665 2752 uno
682 2697 832 2773 tempore
856 2697 889 2752 et
913 2686 954 2751 de
977 2686 1096 2751 navali

120 2811 235 2875 pugna
248 2788 395 2857 Sabinus
420 2802 453 2857 et
477 2792 518 2857 de
535 2790 653 2857 Sabini
670 2793 814 2856 victoria
830 2788 959 2857 ansar
974 2791 1098 2855 certior

122 2893 233 2958 factus
251 2905 312 2980 est,
336 2896 561 2982 civitatesque
578 2917 692 2961 omnes
711 2918 747 2960 se
763 2896 879 2959 statim
894 2893 1024 2958 Titurio
1042 2892 1097 2957 de·

100 2995 291 3064 ediderunt.
329 3000 415 3064 Nam
442 3010 479 3065 ut
502 2999 547 3064 ad
570 2999 660 3065 bella
684 2997 899 3085 suscipienda
923 2994 1098 3061 Gallorum

123 3099 237 3165 alacer
253 3124 293 3168 ac
306 3113 479 3189 promptus
496 3112 546 3168 est
560 3105 701 3187 animus,
719 3106 767 3168 sic
779 3102 891 3168 mollis
906 3124 946 3168 ac
963 3101 1098 3166 minime

124 3205 286 3271 resistens
300 3207 790 3294 adcalamitatesperferendas
804 3229 897 3271 mens
911 3226 1023 3270 eorum
1036 3212 1098 3268 est.

210 3307 262 3373 20.
284 3310 413 3377 Eodem
436 3311 505 3375 fere
530 3320 677 3396 tempore
693 3309 830 3374 Publius
847 3308 1001 3392 Crassus,
1024 3329 1100 3373 curn

126 3411 160 3474 in
190 3410 411 3497 Aquitaniam
438 3415 664 3500 pervenisset,
700 3436 785 3500 quae
819 3436 915 3499 pars,
949 3421 986 3477 ut
1021 3420 1100 3476 ante

121 3514 249 3581 dictum
274 3525 335 3603 est,
359 3526 392 3583 et
416 3518 591 3601 regionum
613 3515 797 3582 latitudine
826 3525 860 3582 et
883 3514 1102 3581 multitudine
