2376 3924
484 264 560 315 err.
579 265 690 314 41-42.
1016 260 1079 324 321

94 484 183 524 more
208 457 424 521 barbarorum
440 453 550 540 populi
568 455 705 517 Romani
721 452 965 538 magistratibus
979 473 1083 516 saero-

94 565 213 627 sanctis
246 581 362 624 manus
396 555 494 621 semel
529 567 561 620 et
595 558 725 641 saepius
760 555 911 620 attulistis
945 566 978 620 et
1013 556 1083 618 luee

94 665 182 728 olera
198 664 346 727 Cassium
371 664 404 724 in
429 661 538 725 medio
562 661 631 724 foro
654 660 778 723 nefarie
795 660 980 724 interlicere
997 660 1084 722 volu-

96 771 172 833 istis.
222 768 289 830 Vos
312 767 357 829 ita
382 787 495 850 parem
518 786 646 849 semper
670 763 796 844 odistis,
834 772 868 826 ut
896 762 981 826 nullo
1006 773 1108 826 tem-s

97 893 173 956 pore
197 870 338 953 legiones
363 869 486 933 desitae
511 868 620 954 populi
636 870 773 932 Romani
791 870 823 931 in
839 868 901 930 hae
917 870 1085 952 provincia

97 973 219 1039 haberi.
252 973 354 1057 Apud
378 995 436 1036 vos
459 972 619 1036 beneficia
642 995 700 1058 pro
723 971 900 1051 maleficiis,
925 972 1085 1035 maleficia

99 1101 157 1163 pro
186 1078 351 1140 benefieiis
380 1077 551 1141 habentur.
598 1077 650 1141 Ita
682 1098 788 1160 neque
812 1079 845 1140 in
869 1078 932 1139 otio
956 1096 1085 1138 coneor.

98 1182 186 1246 diam
208 1202 314 1265 neque
338 1184 370 1245 in
394 1181 477 1245 bello
500 1184 656 1245 virtutem
683 1181 746 1245 ullo
777 1191 923 1266 tempore
946 1181 1085 1243 retinere

99 1287 254 1369 potuistis.
290 1285 440 1346 Privatus
464 1305 506 1347 ex
529 1283 607 1367 fuga
624 1282 681 1346 Cn.
699 1284 872 1367 Pompeius
896 1282 1108 1346 adulescenso

100 1412 120 1450 a
142 1386 234 1449 vobis
268 1396 418 1471 receptus
451 1386 555 1450 fasees
586 1387 822 1470 imperiumque
855 1385 916 1448 sibi
939 1387 1085 1470 arripuit,

99 1489 208 1554 multis
231 1491 410 1554 interfectis
434 1491 558 1554 civibus
582 1491 703 1554 auxilia
720 1500 833 1554 eontra
857 1489 1009 1575 populum
1026 1492 1086 1553 Ro-

102 1615 235 1657 manum
258 1596 472 1678 compararit,
496 1617 592 1678 agros
616 1596 883 1678 provinciamque
898 1602 1006 1656 vestro
1030 1596 1086 1656 im-

101 1696 195 1782 pulsu
211 1695 428 1782 depopulavit.
460 1697 498 1760 In
516 1718 579 1781 quo
595 1719 653 1760 vos
668 1699 808 1760 victores
825 1695 1108 1760 existimabatis‘lt

101 1800 155 1864 An
178 1823 229 1863 me
247 1799 352 1863 deleto
376 1820 439 1862 non
463 1798 777 1864 animadvertebatis
803 1795 940 1884 [decem]
963 1800 1087 1864 habere

101 1902 242 1987 legiones
265 1902 418 1988 populum
441 1904 643 1984 Romanum,
673 1924 756 1986 quae
779 1925 844 1966 non
868 1903 971 1966 solum
993 1903 1087 1966 vobis

103 2005 267 2088 obsistere,
285 2006 342 2068 sed
358 2007 456 2069 etiam
469 2006 595 2068 eaelum
613 2005 742 2069 diruere
759 2008 916 2093 possent?
940 2008 1088 2088 Quarum

103 2107 252 2172 laudibus
275 2117 308 2172 et
330 2111 449 2172 virtute
453 2159 546 2172 .....
