2376 3924
389 244 499 295 LIBER
516 243 553 306 11,
572 242 649 300 CAP,
672 243 782 293 17-19.
1034 239 1072 302 71

91 460 205 503 versus
228 435 460 522 rempublicam
482 433 691 514 habuissent,
721 453 833 496 eorum
855 431 941 496 bona
963 433 996 494 in
1019 452 1073 514 pu-

93 541 214 606 blicum
247 538 429 603 addicebat.
480 537 687 601 Provinciam
721 555 849 598 omnem
882 535 915 596 in
949 556 1008 598 sua
1041 542 1074 597 et

93 646 226 729 Pompei
261 641 363 707 verba
397 640 620 705 iusiurandum
654 637 817 723 adigebat.
863 636 1007 722 Cognitis
1035 639 1094 709 iiss

92 747 201 829 rebus,
218 754 393 831 quaesunt
413 754 525 830 gestae
546 746 580 808 in
596 744 743 806 citeriore
762 743 930 827 Hispania,
953 740 1073 805 bellum

95 850 240 936 parabat.
279 851 374 914 Ratio
398 856 506 912 autem
529 849 611 912 haec
634 855 704 911 erat
726 845 811 928 belli,
834 853 870 909 ut
893 867 926 908 se
950 866 1024 908 cum
1047 862 1073 907 11

93 953 272 1038 legionibus
306 952 418 1018 Gades
451 952 629 1033 conferret,
669 971 771 1015 naves
810 950 1073 1032 frumentumque

93 1080 187 1123 omne
215 1057 259 1123 ibi
288 1059 459 1138 cotineret3
496 1057 696 1142 provinciam
724 1056 810 1119 enim
839 1075 968 1117 omnem
996 1050 1073 1116 Cae-

93 1164 174 1225 saris
202 1160 300 1226 rebus
328 1161 439 1226 favere
469 1167 674 1244 cognoverat.
720 1158 759 1222 In
787 1157 890 1222 insula
912 1157 1073 1220 frumento

93 1264 297 1350 navibusque
313 1266 507 1350 comparatis
529 1263 649 1329 bellum
672 1262 746 1327 duci
769 1285 833 1326 non
856 1259 986 1327 difficile
1009 1263 1074 1324 exi-

95 1367 257 1432 stimabat.
281 1367 413 1440 Caesar,
436 1369 495 1431 etsi
511 1366 619 1431 multis
641 1367 896 1450 necessariisque
919 1364 1017 1429 rebus
1040 1367 1094 1431 ini

93 1470 221 1534 Italiam
243 1470 468 1553 revocabatur,
492 1479 602 1535 tamen
624 1472 836 1534 constituerat
857 1468 979 1533 nullam
1001 1491 1072 1553 par-

93 1584 159 1638 tem
181 1572 255 1637 belli
278 1576 310 1638 in
333 1575 498 1660 Hispaniis
526 1573 723 1660 relinquere,
753 1573 840 1659 quod
861 1596 981 1658 magna
1003 1594 1073 1637 esse

93 1679 226 1762 Pompei
253 1677 413 1741 beneficia
441 1687 473 1742 et
499 1700 635 1764 magnas
663 1676 826 1743 clientelas
859 1678 892 1741 in
926 1677 1073 1740 citeriore

93 1783 260 1866 provincia
283 1779 415 1848 sciebat.

181 1885 229 1949 19.
254 1884 369 1969 Itaque
385 1873 512 1950 duabus
527 1885 706 1970 legionibus
721 1888 826 1951 missis
841 1890 875 1952 in
889 1886 1074 1951 ulteriorem

93 1991 285 2075 Hispaniam
313 2010 388 2053 cum
417 1991 457 2071 Q.
482 1988 609 2072 Cassio,
638 1990 767 2056 tribuno
796 1991 908 2076 plebis,
937 1993 1073 2075 ipsene

93 2114 167 2156 cum
182 2091 344 2177 equitibus
359 2094 486 2178 magnis
501 2091 670 2157 itineribus
693 2094 898 2179 progreditur
921 2092 1074 2157 edictum·

93 2217 156 2280 que
174 2197 359 2282 praemittit,
383 2196 426 2260 ad
449 2216 547 2280 quam
570 2196 656 2260 diem
678 2199 885 2282 magistratus
901 2199 1073 2282 principes-

93 2321 155 2384 que
189 2301 331 2364 omnium
360 2301 528 2364 civitatum
555 2300 616 2365 sibi
644 2323 714 2365 esse
744 2310 872 2387 praesto
901 2299 1073 2365 Cordubae

92 2402 197 2466 vellet.
243 2404 316 2484 Quo
347 2402 451 2467 edicto
482 2412 550 2467 tota
578 2407 745 2488 provincia
774 2404 964 2489 pervulgato
986 2401 1095 2466 nullae

92 2507 153 2570 fuit
175 2507 299 2588 civitas,
323 2507 401 2590 quin
424 2505 467 2570 ad
489 2506 523 2570 id
544 2516 672 2593 tempus
695 2517 821 2593 partem
845 2516 975 2572 senatus
998 2506 1072 2571 Cor-

93 2609 215 2673 dubam
245 2612 402 2693 mitteret,
436 2632 501 2675 non
530 2613 609 2676 civis
637 2613 802 2676 Romanus
836 2611 931 2697 paulo
958 2612 1072 2698 notior,

94 2715 170 2796 quin
194 2712 236 2776 ad
259 2712 345 2776 diem
368 2716 563 2778 conveniret.
599 2714 700 2780 Simul
722 2717 790 2799 ipse
806 2713 978 2779 Cordubae
1001 2736 1095 2779 con-s

92 2826 209 2881 ventus
237 2838 295 2902 per
324 2839 358 2881 se
382 2827 491 2903 portas
513 2819 655 2884 Varroni
678 2817 808 2901 clausit,
838 2819 1001 2884 custodias
1029 2821 1073 2883 vi·

92 2920 249 3006 giliasque
261 2923 294 2984 in
306 2922 449 2987 turribus
464 2944 622 3008 muroque
635 2922 801 3009 disposuit,
818 2923 965 2988 cohortes
981 2924 1096 3007 duas,4

93 3046 177 3109 quae
193 3023 355 3089 colonicae
367 3025 623 3112 appellabantur,
647 3049 721 3091 oum
744 3049 782 3091 eo
805 3048 883 3090 casu
897 3030 1071 3109 venissent,

92 3128 204 3192 tuendi
220 3128 329 3215 oppidi
352 3152 451 3194 causa
473 3130 561 3216 apud
584 3152 618 3194 se
640 3133 780 3211 retinuit.
815 3132 936 3196 Iisdem
957 3132 1094 3196 diebuse

92 3231 342 3316 Carmonenses,
371 3243 527 3319 quaeest
555 3232 649 3319 longe
678 3236 861 3300 firmissima
882 3238 980 3300 totius
1002 3257 1072 3320 pro-

91 3338 217 3401 vinciae
240 3339 370 3419 civitas,
400 3336 548 3402 deductis
576 3336 681 3404 tribus
703 3341 736 3404 in
759 3361 868 3403 arcem
892 3339 1001 3425 oppidi
1024 3360 1073 3403 co-

92 3439 238 3504 hortibus
262 3465 281 3505 a
303 3441 453 3506 Varrone
476 3443 647 3527 praesidio,
671 3465 729 3528 per
752 3465 786 3506 se
810 3442 957 3506 cohortes
979 3444 1073 3506 eiecit

94 3552 269 3629 portasque
291 3543 474 3629 praeclusit.
