2376 3924
133 226 196 290 250
436 226 486 275 nn
505 227 624 277 senno
645 225 802 276 Gannico

133 415 329 482 calamitate
353 416 588 484 submissiores
613 427 726 484 essent
748 418 892 501 futurae,
927 418 1006 484 dato
1032 441 1110 485 vero

133 521 243 606 spatio
266 543 307 585 ac
331 531 479 607 tempore
503 520 620 587 eodem
643 523 829 604 instigante
844 522 1020 589 Dumnaco
1036 548 1111 612 pos-

111 633 210 690 esent
232 626 409 690 concitari.
455 624 530 706 Qua
553 626 589 689 in
612 648 648 690 re
672 648 799 692 summa
822 625 969 692 felicitas
993 627 1111 693 celeri-

133 729 296 814 tasqucin
305 726 509 814 recipiendis
517 727 715 794 civitatibus
723 727 869 794 Fabium
882 733 1111 816 consequitur.

132 833 218 897 Nam
241 829 419 915 Carnutes,
450 832 506 916 qui
536 854 637 918 saepe
659 834 777 898 vexati
805 855 987 919 numquam
1016 837 1111 920 pacis

132 937 284 1002 fecerant
307 935 521 1017 mentionem,
547 934 637 1001 datis
654 934 829 1002 obsidibus
845 939 986 1003 veniunt
1002 940 1037 1003 in
1056 938 1110 1004 de-

110 1039 304 1120 tditionem,
341 1047 541 1124 ceteraeque
569 1040 728 1109 civitates
757 1041 890 1127 positae
919 1043 953 1105 in
982 1041 1111 1108 ultimis

133 1140 268 1207 Galliae
283 1140 417 1226 finibus,
431 1140 568 1208 Oceano
585 1146 797 1227 coniunctae,
814 1165 900 1229 quae
912 1143 1111 1213 Armoricae

132 1245 356 1333 appellantur,
369 1248 574 1312 auctoritate
586 1246 948 1314 adductanarnutum
960 1247 1111 1315 adventu

112 1351 474 1436 ⁶Fabiilegionumque
482 1352 647 1437 imperata
656 1351 727 1416 sine
742 1374 837 1417 mora
849 1352 990 1417 faciunt.
1006 1353 1110 1418 Dum·
1168 1398 1172 1404 -

131 1477 238 1521 naeus
256 1456 325 1520 suis
341 1454 465 1521 finibus
483 1454 644 1541 expulsus
660 1477 776 1520 errans
792 1454 1002 1540 latitansque
1019 1454 1111 1520 solus

133 1569 303 1625 extremas
328 1558 464 1624 Galliae
487 1559 643 1643 regiones
666 1567 782 1644 petere
805 1567 857 1623 est
879 1568 1029 1624 coactus.

218 1662 269 1728 32.
286 1662 332 1728 At
343 1662 498 1749 Drappes
514 1684 649 1748 unaque
661 1662 851 1745 Lucterius,
868 1685 944 1727 cum
959 1661 1111 1745 legiones

132 1764 378 1852 Caniniumque
397 1765 518 1830 adesse
533 1775 778 1850 cognoscerent
794 1788 857 1832 nec
874 1789 911 1832 se
927 1767 1000 1831 sine
1015 1775 1111 1831 certa

131 1870 281 1955 pernicie
304 1880 526 1956 persequente
549 1871 702 1935 exercitu
731 1879 892 1956 putarent
915 1870 1112 1956 provinciae

131 1974 215 2038 fines
232 1975 359 2039 intrare
374 1994 473 2059 posse
489 1996 551 2039 nec
568 1975 634 2038 iam
650 1973 757 2040 libere
772 1973 923 2058 vagandi
938 1973 1112 2040 latrocini·

134 2100 292 2164 orumque
304 2077 535 2142 faciendorum
546 2077 746 2143 facultatem
757 2078 932 2162 haberent,
945 2079 980 2142 in
987 2077 1110 2144 finibus

111 2183 323 2248 sconsistunt
346 2179 586 2247 Cadurcorum.
631 2181 684 2248 Ibi
713 2203 789 2247 cum
811 2183 991 2249 Lucterius
1020 2180 1112 2268 apud

134 2307 210 2350 suos
224 2286 316 2352 cives
330 2284 499 2371 quondam
511 2286 654 2369 integris
667 2284 768 2351 rebus
779 2285 919 2351 multum
934 2288 1110 2372 potuisset,

133 2411 329 2475 semperque
358 2397 477 2454 auctor
509 2410 673 2455 novorum
701 2388 919 2455 consiliorum
952 2411 1112 2475 magnam

132 2491 1111 2580 apudbarbarosauctoritatemhaberet,oppidumUxello-

134 2598 267 2670 dunum,
285 2596 375 2683 quod
387 2599 421 2662 in
434 2596 594 2662 clientela
607 2597 717 2662 fuerat
735 2597 817 2681 eius,
835 2598 972 2680 egregie
988 2607 1111 2663 natura

132 2701 198 2765 loci
213 2703 388 2783 munitum,
405 2709 549 2785 occupat
566 2701 636 2764 suis
653 2709 686 2765 et
697 2699 882 2786 Drappetis
899 2701 1005 2786 copiis
1019 2702 1112 2787 oppi-

134 2804 306 2890 danosque
330 2802 395 2868 sibi
419 2804 606 2886 coniungit.

217 2906 268 2969 33.
288 2906 362 2988 Quo
378 2927 453 2971 cum
469 2906 648 2972 confestim
661 2904 768 2972 Gaius
781 2905 945 2972 (laninius
961 2910 1112 2974 venisset

132 3009 485 3094 animadverteretque
493 3032 607 3075 omnes
617 3011 731 3097 oppidi
744 3019 860 3096 partes
873 3013 1111 3097 praeruptissi-

132 3115 193 3179 mis
212 3115 304 3179 saxis
323 3134 396 3178 csse
412 3117 570 3195 munitas,
587 3136 651 3201 quo
670 3113 873 3180 defendente
888 3113 981 3180 nullo
997 3124 1112 3180 tamen

132 3219 273 3283 armatis
298 3217 482 3284 ascendere
505 3228 594 3284 esset
613 3219 759 3304 difficile,
783 3240 908 3302 magna
924 3227 1036 3284 autem
1053 3219 1112 3283 im·

57 3329 64 3335 ’
130 3324 324 3411 pedimenta
338 3322 580 3409 oppidanorum
592 3321 734 3405 videret,
752 3345 838 3409 quae
855 3323 884 3388 si
896 3319 1111 3387 clandestina

131 3428 213 3512 fuga
228 3426 425 3493 subtrahere
437 3436 653 3510 conarentur,
666 3427 812 3511 effugere
824 3449 892 3492 non
907 3424 1006 3491 modo
1020 3427 1112 3511 equi-

132 3542 250 3614 tatum,
276 3532 337 3597 sed
359 3554 402 3598 ne
424 3531 576 3618 legiones
600 3531 735 3618 quidem
758 3539 910 3617 possent,
938 3531 1110 3618 tripertito
