2376 3924
356 977 393 1045 Ο.
416 978 548 1046 IULII
570 977 805 1046 CAESARIS

150 1141 263 1251 DE
304 1137 585 1250 BELLO
626 1133 1010 1250 GALLIUO

405 1357 537 1407 LIBER
556 1356 761 1419 QUARTUS.

434 1598 727 1657 ARGUMENTUM.

88 1738 130 1806 [A.
151 1739 184 1789 U.
204 1737 233 1791 0.
252 1736 322 1808 699]
340 1739 467 1805 Usipetes
486 1745 513 1789 et
529 1739 663 1804 Tencteri,
685 1738 823 1804 Germani,
842 1741 970 1788 continuo
996 1738 1069 1788 bello

42 1814 45 1818 ’
125 1825 249 1875 lacessiti
268 1841 285 1876 a
298 1824 403 1889 Suebis,
422 1841 535 1891 quorum
554 1843 643 1878 mores
661 1843 683 1878 a.
700 1826 766 1876 1-3
785 1825 983 1888 deseribuntur,
1001 1825 1072 1876 Rhe·

126 1926 192 1960 num
211 1915 353 1961 transeunt
371 1917 398 1962 et
416 1913 568 1979 Menapios,
587 1912 684 1964 deinde
702 1913 844 1963 Eburones
864 1910 1072 1978 Condrusosque

126 1999 251 2063 aggressi
269 2013 286 2048 a
304 1996 422 2049 Caesare
436 1999 532 2050 eastris
545 2003 688 2051 exuuntur.
708 1998 761 2060 Qui
774 2015 807 2048 ex
820 1999 981 2064 gravissima
994 1997 1071 2048 elada

126 2089 280 2149 evaserant,
299 2089 373 2135 trans
382 2085 508 2135 Rhenum
521 2085 555 2136 ad
568 2085 733 2151 Sugambros
744 2081 781 2152 {se
793 2086 929 2150 recipiunt
942 2101 965 2134 a.
980 2084 1073 2133 1-15.

126 2171 216 2220 Ponte
234 2171 305 2221 tauto
325 2171 426 2222 Caesar
443 2171 569 2222 Rhenum
586 2172 792 2238 transgreditur,
816 2173 979 2238 Sugambros
999 2171 1072 2236 agris

128 2257 305 2308 devastandis
329 2256 485 2320 uleisoitur,
512 2257 598 2308 Ubios
625 2273 642 2308 a
665 2258 762 2308 Suebis
792 2274 934 2323 oppressos
964 2258 1071 2318 liberat,

128 2343 229 2394 deinde
252 2344 281 2392 in
301 2341 419 2394 Galliam
441 2343 513 2394 redit
530 2361 554 2394 o.
579 2345 689 2396 16-19.
724 2345 884 2395 Britanniae
906 2344 1033 2394 litoribus
1056 2358 1073 2393 a

127 2429 265 2480 Voluseno
291 2427 438 2495 exploratis
461 2433 489 2480 et
516 2428 603 2481 alasse
629 2435 724 2480 ooaota
743 2429 844 2481 Caesar
871 2431 1017 2480 eMorinis
1044 2430 1072 2478 in

131 2514 250 2565 insulam
268 2515 361 2566 traicit
379 2531 400 2568 e.
414 2516 525 2567 20—28.
544 2515 632 2582 Aegre
651 2515 816 2582 exereitusin
835 2522 934 2567 terram
952 2516 1073 2581 exposito

128 2601 260 2652 barbaros
279 2601 364 2652 semel
382 2582 535 2666 iterumque
552 2602 639 2652 vineit
658 2619 680 2652 o.
693 2602 810 2665 24-353
830 2601 972 2652 obsidibus
991 2604 1072 2668 impe-

127 2687 195 2737 ratis
218 2687 246 2737 in
265 2687 383 2738 Galliam
407 2688 519 2739 redite.
538 2689 708 2752 annotini,
732 2690 778 2754 qui
802 2688 981 2739 rebellionem
1003 2688 1073 2738 leoe-

128 2778 199 2838 rant,
213 2775 383 2841 subiguntur,
396 2790 447 2826 nee
460 2791 515 2826 non
527 2775 723 2841 Messapiorum
734 2777 793 2841 agri
803 2780 943 2826 vastantur
953 2775 1074 2839 eatae.

182 2946 211 3012 1.
233 2947 296 3031 Ila,
319 2970 406 3034 quae
430 2955 545 3014 secuta
569 2956 631 3032 est,
653 2947 772 3032 hieme,
798 2948 855 3034 qui
878 2948 941 3012 fuit
965 2970 1073 3012 annus

96 3048 194 3115 Gneo
210 3050 378 3137 Pompeio,
401 3049 518 3116 Marco
539 3048 664 3116 Crasso
686 3049 892 3136 oonsulibus,
918 3052 1074 3139 Usipetes

94 3151 314 3218 Germanioi
338 3154 417 3219 item
432 3154 590 3220 Tencteri
618 3175 742 3238 magua
766 3177 841 3221 oum
861 3153 1074 3221 multitudine

94 3257 266 3322 hominum
294 3255 414 3321 flumen
437 3255 589 3321 Rhenum
619 3257 845 3340 transierunt,
883 3279 949 3321 non
974 3256 1074 3340 longe

94 3383 116 3425 a
138 3361 235 3438 mari,
258 3381 324 3445 quo
345 3359 481 3425 Rhenus
505 3359 623 3424 influit.
648 3357 761 3426 Causa
785 3360 983 3425 transeundi
1000 3361 1096 3445 fuiss

95 3463 188 3551 quod
220 3461 262 3535 ab
286 3460 407 3529 Suebis
436 3462 624 3550 complures
654 3487 761 3530 annos
791 3465 958 3548 exagitati
986 3462 1075 3530 bello

147 3580 235 3624 oure.
247 3580 265 3624 1.
275 3581 296 3625 e.
308 3581 334 3622 o.
879 3567 897 3618 a
