2376 3924
215 911 534 1022 aunuum
563 911 1051 1062 laurearum

554 1149 705 1158 ⁵——

483 1337 775 1393 ARGUMENTULI.

138 1458 179 1528 [A.
192 1461 224 1514 U.
240 1461 269 1511 C.
284 1463 343 1513 707.
357 1458 426 1528 toa]
447 1460 575 1511 Exercitu
585 1461 746 1526 Lilybaeum
758 1464 898 1509 contracto
910 1458 1014 1510 Caesar
1028 1461 1131 1514 classe

172 1549 199 1596 in
211 1547 331 1598 Africam
349 1547 529 1614 proficiscitur
547 1564 569 1597 c.
586 1550 608 1596 1.
621 1550 646 1596 2.
664 1547 780 1597 Navium
793 1551 871 1610 parte
890 1544 925 1596 ad
938 1545 1124 1600 Adrumetum

172 1633 287 1683 collecta
306 1633 433 1699 (reliquas
446 1639 593 1698 tempestas
612 1650 628 1683 a
648 1649 729 1684 cursu
747 1635 894 1697 averterat)
909 1631 1012 1684 Caesar
1024 1637 1124 1700 copias

172 1722 282 1785 exponit
300 1727 444 1784 castraque
462 1720 496 1770 ad
515 1721 644 1787 oppidum
663 1720 780 1770 collocat
798 1737 822 1771 c.
840 1722 865 1770 3.
903 1720 1036 1786 Captivos
1057 1736 1122 1772 cum

170 1807 268 1857 litteris
288 1806 323 1856 ad
342 1805 513 1868 Considium,
538 1807 584 1872 qui
603 1807 701 1872 oppido
720 1812 860 1874 praeerat,
885 1807 983 1857 missus
1003 1814 1123 1859 necatur

172 1908 194 1944 c.
207 1894 232 1940 4.
252 1891 449 1944 Deficientibus
468 1894 504 1944 ad
523 1894 650 1960 oppidum
670 1895 879 1960 expugnandum
896 1895 1001 1944 viribus
1016 1893 1123 1946 Caesar

174 1982 264 2028 castra
282 1979 316 2029 ad
329 1980 478 2044 Ruspinam
497 1985 588 2030 movet
606 1997 627 2034 c.
641 1980 665 2030 ὁ.
679 1982 704 2042 6,
722 1980 786 2030 inde
806 1981 840 2030 ad
853 1980 976 2046 Leptim3
996 1996 1051 2047 quo
1073 1998 1121 2048 op-

173 2063 236 2128 pido
249 2070 357 2130 recepto
370 2067 399 2114 in
411 2065 491 2116 litore
503 2071 594 2116 castra
605 2067 690 2133 ponit,
709 2068 818 2133 iamque
832 2083 880 2131 per
892 2066 999 2117 litteras
1011 2067 1121 2119 auxilia

171 2165 204 2199 ex
223 2148 351 2200 Sardinia
368 2149 546 2217 finitimisque
565 2153 713 2217 provinciis
732 2153 847 2202 arcessit
865 2157 893 2202 et
911 2153 1018 2218 copias,
1045 2168 1119 2219 quae

168 2236 196 2283 in
217 2235 312 2287 Sicilia
330 2245 525 2300 remanserant,
544 2238 767 2305 transmittendas
787 2243 865 2288 curat
883 2255 906 2290 c.
921 2238 997 2289 7-9.
1019 2238 1117 2290 Nares

169 2338 259 2372 errore
278 2323 420 2386 abductae,
440 2340 506 2391 quas
521 2325 622 2376 Caesar
639 2326 699 2391 ipse
718 2323 806 2373 classe
825 2337 976 2375 conscensa
988 2323 1043 2374 iam
1056 2331 1119 2375 erat

168 2410 380 2474 conquisiturus,
401 2409 551 2461 adveniunt
569 2410 646 2461 c.10.
667 2411 707 2460 11.
734 2409 820 2459 Paulo
838 2414 899 2474 post
916 2407 1021 2474 proelio
1041 2425 1117 2461 com-

167 2496 249 2545 misso
275 2494 376 2546 Caesar
403 2497 484 2546 unica
511 2497 552 2546 rei
578 2495 704 2545 militaris
731 2495 831 2561 peritia
857 2494 950 2546 hostes
977 2491 1116 2561 imprimis

168 2581 288 2646 equitum
309 2599 420 2634 numero
440 2585 594 2650 superiores
612 2583 689 2648 lugat
706 2598 730 2633 c.
745 2583 853 2632 12-18.
882 2582 959 2645 Quae
977 2583 1115 2646 Labieno,

168 2666 285 2717 hostium
305 2668 376 2731 duci,
396 2676 459 2720 ante
472 2669 606 2736 proelium
617 2669 700 2718 fuerit
712 2669 813 2720 fiducia
825 2668 956 2735 perfugae
970 2675 997 2720 et
1009 2672 1114 2735 captivi

167 2751 265 2802 docent
284 2770 306 2804 c.
323 2757 362 2805 19.
382 2754 484 2805 Cacsar
497 2756 593 2806 castris
606 2754 760 2806 muniendis
773 2752 1017 2820 comparandisque
1030 2756 1116 2809 rebus

166 2837 201 2885 ad
220 2838 321 2888 bellum
341 2841 504 2890 necessariis
530 2857 638 2906 operam
659 2841 719 2900 dat3
744 2841 859 2891 classem
883 2841 919 2891 ad
942 2857 1027 2892 naves
1048 2858 1114 2894 oue·

166 2924 251 2972 rarius
270 2939 303 2973 ex
322 2941 411 2974 errore
425 2926 624 2992 conquirendas
642 2927 725 2976 mittit
744 2943 766 2976 c.
782 2927 821 2976 10.
840 2928 880 2980 21.
903 2926 951 2978 On.
964 2928 1115 2993 Pompeius

165 3008 238 3059 lilius
257 3026 273 3060 a
291 3011 327 3060 M.
341 3011 444 3063 Catone
462 3015 548 3077 patris
562 3013 748 3064 admonitione
766 3013 802 3064 ad
821 3029 876 3064 rem
890 3019 1002 3064 strenue
1015 3028 1114 3080 geren-

165 3097 226 3147 dam
246 3099 375 3149 incitatur
393 3115 415 3152 c.
429 3101 469 3152 22.
493 3100 625 3150 Ascurum
638 3102 821 3151 Mauritaniae
840 3098 970 3166 oppidum
989 3100 1112 3153 navibus

165 3188 293 3250 temptat3
322 3187 461 3251 eruptione
487 3185 521 3235 ab
546 3186 688 3252 oppidanis
707 3187 779 3237 iacta
797 3189 825 3236 in
844 3199 929 3234 naves
948 3187 1112 3252 compulsus

164 3271 269 3322 insulas
288 3272 418 3322 Baleares
436 3273 504 3339 petit
523 3288 546 3324 c.
557 3274 598 3323 23.
628 3273 764 3340 Scipionis
784 3273 878 3336 copiae
897 3287 958 3322 cum
974 3271 1070 3323 Petrei
1087 3278 1117 3323 et

163 3359 280 3408 Labieni
299 3360 501 3424 coniunguntur
523 3375 546 3410 c.
565 3359 612 3421 24,
639 3360 738 3427 quibus
763 3365 788 3407 el
977 3357 1115 3410 sarcitum

164 3445 341 3495 adiuncturus
361 3453 428 3510 erat,
449 3447 496 3496 sed
516 3462 576 3497 cum
595 3445 661 3496 lines
675 3461 692 3496 a
704 3447 764 3496 Boo¹
1012 3458 1120 3513 trogo,
