2376 3924
116 229 177 293 102
443 228 493 278 Du
511 226 631 278 sunno
651 227 764 279 crvun
825 252 827 256 -

114 421 308 507 properandi
336 420 413 485 facit
443 429 614 505 castraque
643 420 686 484 ad
708 420 829 484 flumen
852 418 979 505 Apsum
1002 421 1097 506 ponit

113 527 146 589 in
168 522 286 588 finibus
301 522 561 610 Apolloniatium,
585 532 621 588 ut
644 522 781 588 castellis
803 522 983 608 vigiliisque
1006 523 1095 590 bene

113 630 246 693 meritae
270 629 416 693 civitates
439 636 527 691 tutae
551 636 658 691 essent
674 621 867 712 [praesidio],
891 625 999 711 ibique
1022 628 1096 694 reli·

109 725 251 818 ¹quarum
273 755 316 797 ex
337 731 431 796 Italia
453 731 614 816 legionum
637 730 815 795 adventum
845 740 1037 815 exspectare
1061 741 1097 797 et

92 837 173 901 asub
197 836 332 922 pellibus
354 836 496 900 hiemare
521 836 694 899 constituit.
729 834 802 899 Hoc
816 833 904 898 idem
919 833 1096 921 Pompeius

113 943 190 1006 feeit
211 951 243 1006 et
258 951 349 1005 trans
364 941 484 1004 flumen
500 938 628 1025 Apsum
651 941 762 1025 positis
785 941 900 1004 castris
922 960 960 1003 eo
983 942 1097 1024 copias

115 1067 224 1109 omnes
248 1044 433 1129 auxiliaque
457 1044 622 1108 conduxit.

202 1146 250 1211 14.
286 1146 424 1212 Calenus
458 1143 635 1231 legionibus
669 1143 896 1231 equitibusque
928 1144 1098 1210 Brundisii

114 1253 146 1315 in
174 1273 275 1315 naves
302 1252 472 1336 impositis,
500 1258 537 1314 ut
564 1258 635 1313 erat
664 1258 873 1335 praeceptum
900 1273 920 1313 a
943 1248 1096 1332 Caesare,

115 1363 272 1439 quantum
304 1356 437 1418 navium
459 1353 645 1418 facultatem
673 1351 831 1436 habebat,
864 1374 966 1418 naves
999 1351 1100 1417 solvit

115 1458 310 1544 paulumque
344 1481 364 1521 a
397 1465 492 1545 portu
526 1477 715 1543 progressus
749 1455 872 1521 litteras
905 1479 926 1521 a
954 1456 1097 1522 Caesare

115 1565 246 1648 accipit,
282 1562 398 1647 quibus
432 1570 482 1625 est
514 1561 630 1624 certior
662 1560 768 1624 factus
797 1569 909 1645 portus
936 1558 1097 1645 litoraque

93 1669 221 1731 ²omnia
244 1665 398 1730 classibus
421 1664 682 1728 adversariorum
705 1664 816 1726 teneri.
863 1663 937 1744 Quo
965 1666 1096 1748 cognito

115 1793 149 1833 se
173 1773 204 1834 in
228 1777 356 1854 portum
377 1769 492 1852 recipit
513 1787 678 1850 navesque
701 1787 811 1830 omnes
840 1775 981 1831 revocat
1018 1767 1098 1832 Una

115 1897 158 1938 ex
180 1875 244 1954 his,
275 1897 358 1959 quae
381 1874 602 1958 perseveravit
624 1892 729 1956 neque
751 1873 884 1957 imperio
908 1870 1018 1937 Caleni
1043 1871 1097 1937 ob-

117 1979 318 2062 temperavit,
343 1975 429 2061 quod
453 1984 522 2041 erat
544 1977 612 2039 sine
634 1972 787 2038 militibus
809 1975 1000 2060 privatoque
1024 1998 1097 2041 con-

116 2081 183 2145 silio
207 2079 501 2158 administrabatur,
526 2077 633 2142 delata
656 2078 789 2143 Oricum
818 2086 915 2163 atque
937 2101 958 2142 a
979 2077 1098 2144 Bibulo

94 2193 303 2269 eoxpugnata
326 2192 389 2265 est3
421 2185 475 2267 qui
498 2181 539 2246 de
562 2183 664 2245 servis
686 2179 860 2266 liberisque
883 2179 1031 2246 omnibus
1054 2182 1098 2247 ad

115 2287 298 2373 impuberes
322 2285 512 2372 supplicium
541 2286 638 2348 sumit
671 2292 703 2347 et
731 2281 774 2346 ad
807 2305 908 2348 unum
935 2284 1097 2350 interficit.

115 2394 165 2456 Ita
188 2395 306 2475 exiguo
335 2399 479 2475 tempore
508 2409 691 2472 magnoque
714 2409 793 2452 casu
814 2389 912 2452 totius
934 2388 1098 2454 exercitus

116 2494 200 2559 salus
223 2496 373 2559 constitit.

205 2597 252 2661 15.
286 2596 436 2678 Bibulus,
466 2605 502 2660 ut
530 2617 628 2681 supra
650 2594 906 2660 demonstratum
928 2604 992 2677 est,
1026 2605 1100 2661 erat

116 2723 189 2765 eum
213 2700 313 2764 classe
342 2700 384 2763 ad
414 2701 547 2765 Oricum
576 2706 623 2782 et,
657 2700 750 2763 sicuti
778 2699 860 2763 mari
887 2697 1099 2786 portibusque

117 2802 290 2866 Caesarem
324 2800 531 2886 prohibebat,
565 2803 610 2866 ita
643 2803 711 2888 ipse
745 2802 832 2866 omni
864 2809 952 2866 terra
985 2824 1099 2867 earum

95 2905 284 2988 ²regionum
322 2902 567 2989 prohibebatur3
607 2903 776 2989 praesidiis
813 2905 899 2969 enim
936 2904 1099 2991 dispositis

117 3009 223 3070 omnia
251 3005 344 3070 litora
367 3030 386 3069 a
409 3006 548 3071 Caesare
576 3005 784 3090 tenebantur,
819 3030 925 3094 neque
954 3007 1100 3093 lignandi

115 3119 213 3194 atque
236 3108 378 3194 aquandi
400 3131 504 3194 neque
528 3132 628 3175 naves
651 3111 694 3176 ad
716 3121 837 3177 terram
859 3110 1018 3197 religandi
1040 3134 1094 3199 po-

95 3222 217 3277 stestas
244 3211 353 3277 fiebat.
398 3213 480 3278 Erat
505 3235 559 3279 res
588 3216 621 3279 in
648 3238 768 3299 magna
790 3215 992 3299 difficultate,
1015 3237 1099 3280 sum-

117 3319 242 3402 misque
265 3318 420 3402 angustiis
449 3339 558 3381 rerum
580 3320 835 3382 necessariarum
857 3317 1099 3405 premebantur,

120 3421 201 3485 adeo
224 3429 260 3486 ut
282 3428 474 3505 cogerentur
503 3422 597 3484 sicuti
623 3420 784 3506 reliquum
812 3430 1027 3488 commeatum
1056 3425 1103 3488 ita

121 3523 209 3606 ligne
237 3531 334 3608 atque
363 3544 482 3607 aquam
504 3520 650 3608 Corcyra
676 3523 817 3588 navibus
845 3527 999 3590 onerariis
1027 3548 1101 3613 sup·
