2376 3924
376 234 487 285 arnna
503 235 536 297 u,
555 235 632 287 oar.
651 236 760 290 as-au
993 235 1048 298 121

74 437 110 493 et
134 425 283 507 Quintus
306 425 422 491 Iunius
456 447 498 490 ex
528 425 697 511 Hispania
727 426 873 512 quidam,
908 428 963 513 qui
987 427 1053 491 iam

72 539 156 596 ante
178 531 285 594 missu
300 526 459 595 Caesaris
484 528 529 595 ad
544 529 775 614 Ambiorigem
791 531 961 596 ventitare
977 551 1052 594 eon·

73 641 205 717 suerat3
222 632 312 719 apud
324 654 407 720 quos
420 632 598 698 Ambiorix
611 633 757 699 adhunc
771 633 905 699 modum
922 633 1053 699 locutus

73 744 140 801 est:
167 756 242 800 sese
264 757 324 821 pro
342 733 499 802 Caesaris
524 738 557 801 in
575 760 611 802 se
631 737 805 802 benefieiis
829 736 1007 822 plurimum
1024 739 1074 801 eit

71 839 226 906 confiteri
244 839 378 923 debere,
394 839 484 926 qnod
500 841 571 905 eius
589 862 689 926 opera
707 839 873 927 stipendio
891 840 1053 906 liberatus

73 953 174 1021 esset,
199 941 289 1029 quod
305 942 505 1025 Aduatucis,
528 944 680 1008 finitimis
705 945 784 1028 suis,
807 943 954 1030 pendere
977 966 1053 1010 oon·

77 1055 221 1130 mosset,
244 1046 399 1133 quodque
422 1049 452 1112 ei
475 1046 611 1114 attilius
629 1057 662 1112 et
678 1046 801 1133 fratris}
816 1047 905 1114 filius
928 1071 948 1113 a
970 1045 1053 1112 Cae-

73 1173 150 1216 sare
166 1152 298 1215 remissi
315 1160 439 1235 essent,
462 1173 545 1237 quos
559 1151 729 1216 Aduatuci
746 1151 901 1217 obsidum
916 1175 1052 1217 numero

74 1256 195 1320 missos
219 1254 311 1342 apud
334 1277 369 1320 se
392 1257 428 1320 in
451 1258 614 1321 servitute
637 1266 672 1321 et
694 1257 823 1321 catenis
847 1259 1051 1340 tenuissent3

73 1380 182 1444 neque
206 1357 251 1440 id,
276 1358 364 1446 quod
387 1359 506 1425 feeerit
523 1359 564 1425 de
581 1362 831 1445 oppugnatione
854 1369 1072 1441 castrorum,³

74 1472 133 1527 aut
157 1461 283 1551 iudicio
307 1472 365 1528 aut
389 1463 566 1529 voluntate
591 1486 651 1528 sua
680 1464 813 1548 fecisse,
849 1464 908 1529 sed
931 1475 1052 1530 coactu

74 1566 246 1646 eivitatis3
280 1586 407 1651 suaque
437 1588 511 1631 esse
540 1566 703 1630 eiusmodi
734 1569 886 1652 imperia,
920 1577 958 1631 ut
985 1590 1052 1633 nou

70 1670 183 1733 minus
206 1667 347 1734 heberet
370 1670 452 1734 iuris
476 1670 511 1734 in
536 1691 572 1734 se
593 1668 785 1754 multitudo,
810 1693 909 1755 quam
930 1672 1052 1755 ipsein

71 1770 333 1837 multitudinem.
346 1769 690 1859 Civitatiporrohane
702 1774 893 1840 fuissebelli
903 1789 1075 1857 eausam*

71 1875 162 1962 quod
174 1877 371 1962 repentinae
385 1874 560 1943 Gallorum
573 1880 798 1943 coniurationi
811 1881 969 1943 resistere
985 1899 1050 1942 non

72 1981 233 2066 potuerit.
277 1979 318 2045 ld
342 2002 376 2045 se
400 1980 501 2045 facile
526 2003 567 2046 ex
597 1981 787 2048 humilitate
818 2004 878 2046 sua
908 1981 1052 2068 probaro

70 2104 183 2168 posse,
207 2083 296 2168 quod
318 2105 385 2148 non
410 2084 494 2150 adeo
519 2087 563 2149 sit
587 2087 760 2171 imperitus
785 2108 905 2169 rerum,
929 2094 965 2149 ut
983 2087 1052 2149 suis

72 2187 181 2272 copiis
204 2185 362 2273 populum
385 2187 569 2253 Romanum
595 2191 745 2275 superari
770 2212 868 2275 posse
892 2188 1051 2261 confidat,

71 2288 140 2355 Sed
174 2311 248 2355 esse
283 2288 418 2357 Galliae
452 2313 626 2358 commune
660 2293 853 2358 eonsilium:
900 2292 1074 2357 omnibus⁵

70 2391 223 2463 hibernis
251 2391 409 2461 Caesaris
440 2395 675 2480 oppugnandis
704 2397 792 2460 huno
822 2418 896 2461 esse
926 2396 1052 2462 dictum

74 2496 173 2580 diem,
197 2519 240 2562 ne
262 2517 329 2583 qua
353 2496 442 2582 legio
466 2496 595 2563 alterae
618 2498 744 2582 legioni
769 2498 920 2564 subsidio
936 2502 1052 2565 venire

71 2609 198 2686 posset.
243 2600 319 2666 Non
341 2600 443 2667 facile
467 2599 584 2668 Gallos
609 2600 720 2668 Gallis
744 2624 869 2686 negare
892 2606 1074 2689 potuisse‚o

72 2705 274 2790 praesertim
290 2725 364 2770 eum
390 2704 431 2770 de
454 2706 686 2792 recuperanda
702 2709 869 2772 communi
893 2705 1052 2772 libertate

69 2806 250 2872 consilium
283 2809 403 2873 initum
427 2809 609 2874 videretur.
657 2808 786 2890 Quibus
812 2812 969 2896 quoniam
991 2832 1072 2897 prou

69 2912 200 2996 pietate
223 2912 438 2994 satisfecerit,
461 2913 586 2979 habere
609 2936 697 2979 nuno
716 2916 931 2980 serationem
950 2915 1051 2979 officii

69 3037 131 3103 pro
146 3014 320 3081 benefieiis
336 3013 511 3082 Caesaris:
534 3040 678 3100 monere,
697 3041 794 3083 orare
810 3018 975 3083 Titurium
991 3042 1050 3104 pro

68 3118 226 3204 bospitio,
240 3128 276 3184 ut
290 3140 372 3185 suae
384 3141 423 3184 ae
436 3119 579 3185 militum
593 3120 694 3186 saluti
707 3120 873 3187 consulat.
890 3122 1073 3205 Magnama

68 3243 206 3287 manum
219 3219 462 3289 Germanorum
478 3223 681 3288 conductam
698 3224 848 3290 Rhenum
868 3226 1049 3306 transisse3

69 3325 158 3391 hano
181 3323 285 3391 affore
306 3323 421 3392 biduo.
458 3327 612 3412 Ipsorum
635 3349 709 3392 esse
732 3328 876 3410 consilii,
900 3327 1072 3393 velintneo

67 3429 173 3513 prius,
196 3449 297 3515 quam
318 3430 452 3495 finitimi
477 3433 636 3516 sentiant,
671 3430 810 3498 eduotos
836 3456 878 3498 ex
900 3431 1049 3497 hibernis

69 3530 195 3598 milites
218 3541 277 3598 aut
300 3531 346 3599 ad
369 3530 565 3600 Ciceronem
588 3546 649 3600 aut
671 3535 716 3600 ad
732 3534 923 3601 Labienum
948 3534 1049 3600 dedu·
