2378 3922
143 249 203 314 118
458 249 508 299 nn
525 251 646 302 suano
666 250 778 301 mmm

139 462 203 525 quo
225 442 259 506 iu
281 440 350 506 loco
373 440 591 528 superioribus
620 442 687 506 fere
710 440 825 506 diebus
848 444 948 505 nostri
972 439 1123 526 pabulari

138 552 387 628 consueverant,
426 552 458 609 et
491 566 566 610 cum
599 544 760 610 cotidiana
793 543 1026 611 consuetudine
1056 545 1121 628 Qu.

137 647 261 730 Varus,
285 647 466 733 praefectus
488 650 633 733 equitum
656 650 805 731 Domitii,
828 650 984 732 venisset,
1014 648 1122 713 subito

114 750 180 814 ⁸illi
210 774 251 815 ex
286 750 408 816 insidiis
442 761 724 817 consurrexerunt.
771 752 836 819 Sed
864 754 964 817 nostri
994 751 1122 817 fortiter

137 857 292 940 impetum
315 877 427 920 eorum
454 854 613 939 tulerunt,
637 856 848 942 celeriterque
871 857 913 921 ad
939 878 1013 921 suos
1037 857 1121 941 quis-

137 980 199 1044 que
223 958 352 1022 ordines
380 958 492 1042 rediit,
527 969 624 1044 atque
658 960 743 1026 ultro
776 963 919 1026 universi
948 964 981 1025 in
1011 961 1121 1025 hostes

135 1061 290 1149 impetum
319 1063 481 1146 fecerunt;
516 1086 559 1127 ex
588 1064 638 1128 his
661 1065 789 1130 circiter
812 1082 907 1128 Lxxx
932 1065 1120 1145 interfectis,

135 1165 264 1250 reliquis
288 1168 320 1230 in
343 1166 453 1251 fugam
477 1169 637 1250 coniectis,
662 1167 787 1233 duobus
809 1170 933 1232 amissis
955 1172 988 1233 in
1012 1177 1120 1232 castra

134 1290 169 1333 sc
192 1280 392 1356 receperunt.

221 1373 272 1440 38.
295 1373 356 1437 His
371 1372 469 1439 rebus
484 1377 582 1459 gestis
598 1375 770 1458 Domitius,
787 1397 920 1462 sperans
937 1376 1120 1461 Scipionem

135 1476 176 1540 ad
200 1499 343 1562 pugnam
366 1477 436 1541 elici
464 1498 572 1563 posse,
608 1478 771 1543 simulavit
799 1501 869 1544 sese
892 1481 1049 1564 angustiis
1072 1480 1118 1541 rei

133 1581 363 1647 frumentariae
386 1581 563 1647 adductum
592 1592 699 1647 castra
720 1606 861 1666 movere,
889 1585 1040 1669 vasisque
1061 1584 1118 1647 mi·

134 1684 217 1750 litari
239 1708 329 1750 more
353 1686 560 1750 conclamatis
583 1709 772 1773 progressus
795 1687 882 1752 milia
905 1709 1059 1774 passuum
1077 1703 1120 1753 111

134 1805 203 1869 loco
226 1789 342 1854 idoneo
370 1799 402 1854 et
424 1789 548 1855 occulto
573 1812 700 1855 omnem
724 1794 904 1857 exercitum
927 1793 1118 1876 equitatum·

113 1907 199 1978 tque
221 1893 397 1959 collocavit.
428 1895 534 1979 Scipio
550 1894 592 1958 ad
608 1895 809 1979 sequendum
825 1903 957 1981 paratus
973 1877 1119 1980 'equitum

135 2019 288 2082 magnam
303 2007 428 2083 partem
445 1996 487 2062 ad
496 1998 733 2084 explorandum
744 2000 945 2063 iterDomitii
958 2008 990 2062 et
1003 2021 1118 2082 cogno-

101 2101 289 2166 *tscendum
305 2104 478 2187 praemisit.
503 2103 568 2183 Qui
585 2125 659 2166 cum
675 2113 782 2166 essent
798 2105 969 2188 progressi,
982 2104 1117 2188 primae-

134 2226 197 2289 que
212 2214 338 2269 turmae
354 2205 486 2269 insidias
501 2207 719 2288 intravissent,
743 2229 785 2269 ex
808 2206 937 2270 fremitu
960 2228 1118 2291 equorum

133 2307 221 2373 illata
243 2311 422 2395 suspicione
439 2308 480 2372 ad
497 2330 570 2372 suos
586 2331 619 2372 se
635 2311 779 2395 recipere
796 2318 980 2395 coeperunt,
997 2312 1118 2394 quique

134 2410 192 2475 hos
215 2411 435 2497 sequebantur
458 2411 596 2477 celerem
618 2435 729 2476 eorum
752 2422 919 2498 receptum
942 2416 1117 2499 conspicati

111 2517 329 2580 4restitcrunt.
375 2517 494 2599 Nostri,
518 2518 653 2600 cognitis
676 2515 817 2598 insidiis,
841 2539 882 2580 ne
904 2517 1025 2581 frustra
1046 2517 1116 2580 reli-

134 2641 214 2704 quos
237 2630 474 2706 exspectarent,
499 2620 581 2685 duas
604 2623 690 2684 nacti
712 2630 835 2684 turmas
860 2619 907 2705 (in
930 2621 979 2685 his
994 2620 1054 2684 fuit
1070 2621 1115 2685 M.

134 2726 290 2808 Opimius,
307 2724 489 2809 praefectus
506 2720 676 2809 equitum),
693 2745 803 2788 omnes
816 2734 872 2789 aut
887 2724 1117 2789 interfecerunt

133 2836 189 2890 aut
212 2835 323 2913 captos
346 2828 388 2892 ad
411 2830 591 2892 Domitium
614 2827 831 2892 deduxerunt.

217 2929 267 2993 39.
302 2930 460 2994 Deductis
484 2952 559 2994 orae
582 2933 762 2994 maritimae
793 2930 960 3015 praesidiis
983 2928 1116 3013 Caesar,

131 3039 167 3093 ut
197 3054 296 3119 supra
324 3033 581 3098 demonstratum
610 3043 673 3115 est,
705 3050 747 3099 111
770 3033 917 3098 cohortes
946 3035 1034 3099 Orici
1063 3056 1116 3118 op·

132 3134 198 3219 pidi
220 3135 331 3200 tuendi
361 3159 459 3201 causa
493 3137 620 3222 reliquit
653 3137 820 3222 isdemque
855 3137 1033 3202 custodiam
1061 3160 1116 3201 na-

131 3241 220 3302 vium
248 3238 417 3325 longarum
444 3240 592 3323 tradidit,
618 3263 698 3326 quas
728 3262 770 3305 ex
792 3240 885 3306 Italia
913 3240 1116 3306 traduxerat.

132 3342 219 3407 Huic
242 3343 346 3408 officio
370 3343 552 3430 oppidoque
575 3346 704 3409 Manius
727 3345 849 3409 Acilius
877 3344 1001 3430 legatus
1025 3367 1116 3430 prae-

110 3454 213 3509 rerat.
259 3448 292 3510 Is
319 3468 421 3512 naves
450 3457 576 3512 nostras
605 3451 791 3512 interiorem
819 3451 852 3512 in
880 3458 1009 3534 portum
1043 3458 1117 3533 post

134 3549 288 3634 oppidum
310 3549 443 3617 reduxit
465 3561 497 3615 et
519 3551 562 3615 ad
585 3561 706 3616 terram
729 3552 882 3637 deligavit
903 3549 1118 3636 faucibusque
