2376 3924
141 226 202 296 136
442 227 492 277 on
511 226 630 278 senno
650 224 809 277 osnnioo

138 427 176 481 ut
200 415 380 482 obstructis
409 416 444 479 in
477 416 622 500 speciem
644 416 750 500 portis
776 414 918 499 singulis
946 412 1121 480 ordinibus

15 514 18 519 ’
139 521 338 604 caespitum,
351 516 440 605 quod
452 540 492 584 ea
508 541 575 584 non
592 539 690 604 posse
702 518 945 606 introrumpere
957 517 1123 585 videban-

10 590 63 699 [ἐξ
138 632 203 705 tur,
228 622 287 688 alii
311 621 435 689 vallum
451 645 553 688 manu
571 622 735 707 scindere,
751 621 816 704 elli
828 622 938 688 fossas
954 622 1123 708 complere

117 729 335 813 sinciporent.
375 725 458 792 Tum
483 725 612 792 Caesar
635 724 786 792 omnibus
815 727 922 813 portis
946 727 1122 811 eruptione

139 829 231 895 facta
255 833 472 918 equitatuque
496 831 617 895 emisso
641 828 797 894 celeriter
811 829 925 895 hostes
949 831 984 894 in
1007 831 1124 913 fugam

141 933 210 1017 dat,
228 935 276 998 sio
293 937 343 999 uti
360 935 493 999 omnino
509 931 686 1019 pugnandi
702 954 808 998 causa
823 934 997 998 resisteret
1014 955 1123 1017 nemo,

139 1058 363 1124 magnumque
387 1059 430 1102 ex
453 1037 501 1101 eis
525 1058 699 1102 numerum
730 1035 855 1102 occidit
882 1045 984 1121 atque
1007 1057 1123 1101 omnes

141 1142 243 1207 armis
268 1143 371 1207 exuit.

225 1243 277 1309 52.
300 1244 453 1329 Longius
469 1244 625 1332 prosequi
641 1245 781 1327 veritus,
798 1244 887 1331 quod
903 1242 1011 1309 silvae
1026 1243 1122 1330 palu·

141 1347 265 1435 desque
278 1349 649 1434 intercedebantneque
662 1346 912 1435 etiamparvulo
921 1346 1123 1414 detrimento

140 1450 272 1516 illorum
296 1451 405 1518 locum
427 1453 571 1538 relinqui
586 1451 738 1536 videbat,
762 1451 914 1518 omnibus
939 1453 1008 1518 suis
1032 1453 1123 1517 inco·

140 1553 284 1621 lumibus
309 1558 416 1643 copiis
447 1555 563 1621 eodem
588 1555 642 1620 die
670 1555 715 1620 ad
739 1555 935 1621 Ciceronem
958 1558 1123 1642 pervenit.

119 1659 321 1725 sInstitutas
339 1670 458 1743 turres,
481 1658 669 1724 testudines
685 1660 953 1745 munitionesque
975 1657 1124 1724 hostium

147 1761 350 1846 admiratum
366 1764 499 1847 legione
514 1762 678 1849 producta
690 1764 864 1848 cognoscit
880 1785 947 1828 non
960 1762 1126 1828 decimum

123 1885 309 1954 equemque
337 1890 410 1933 esse
437 1865 601 1953 reliquum
629 1865 770 1932 militem
798 1869 870 1932 sine
892 1865 1047 1932 vulnere:
1083 1889 1125 1932 ex

144 1969 198 2035 his
222 1971 374 2051 omnibus
399 1969 528 2036 iudicat
547 1970 658 2054 rebus,
675 1980 800 2057 quanto
824 1992 899 2036 oum
915 1970 1064 2058 periculo
1091 1981 1124 2037 et

120 2084 270 2161 squanta
293 2096 368 2139 cnm
391 2075 517 2140 virtute
539 2097 592 2140 res
610 2076 678 2139 sint
695 2074 964 2141 administratae.
990 2074 1123 2142 Cicero·

140 2201 217 2243 nem
239 2201 298 2265 pro
328 2179 399 2243 eius
422 2179 542 2243 merito
573 2176 806 2265 legionemque
829 2177 1020 2264 collaudat3
1044 2202 1123 2244 cen-

141 2283 291 2347 turiones
321 2280 520 2366 singillatim
544 2280 763 2369 tribunosque
791 2282 937 2349 militurn
964 2282 1125 2370 appellat,

142 2407 281 2472 quorum
305 2385 477 2469 egregiam
492 2385 597 2450 fuisse
612 2386 775 2451 virtutem
789 2387 982 2452 testimonio
991 2384 1126 2452 Cicero-

141 2490 194 2555 nis
210 2499 426 2573 cognoverat.
450 2488 502 2553 De
518 2509 601 2554 casu
617 2487 735 2554 Sabini
752 2498 784 2554 et
801 2487 922 2557 Cottae
939 2490 1065 2557 certius
1083 2513 1126 2556 ex

121 2594 287 2680 scaptivis
311 2593 496 2677 cognoscit.
519 2592 659 2658 Postero
677 2592 732 2658 die
747 2594 904 2659 contione
919 2592 1037 2659 habita
1054 2616 1126 2658 rem

143 2707 274 2782 gestam
297 2697 467 2783 proponit,
495 2695 621 2763 milites
645 2694 841 2763 consolatur
869 2707 903 2763 et
932 2696 1127 2762 confirmat:

121 2800 232 2886 equod
249 2799 485 2866 detrimentum
500 2799 600 2886 culpa
617 2811 651 2866 et
665 2801 857 2866 temeritate
880 2799 985 2886 legati
1002 2802 1047 2866 sit
1069 2822 1126 2865 ao·
1181 2805 1184 2811 '

142 2913 285 2988 ceptum,
309 2904 371 2970 hoc
394 2905 552 2990 aequiore
576 2905 687 2969 animo
710 2903 886 2969 ferundum
905 2903 1013 2986 docet,
1038 2903 1128 2991 quod

143 3004 306 3071 beneficio
323 3006 459 3073 deorum
476 3006 713 3072 immortalium
737 3017 771 3073 et
791 3008 917 3075 virtute
940 3029 1054 3073 eorum
1070 3029 1127 3072 ex·

143 3111 236 3196 piato
252 3109 463 3177 incommodo
476 3133 583 3199 neque
596 3110 749 3177 hostibus
765 3110 895 3177 diutina
912 3111 1053 3176 laetatio
1069 3134 1128 3176 ne-

144 3236 207 3300 que
230 3215 312 3300 ipsis
336 3214 470 3299 longior
494 3214 590 3280 dolor
612 3214 832 3302 relinquatur.

219 3317 271 3383 53.
295 3317 435 3384 Interim
451 3318 496 3383 ad
511 3316 698 3385 Labienum
714 3340 775 3405 per
788 3320 910 3386 Remos
934 3317 1128 3385 incredibili

146 3422 322 3488 celeritate
352 3421 393 3487 de
415 3422 560 3488 victoria
583 3420 741 3487 Caesaris
771 3423 862 3491 fama
883 3424 1061 3510 perfertur,
1089 3434 1129 3492 ut

145 3546 219 3591 curn
244 3525 287 3591 ab
311 3523 461 3592 hibernis
484 3524 657 3591 Ciceronis
686 3524 780 3591 milia
808 3549 968 3614 passuum
991 3526 1131 3594 abesset
