2376 3924
413 267 678 319 nncunrnnun.
972 271 1035 336 225

95 464 121 508 ct
139 458 169 508 P.
190 458 277 519 Sittio,
298 457 409 508 Caesari
428 474 488 508 cum
508 457 618 509 exulum
637 475 750 510 numero
769 460 927 525 auxiliante,
946 467 1035 512 vasta·

95 553 195 613 rentur,
214 562 247 596 ex
264 548 362 597 itinere
380 548 409 596 in
428 562 541 612 regnum
560 552 704 597 revocatur
722 563 745 598 c.
764 546 806 598 25.
826 548 927 600 Caesar
946 550 1035 601 denuo

95 635 127 684 de
152 634 273 685 exercitu
296 633 456 684 adducendo
479 635 507 683 in
528 633 650 686 Siciliam
674 634 798 684 nuntium
822 635 918 694 mittit;
948 637 1034 686 muni-

94 723 183 771 tiones
203 725 351 770 castrorum
375 725 457 786 auget
475 737 498 772 c.
516 721 557 771 26.
576 720 668 786 Scipio
693 718 844 786 elephantis
863 720 898 770 ad
917 737 1035 787 pugnarn

95 807 268 858 instituendis
287 818 397 872 operam
416 807 533 858 collocat
551 823 574 858 c.
596 809 636 857 2⁷.
656 807 801 874 Vergilius,
825 807 934 874 Thapso
960 824 1036 874 prae·

95 897 190 957 fectus,
209 897 272 946 navi
291 896 456 946 Caesariana
474 895 577 962 potitur
595 911 617 944 c.
631 897 672 946 28.
691 896 835 962 Pugnandi
854 895 982 946 facultate
1001 898 1035 945 ab

96 984 222 1049 Scipione
241 982 334 1032 oblata
347 982 448 1033 Caesar
466 983 614 1033 exercitum
628 985 724 1033 castris
738 983 868 1047 continet,
887 998 947 1032 cum
962 988 1036 1032 ante·

95 1086 176 1135 qnam
195 1069 299 1120 auxilia
317 1069 500 1131 advenissent,
519 1084 642 1134 pugnare
661 1068 747 1119 nollet
765 1084 788 1119 c.
807 1071 918 1119 29-32.
938 1070 1036 1135 Legati

95 1173 127 1205 cx
139 1155 227 1205 Acilla
239 1154 272 1205 ad
287 1171 347 1205 eum
361 1156 517 1214 mittuntur3
536 1154 701 1220 praesidium
715 1155 767 1205 sibi
781 1171 797 1205 a
810 1155 928 1205 Caesare
941 1159 1037 1220 petunt

94 1243 176 1307 idque
204 1243 349 1307 impetrant
367 1258 390 1293 c.
408 1243 450 1292 33.
486 1241 544 1291 Iam
572 1241 605 1291 ab
635 1241 764 1292 Sallustio
790 1242 885 1307 Crispo
912 1246 1036 1306 praetore

95 1344 178 1379 naves
198 1328 333 1378 frumento
353 1334 481 1379 oneratae
500 1345 516 1378 a
530 1328 646 1378 Cercina
658 1329 748 1379 insula
762 1327 942 1390 adducuntur,
960 1328 1036 1377 item-

95 1431 147 1480 qne
166 1415 312 1480 copiarum,
333 1430 402 1479 quae
421 1416 448 1464 in
463 1415 558 1465 Sicilia
574 1415 686 1466 relictae
706 1420 792 1477 crant,
810 1430 873 1481 pars
892 1415 927 1465 ab
939 1414 1036 1465 Alieno

96 1502 256 1567 proconsule
276 1503 467 1553 transmittitur
486 1503 559 1552 cat.
580 1501 757 1554 Gaetulorum
775 1518 890 1568 magnus
909 1517 1036 1552 numerus

95 1590 122 1637 in
143 1594 232 1639 castra
251 1588 376 1640 Caesaris
399 1590 531 1655 perfugit3
567 1589 651 1655 legati
675 1605 708 1639 ex
730 1589 830 1654 oppido
849 1587 966 1638 Thisdra
983 1587 1037 1638 fru-

95 1676 180 1725 menti
198 1677 303 1740 copiam
324 1675 435 1726 Caesari
454 1675 569 1725 offerunt
587 1675 807 1740 praesidiumque
826 1674 881 1725 sibi
897 1674 1038 1740 postulant

96 1777 118 1810 c.
131 1762 172 1811 37.
186 1762 226 1813 38.
248 1760 316 1811 Cum
333 1761 450 1812 hostium
470 1762 593 1826 equitatu
615 1760 732 1810 feliciter
749 1763 887 1825 pugnatur
905 1775 927 1810 c.
940 1761 981 1811 89.
994 1760 1037 1810 40.

94 1849 161 1899 Acie
178 1849 311 1900 instructa
329 1848 431 1899 Caesar
449 1849 485 1898 ad
502 1847 632 1910 Uzittam,
651 1863 731 1913 quam
746 1845 836 1912 Scipio
855 1847 974 1909 tenebat,
994 1863 1037 1898 ac-

95 1935 180 1997 cedit3
210 1937 355 2003 opponitur
374 1936 410 1986 ab
428 1935 556 2001 Scipione
573 1935 663 1994 acies;
693 1950 754 1984 curn
778 1939 875 1985 neuter
897 1935 1038 2001 pugnandi

95 2024 202 2073 initium
220 2023 329 2086 faceret,
349 2028 462 2090 uterque
481 2023 616 2074 exercitus
634 2021 670 2072 ad
688 2021 754 2072 solis
767 2036 894 2072 occasum
906 2022 935 2071 in
948 2027 1038 2072 castra

96 2109 261 2160 reducuntur
276 2125 299 2159 c.
309 2109 350 2158 41.
361 2109 402 2158 42.
423 2107 568 2159 Considius
581 2106 680 2174 oppido
693 2107 783 2157 Acilla
794 2107 895 2157 frustra
907 2112 1037 2172 temptato

95 2195 272 2246 Adrumetum
291 2211 320 2246 se
339 2196 436 2262 recipit
455 2212 476 2245 c.
496 2197 537 2246 43.
573 2195 657 2245 Navis
677 2194 844 2245 Caesariana
868 2210 900 2244 ex
919 2194 1037 2244 seormdo

96 2287 248 2331 commeatu
266 2282 388 2348 capitur3
407 2281 507 2331 milites
526 2281 572 2345 qui
591 2282 698 2331 inerant
715 2280 838 2330 veterani
857 2279 891 2329 ab
910 2278 1037 2343 Scipione

97 2368 274 2431 trucidantur,
303 2368 406 2418 tirones
430 2368 502 2416 inter
524 2366 647 2432 legiones
666 2365 866 2416 distribuuntur
885 2381 909 2418 c.
926 2365 1037 2416 44-46,

97 2455 254 2504 Caesariani
278 2453 365 2504 imbre
389 2470 450 2503 cum
477 2453 610 2519 grandine
638 2467 720 2504 saxea
747 2454 890 2503 commixto
918 2453 1038 2519 graviter

97 2540 323 2593 laborantem.
359 2541 417 2590 Iam
442 2539 477 2590 ab
502 2539 571 2590 Iuba
590 2540 711 2606 Scipioni
739 2539 841 2590 auxilia
868 2537 1039 2589 adducuntur

96 2645 120 2679 c.
139 2630 181 2680 48.
199 2629 314 2694 Equites
332 2644 349 2679 a
366 2629 490 2679 Labieno
509 2629 537 2679 in
556 2628 663 2679 insidiis
682 2627 809 2679 collocati
827 2628 969 2693 fugantur3
988 2642 1039 2678 nec

96 2715 180 2766 multo
198 2721 260 2782 post
278 2731 339 2766 cnm
358 2715 386 2764 in
399 2716 524 2766 Caesaris
537 2715 658 2781 legiones
677 2714 728 2764 sub
741 2729 883 2779 vesperum
903 2714 937 2764 ab
957 2729 1039 2778 opere
1071 2737 1077 2744 ·

95 2803 123 2852 in
143 2808 233 2853 castra
259 2807 425 2854 revertentes
453 2804 571 2870 impetus
598 2809 670 2854 osset
696 2803 792 2863 factus,
811 2801 924 2868 paulurn
942 2801 1039 2865 abfuit,

96 2890 161 2955 quin
179 2891 238 2956 ipse
249 2889 389 2941 Labienus
410 2906 470 2940 cum
483 2890 554 2941 Iuba
565 2894 727 2955 caperentur
745 2905 768 2939 c.
787 2887 898 2940 ‹ta-ta.
917 2887 1039 2939 Tandem

97 2978 203 3042 reliqua
216 2979 351 3028 exercitus
363 2992 426 3044 pars
441 2995 474 3029 ex
487 2976 583 3027 Sicilia
595 2976 711 3027 advecta
723 2981 779 3036 est;
798 2976 925 3026 contione
944 2974 1039 3025 habita

97 3064 199 3114 Caesar
212 3065 342 3130 quosdam
360 3064 484 3115 tribunos
502 3063 621 3115 militum
639 3069 666 3114 et
684 3064 857 3115 centuriones
870 3063 905 3113 ab
919 3062 1039 3113 exercitu

96 3158 217 3204 removet
235 3170 258 3206 c.
278 3151 320 3201 54.
338 3152 380 3202 55.
400 3151 509 3202 Gaetuli
528 3151 562 3202 ab
581 3149 652 3202 Iuba
669 3150 825 3202 desciscunt
843 3154 870 3202 et
888 3150 936 3217 qui
954 3149 1039 3200 exiis

96 3239 169 3307 apud
187 3239 282 3290 Iubam
307 3240 335 3288 in
360 3240 481 3304 equitum
506 3254 617 3289 numero
640 3237 789 3289 militibant
812 3243 893 3288 noctu
918 3236 954 3287 ad
973 3235 1039 3286 Cae·

96 3342 184 3377 sarem
203 3325 361 3392 profugiunt
375 3341 398 3375 c.
412 3324 454 3374 55.
467 3324 508 3375 56.
527 3324 612 3376 Iubae
629 3326 658 3374 in
676 3325 808 3390 primores
827 3325 928 3374 civium
940 3323 1038 3373 Roma-

96 3430 191 3465 norum
210 3413 367 3478 arrogantia
385 3429 408 3467 c.
428 3411 469 3462 57.
504 3411 648 3462 Exercitus
665 3413 695 3462 in
713 3413 802 3462 aciem
819 3409 985 3475 educuntnr3
1003 3408 1039 3460 ad

96 3516 239 3566 vesperum
270 3499 386 3567 denique
417 3499 538 3566 equitnm
564 3498 596 3549 fit
623 3498 684 3550 lere
714 3497 849 3564 proelium
876 3513 900 3548 c.
928 3496 1039 3549 tet-ot.

96 3585 208 3636 Interim
226 3600 310 3636 naves
323 3586 450 3638 Caesaris
463 3586 615 3649 onerariae,
633 3600 703 3651 qaae
722 3585 832 3651 longine
850 3599 867 3634 a
884 3588 964 3650 portu
976 3599 1039 3635 con-

114 3678 199 3721 Cecssr.
212 3679 241 3724 Il.
899 3669 938 3719 &lt
