2376 3924
480 262 556 312 (tur.
575 265 684 312 ro-aa
1005 266 1067 327 ‘239

95 480 153 520 sua
182 453 343 540 praesidia
372 454 514 537 coegisse
544 455 766 537 commigrare,
801 476 895 538 agros
924 455 1069 520 desertos
1136 438 1140 449 ⁵

95 583 133 623 ac
155 567 297 623 vastatos
321 578 399 620 esse.

182 660 232 724 21.
256 661 329 724 Hac
351 661 542 723 necessitato
558 658 679 724 Caesar
703 670 832 724 coaetus
848 662 990 744 privatos
1006 686 1070 726 am-

95 765 212 829 biendo
235 774 268 828 ot
290 763 408 827 blande
443 763 633 848 appellando
668 763 868 848 aliquantum
902 787 1071 828 numerum

98 871 247 933 frumenti
280 871 313 931 in
347 889 405 930 sua
436 867 598 951 praesidia
631 875 837 950 congesserat
860 877 892 930 et
915 890 951 932 eo
975 891 1072 952 parco

96 973 256 1038 utebatur.
302 973 411 1056 Opera
434 973 562 1035 iuterim
584 973 653 1055 ipse
676 970 793 1035 cotidie
816 972 951 1034 circuire
975 970 1072 1034 etad

98 1088 204 1140 ternas
234 1076 381 1140 cohortes
405 1078 436 1138 in
459 1077 595 1139 statione
624 1075 745 1140 habere
774 1085 905 1161 propter
933 1076 1072 1140 hostium

96 1180 343 1244 multitudinem.
367 1179 534 1243 Labienus
557 1181 681 1244 saucios
705 1202 788 1262 suos,
813 1202 950 1265 quornm
971 1182 1094 1244 maxi-2

97 1308 168 1348 mus
191 1306 345 1348 numerus
368 1283 437 1364 fuit,
462 1282 551 1347 iubet
573 1285 606 1346 in
630 1283 756 1368 plostris
788 1284 944 1368 deligatos
966 1285 1073 1349 Adru-

97 1397 219 1451 metum
242 1387 415 1470 deportari.
455 1388 564 1450 Naves
587 1389 715 1452 interim
737 1387 884 1453 Caesaris
907 1391 1095 1454 onerariaes

99 1488 304 1554 errabundae
325 1488 409 1552 male
425 1488 631 1574 vagabantm’
653 1493 795 1555 incertae
819 1490 961 1555 locorum
977 1501 1073 1575 atquo

100 1604 278 1657 (rastrorum
301 1614 446 1674 suorum3
486 1614 566 1677 quas
589 1593 731 1677 singulas
754 1595 894 1681 scaphae
925 1594 1074 1659 adversa-

99 1701 220 1761 riorum
243 1695 424 1781 complures
447 1697 581 1761 adortae
610 1697 828 1763 incendebant
856 1707 953 1783 atque
976 1720 1074 1782 expu-

100 1801 253 1885 gnabant.
277 1801 351 1865 Hac
373 1823 408 1863 re
430 1803 578 1866 nuntiata
601 1801 723 1867 ansar
746 1802 864 1866 classes
888 1804 1009 1867 circum
1031 1804 1096 1865 in·4

101 1905 185 1969 sulas
222 1913 399 1990 portusque
436 1905 602 1991 disposuit,
641 1927 705 1990 quo
738 1908 838 1971 tutius
879 1914 1076 1971 commeatus

101 2010 283 2093 supportari
306 2017 422 2093 posset.

187 2114 237 2175 22.
261 2113 306 2176 Μ.
331 2112 412 2178 Cato
435 2114 573 2194 iuterim,
610 2114 665 2197 qui
686 2114 803 2178 Uticae
827 2123 993 2199 praeerat,
1017 2112 1076 2178 On.

104 2217 291 2299 Pompeium
312 2215 414 2280 filium
436 2215 544 2280 multis
559 2215 668 2280 verbis
690 2217 883 2301 assidueque
906 2217 1078 2301 obiurgare

102 2343 166 2384 non
190 2317 374 2384 desistebat.
419 2310 543 2400 ‘Tuus',
577 2320 690 2404 inquit,
728 2319 828 2405 ‘pater
854 2322 937 2386 istnc
964 2322 1099 2384 aetaliae

103 2446 177 2488 cum
199 2431 284 2487 esset
311 2430 344 2485 et
371 2422 653 2487 animadvertisset
685 2421 919 2508 rempublicam
951 2422 993 2488 ab
1026 2445 1079 2488 ne·

104 2529 192 2591 l'ariis
215 2526 443 2610 sceleratisque
465 2524 591 2592 civibus
619 2548 808 2612 oppressam
834 2525 1001 2613 bonosque
1024 2536 1081 2592 aut

104 2632 288 2695 interfectos
327 2638 384 2694 aut
420 2628 516 2695 exilio
553 2628 705 2695 multatos
741 2632 848 2715 patria
884 2631 1081 2715 civitateque

105 2756 226 2817 carere,
250 2733 351 2818 gloria
374 2741 407 2796 et
429 2734 527 2797 animi
549 2731 773 2817 magnitudine
802 2730 905 2798 elatus
934 2734 1081 2819 privatus

106 2849 203 2924 atquc
226 2836 486 2903 adulescentulus
508 2838 637 2922 paterni
665 2837 828 2902 exercitus
855 2834 999 2921 reliquiis
1021 2834 1082 2901 col-

105 2943 195 3007 lectis
218 2964 320 3028 paene
342 2962 530 3028 oppressam
558 2940 763 3019 funditusque
790 2938 932 3006 deletam
953 2938 1083 3007 Italiam

107 3046 287 3131 mbcmqne
309 3048 491 3111 Romanam
512 3046 547 3109 in
568 3042 753 3110 libertatem
773 3042 962 3127 vindicavit,
982 3042 1083 3109 idam·

107 3173 170 3236 qne
194 3148 344 3232 Siciliam,
367 3147 524 3231 Africam,
551 3146 749 3231 Numidiam,
775 3146 1007 3213 Mauritaniam
1025 3146 1079 3213 uui·

108 3254 202 3319 rabili
225 3253 389 3318 celeritate
410 3253 509 3317 armis
530 3252 662 3337 recepit
686 3249 814 3335 Quibus
835 3272 880 3315 ex
899 3248 1039 3318 abun

108 3381 180 3422 cam
203 3357 404 3441 dignitatem,
438 3376 523 3441 quae
544 3362 595 3420 est
615 3376 675 3441 per
695 3364 810 3439 gentes
831 3351 999 3421 cluliuslmi

110 3464 307 3546 tissimaque,
330 3458 514 3525 conciliavit
528 3454 856 3545 adulescentulusque
869 3462 951 3525 aas

107 3568 273 3629 Romanus
287 3562 508 3649 triumphavit
523 3560 635 3647 Atque
649 3558 702 3627 ill'e
716 3582 784 3627 nou
796 3560 851 3628 ia-
