2376 3924
111 242 154 308 94
436 242 486 292 nn
507 241 628 293 nunno
647 240 759 292 civim

89 435 230 497 ttionem
253 454 323 496 esse
350 433 551 518 aptissimum
579 433 783 498 existimavit.
828 433 976 518 Itemque
999 457 1092 519 prae·

111 535 234 602 toribus
267 534 469 622 tribunisque
503 534 606 622 plebis
638 537 823 621 rogationes
856 535 899 601 ad
935 537 1092 623 populum

110 639 287 705 ferentibus
310 639 477 706 nonnullos
494 639 634 710 ambitus
649 641 805 726 Pompeia
826 639 897 724 lege
920 640 1092 706 damnatos

111 744 169 809 illis
192 744 406 830 temporibus,
441 742 558 829 quibus
586 745 619 808 in
641 742 722 807 urbe
744 744 906 829 praesidia
927 743 1092 829 legionum

111 849 283 932 Pompeius
305 847 481 930 habuerat,
516 868 600 932 quae
628 847 746 912 iudicia
780 846 850 912 aliis
883 847 1092 913 audientibus

111 950 280 1034 iudicibus,
312 950 381 1015 aliis
405 952 597 1015 sententiam
610 949 798 1015 -ferentibus
821 951 953 1035 singulis
976 951 1093 1017 diebus

90 1064 204 1119 ⁵erant
227 1055 380 1140 perfecta,
404 1056 436 1119 in
460 1056 621 1141 integrum
644 1058 792 1138 restituit,
817 1057 872 1141 qul
895 1078 929 1120 se
944 1055 987 1120 illi
1002 1058 1093 1122 initio

112 1158 212 1223 civilis
245 1158 320 1224 belli
349 1158 546 1242 obtulerant,
581 1162 606 1224 si
640 1183 699 1227 sua
733 1183 831 1248 opera
866 1163 899 1225 in
928 1158 1011 1225 bello
1045 1162 1095 1225 uti

112 1262 217 1353 vellet,
241 1263 375 1349 proinde
398 1265 582 1348 aestimans,
610 1288 650 1330 ae
672 1266 798 1330 sinsus
821 1272 915 1346 esset,
940 1263 1095 1349 quoniam

91 1368 162 1430 esui
190 1367 342 1432 fecissent
370 1376 570 1453 potestatem.
616 1369 782 1435 Statuerat
810 1370 895 1433 enim
923 1368 1011 1452 prius
1034 1366 1095 1431 hos

113 1469 229 1534 iudicio
259 1470 366 1556 populi
395 1470 514 1535 debere
541 1473 682 1555 restitui,
717 1493 815 1557 quam
850 1492 908 1535 suo
935 1469 1095 1535 beneficio

112 1573 216 1638 videri
239 1583 401 1660 receptos,
424 1596 465 1638 ne
488 1582 546 1638 aut
566 1575 713 1659 ingratus
736 1576 769 1638 in
791 1573 963 1638 referenda
985 1575 1095 1659 gratia

114 1686 170 1743 aut
192 1699 347 1763 arrogans
376 1679 408 1742 in
437 1677 661 1763 praeripiendo
692 1677 799 1765 populi
827 1677 983 1742 beneficio
1006 1675 1095 1742 vide·

114 1790 214 1846 retur.

200 1884 229 1946 2.
268 1885 328 1948 His
357 1883 455 1948 rebus
484 1894 517 1949 et
544 1885 631 1949 feriis
654 1886 780 1951 Latinis
809 1887 1008 1975 comitiisque
1030 1907 1097 1953 cm-

115 1986 209 2052 nibus
231 1987 436 2072 perficiendis
453 2006 490 2051 xl
506 1988 575 2052 dies
598 1987 711 2054 tribuit
733 1990 960 2075 dictaturaque
981 2011 1017 2054 se
1040 1987 1096 2054 ab·

115 2091 202 2155 dieat
220 2099 252 2154 et
267 2089 309 2154 ab
324 2089 406 2154 urbe
423 2091 635 2176 proficiscitur
646 2093 920 2178 Brundisiumque
936 2093 1096 2178 pervenit.

115 2195 163 2258 Eo
186 2193 327 2279 legiones
350 2212 418 2277 ΧΗ,
453 2196 632 2281 equitatum
662 2218 790 2261 omnem
812 2198 922 2263 venire
945 2196 1094 2261 iusserat.

93 2298 181 2366 2Sed
214 2306 340 2364 tantum
373 2299 505 2363 navium
540 2301 697 2386 repperit,
731 2310 767 2366 ut
800 2308 937 2386 anguste
965 2300 1023 2365 vix
1046 2316 1097 2362 vn

114 2402 241 2467 illarum
269 2401 445 2486 legionum,
480 2417 524 2466 Dc
553 2405 678 2488 equites
706 2412 926 2490 transportare
954 2411 1095 2488 possent.

115 2508 188 2573 Hoc
218 2528 318 2573 unum
347 2502 466 2592 [inopia
493 2503 638 2593 navium]
662 2505 795 2572 Caesari
823 2507 866 2573 ad
894 2505 1097 2571 celeritatem

93 2610 305 2676 ⁸conficiendi
327 2609 402 2673 belli
426 2609 536 2674 defuit.
571 2608 681 2697 Atque
704 2611 765 2675 hae
788 2613 877 2697 ipsae
900 2611 1012 2696 copiae
1027 2609 1097 2683 ¹hoo

115 2715 382 2799 infrequentiores
410 2714 636 2799 imponuntur,
665 2714 752 2799 quod
781 2713 872 2781 multi
895 2712 1028 2785 Gallicis
1050 2722 1098 2779 tot

116 2816 206 2881 bellis
218 2816 414 2898 defecerant,
430 2815 626 2902 longumque
641 2819 702 2882 iter
717 2840 760 2882 ex
772 2817 930 2904 Hispania
940 2839 1098 2903 magnum

116 2941 286 2984 numerum
309 2920 520 3005 deminuerat,
544 2930 576 2985 et
598 2924 709 3008 gravis
732 2931 906 2987 autumnus
927 2923 961 2987 in
976 2919 1098 3009 Apulia

117 3026 302 3108 circumque
335 3022 544 3088 Brrmdisium
577 3046 621 3088 ex
653 3023 872 3091 saluberrimis
906 3023 1031 3095 Galliae
1064 3033 1099 3089 et

117 3126 293 3212 Hispaniae
321 3125 506 3210 regionibus
534 3149 663 3193 omnem
696 3130 877 3195 exercitum
909 3127 1097 3195 valetudine

5 3240 8 3248 ’
116 3238 341 3316 temptaverat.

202 3333 232 3398 3.
267 3334 438 3419 Pompeius
466 3356 610 3400 annuum
632 3337 771 3421 spatium
793 3336 837 3402 ad
859 3334 1097 3424 comparandas

117 3441 225 3524 copias
248 3447 372 3522 nactus,
396 3439 484 3524 quod
507 3461 648 3506 vacuum
669 3464 689 3506 a
711 3439 794 3507 bello
818 3450 915 3528 atque
937 3438 981 3507 ab
1002 3439 1098 3507 boote

117 3543 254 3610 otiosum
265 3543 379 3625 fuerat,
392 3565 544 3630 magnam
556 3565 599 3609 ex
610 3541 690 3610 Asia
698 3543 958 3631 Cycladibusque
973 3540 1096 3627 insulis,
