2376 3924
122 251 182 314 1¹12
443 250 493 300 uu
506 249 636 300 numo
656 249 767 300 crum
792 262 794 266 >

97 449 252 527 scogunt,
286 442 346 526 ipsi
379 440 532 506 idoneum
559 439 665 504 locum
692 441 778 504 nacti
797 439 964 524 reliquam
991 441 1099 505 noctis

118 554 244 630 partem
266 543 311 608 ibi
334 543 544 608 confecerunt
572 549 604 606 et
626 542 697 607 luce
720 545 823 628 prima
845 544 950 607 missis
973 540 1017 606 ad
1041 565 1099 608 eos

118 645 160 711 ab
185 646 320 713 Otacilio
339 644 522 732 equitibus,
551 649 605 731 qui
629 668 702 710 eam
725 655 854 732 partem
877 668 952 710 orae
975 649 1098 712 mariti-

118 772 190 815 mae
220 750 449 833 asservabant,
480 751 608 814 circiter
630 765 714 813 cccc
738 751 858 835 quique
890 771 944 814 eos
978 752 1099 815 armati

106 877 160 918 ex
188 855 349 940 praesidio
383 856 484 918 secuti
518 862 607 937 suut,
642 876 676 917 se
704 853 921 919 defenderunt
953 862 986 918 et
1019 855 1098 919 noir-

117 956 211 1021 nullis
239 979 351 1021 eorum
373 957 550 1021 interfectis
578 956 752 1020 incolumes
776 979 810 1020 se
833 957 875 1021 ad
898 965 1025 1041 nostros
1048 980 1098 1021 re-

118 1070 281 1146 ceperunt.

203 1164 253 1227 29.
294 1165 368 1246 Quo
396 1163 482 1228 facto
511 1172 688 1228 conventus
718 1165 837 1227 civium
864 1164 1097 1247 Romanorum,

118 1270 172 1353 qui
206 1269 336 1332 Lissum
370 1266 574 1350 obtinebant,
614 1267 701 1352 quod
735 1266 889 1353 oppidum
926 1269 964 1332 iis
998 1277 1099 1334 antea

117 1370 238 1436 Caesar
262 1370 454 1436 attribuerat
476 1370 751 1455 muniendumque
778 1381 966 1455 curaverat,
993 1370 1097 1438 Anto·

96 1477 205 1540 anium
229 1477 343 1561 recipit
366 1473 578 1561 omnibusque
602 1472 701 1539 rebus
724 1476 813 1538 iuvit.
860 1474 1017 1542 Otacilius
1033 1475 1099 1541 sibi

117 1583 232 1645 timens
262 1599 301 1645 eu
330 1579 447 1666 oppido
481 1579 563 1663 fugit
591 1589 623 1643 et
652 1578 694 1643 ad
717 1579 906 1664 Pompeium
937 1584 1097 1666 pervenit.

117 1683 284 1764 Expositis
317 1682 464 1748 omnibus
498 1685 613 1768 copiis·
630 1681 806 1767 Antonius,
847 1706 985 1770 quarum
1024 1696 1099 1751 erat

117 1809 243 1852 summa
254 1797 484 1852 veteranarum
495 1789 593 1850 trium
608 1786 771 1871 legionum
782 1789 942 1873 uniusque
953 1789 1098 1855 tironum

83 1934 86 1940 -
117 1901 149 1956 et
165 1893 309 1976 equitum
325 1907 423 1974 Duco,
447 1892 617 1976 plerasque
640 1913 741 1956 naves
763 1894 796 1955 in
811 1890 939 1956 Italiam
960 1893 1098 1958 remittit

95 1995 159 2058 aad
188 1994 328 2079 reliquos
356 1993 471 2057 milites
501 1995 689 2079 equitesque
712 1994 994 2080 transportandos,
1018 2018 1097 2083 pon·

116 2107 218 2180 tuneo,
244 2096 329 2182 quod
354 2106 402 2160 est
425 2118 527 2182 genus
550 2098 683 2161 navium
706 2095 915 2180 Gallicarum,
937 2098 1025 2163 Lissi
1046 2123 1096 2165 re

117 2201 246 2286 linquit,
277 2200 339 2265 hoc
369 2201 514 2284 consilio,
541 2211 580 2268 ut
607 2203 634 2264 si
656 2201 738 2265 forte
760 2201 933 2286 Pompeius
955 2224 1097 2269 vacuam

116 2307 305 2369 existimans
333 2304 461 2368 Italiam
496 2326 534 2368 eo
567 2305 746 2369 traiecisset
779 2307 974 2387 exercitum,
1009 2326 1096 2392 quae

116 2412 221 2495 opinio
250 2419 321 2473 erat
343 2407 430 2473 edita
452 2409 486 2472 in
508 2407 641 2492 vulgus,
674 2407 817 2492 aliquam
839 2406 961 2472 Caesar
982 2408 1026 2474 ad
1047 2412 1096 2476 in·

94 2513 318 2598 esequendum
340 2513 527 2576 facultatem
549 2510 700 2594 haberet,
731 2511 924 2596 nuntiusque
952 2511 996 2576 ad
1018 2534 1096 2579 eum

116 2617 262 2682 celeriter
284 2620 390 2699 mittit,
414 2615 531 2702 quibus
553 2613 740 2701 regionibus
756 2618 935 2681 exercitum
958 2637 1096 2703 exposu-

115 2723 192 2784 isset
215 2721 346 2806 etquid
369 2720 506 2785 militum
528 2721 772 2784 transvexisset.
835 2784 840 2790 ,

201 2824 252 2887 30.
290 2825 382 2888 Haec
415 2823 529 2889 eodem
562 2824 631 2888 fere
664 2832 809 2909 tempore
842 2823 963 2889 Caesar
994 2832 1095 2911 atque

116 2927 288 3012 Pompeius
304 2937 510 3012 cognoscunt.
534 2929 620 2992 Nam
634 2936 876 3014 praetervectas
888 2926 1095 3014 Apolloniam

115 3030 423 3116 Dyrrhachiumque
439 3053 540 3096 naves
554 3031 706 3097 viderant
728 3028 800 3118 [ipsi
825 3033 887 3097 iter
914 3032 1095 3098 secundum

115 3153 170 3196 eas
198 3141 286 3196 terra
308 3131 523 3220 direxerantl,
552 3135 609 3199 scd
639 3158 702 3221 quo
732 3144 840 3200 essent
868 3157 926 3200 eae
954 3133 1094 3220 delatae,

93 3239 225 3322 aprinos
249 3235 363 3301 diebus
385 3236 587 3321 ignorabant.
619 3239 820 3325 Cognitaque
834 3262 870 3304 re
887 3239 1017 3305 diversa
1031 3239 1095 3306 sibi

113 3339 211 3404 ambo
234 3340 365 3405 consilia
388 3342 533 3426 capiunt:
562 3340 693 3426 Caesar,
715 3353 872 3429 utquam
894 3345 1043 3431 primum-
1058 3366 1095 3411 se

115 3466 188 3509 cum
219 3444 360 3510 Antonio
395 3447 620 3529 coniungeret,
660 3447 847 3533 Pompeius,
891 3457 929 3513 ut
963 3449 1096 3514 venien·

115 3546 202 3613 tibus
231 3551 263 3613 in
292 3552 406 3615 itinere
440 3570 475 3614 se
510 3559 700 3636 opponeret,
735 3552 762 3614 si
795 3549 1017 3637 imprudentes
1050 3576 1097 3621 ex
