2376 3924
122 244 186 308 222
419 243 469 293 nn
488 220 608 294 sunno
628 242 787 295 ommno

226 432 276 498 79.
299 435 436 500 Interea
458 431 627 500 Commius
644 432 830 520 reliquique
846 433 961 518 duces,
977 432 1099 520 quibus

123 560 249 604 summa
273 539 404 624 imperii
426 541 589 624 permissa
613 546 697 623 erat,
721 560 796 604 oum
820 537 973 604 omnibus
990 539 1099 624 copiis

122 642 166 708 ad
189 641 340 708 Alesiam
360 643 561 728 perveniunt
585 651 618 707 et
641 641 728 708 colle
749 645 917 709 exteriore
932 650 1098 729 occupato

120 769 187 812 non
211 747 344 831 longius
360 746 452 812 mille
467 745 625 832 passibus
649 745 834 812 abnostris
852 745 1098 812 munitionibus

99 852 311 922 2considunt.
334 852 474 916 Postero
500 850 553 916 die
577 851 731 937 equitatu
754 872 797 916 ex
824 851 950 915 castris
973 849 1098 915 educto

121 978 250 1021 omnem
274 976 348 1019 eam
371 953 562 1040 planiciem,
586 975 686 1040 quam
709 955 743 1018 in
766 953 1012 1037 longitudinem
1028 955 1098 1019 tria

120 1058 212 1124 milia
242 1079 403 1143 passuum
432 1066 550 1142 patere
581 1057 895 1138 demonstravimus,
925 1057 1097 1143 complent

119 1162 360 1246 pedestresque
383 1162 498 1247 copias
522 1161 660 1246 paulum
683 1160 727 1227 ab
751 1182 790 1226 eo
813 1161 887 1227 loco
907 1159 1045 1226 abditas
1062 1162 1097 1226 in

97 1264 203 1333 slocis
217 1264 445 1350 superioribus
459 1267 680 1330 constituunt.
692 1263 777 1329 Erat
790 1287 832 1329 ex
843 1264 964 1350 oppido
977 1262 1097 1330 Alesia

120 1368 298 1453 despectus
311 1369 346 1433 in
362 1389 526 1454 campum.
543 1365 755 1433 Concurrunt
771 1367 823 1432 his
841 1367 979 1433 auxiliis
994 1368 1097 1453 visis3

118 1473 156 1536 fit
179 1472 365 1556 gratulatio
390 1474 478 1537 inter
509 1493 577 1556 cos,
609 1481 710 1557 atque
739 1473 885 1536 omnium
916 1471 1021 1536 animi
1050 1470 1097 1536 ad

96 1574 286 1645 rlaetitiam
310 1579 513 1642 excitantur.
541 1577 661 1661 Itaque
690 1574 863 1661 productis
885 1574 992 1660 copiis
1015 1584 1097 1640 ante

119 1680 277 1766 oppidum
301 1680 481 1745 considunt
513 1689 546 1744 ct
574 1681 763 1766 proximam
784 1679 912 1745 fossam
942 1677 1096 1744 cratibus

119 1785 273 1867 integunt
290 1792 392 1869 atque
407 1804 533 1866 aggere
550 1782 685 1868 explent
703 1805 804 1869 seque
825 1781 870 1848 ad
887 1783 1095 1867 eruptionem

121 1894 223 1971 atque
246 1908 360 1952 omnes
384 1908 483 1952 casus
507 1897 713 1972 comparant.

220 1989 270 2053 80.
288 1988 415 2055 Caesar
431 1991 520 2055 omni
537 1991 689 2055 exercitu
711 1989 757 2055 ad
771 2000 948 2076 utramque
963 1999 1097 2076 partem

116 2093 337 2159 munitionum
355 2093 529 2179 disposite,
545 2103 592 2178 ut,
609 2096 638 2160 si
653 2116 734 2159 usus
749 2094 875 2172 veniat,
893 2114 989 2158 suum
1004 2094 1095 2179 quis·

117 2219 180 2282 que
204 2195 312 2263 locum
336 2206 452 2262 teneat
474 2207 507 2262 ct
530 2199 672 2282 noverit,
695 2198 949 2284 equitatumex
969 2200 1095 2264 castris

93 2301 215 2370 seduci
232 2311 266 2367 et
279 2300 442 2386 proelium
466 2303 630 2367 committi
646 2301 748 2367 iubet.
772 2301 858 2368 Erat
881 2324 923 2367 ex
939 2301 1095 2369 omnibus

116 2407 251 2488 castris,
282 2426 367 2490 quac
398 2427 561 2471 summum
597 2406 744 2492 undique
775 2407 889 2489 iugum
918 2404 1095 2491 tenebant,

117 2509 307 2594 despectus,
331 2517 432 2595 atque
450 2530 564 2574 omnes
587 2508 713 2573 milites
729 2510 851 2574 intenti
866 2528 1001 2594 pugnae
1016 2532 1094 2596 pro·

93 2621 252 2681 eventum
265 2611 522 2699 exspectabant.
547 2611 639 2679 Galli
664 2614 752 2678 inter
775 2613 904 2698 equites
920 2635 1016 2679 raros
1040 2636 1095 2681 sa·

115 2717 274 2799 gittarios
289 2716 531 2802 expeditosque
543 2716 628 2783 levis
642 2717 1095 2804 armaturaeinteriecerant,

115 2821 170 2904 qui
184 2821 254 2884 suis
267 2819 467 2886 cedentibus
475 2819 603 2885 auxilio
615 2829 850 2886 succurrerent
859 2831 892 2887 et
901 2830 1096 2889 nostrorum

115 2924 263 3008 equitum
285 2925 429 3008 impetus
446 2926 662 2991 sustinerent.
686 2924 740 2990 Ab
764 2925 815 2991 his
837 2924 1025 3011 complures
1050 2925 1095 2992 de

91 3028 294 3112 rimprcviso
317 3026 488 3094 vulnerati
510 3028 637 3114 proelio
661 3029 884 3096 excedebant.
908 3027 991 3095 Cum
1013 3051 1094 3096 suos

113 3153 227 3216 pugna
250 3132 439 3216 superiores
463 3154 537 3197 esse
554 3131 646 3198 Galli
670 3133 877 3200 confiderent
901 3143 935 3199 et
956 3141 1094 3201 nostros

113 3235 329 3301 multitudine
352 3237 458 3322 premi
474 3236 640 3321 viderent,
657 3259 701 3303 ex
717 3237 870 3304 omnibus
886 3236 1041 3324 partibus
1058 3247 1094 3304 et

113 3342 148 3424 ii,
179 3341 234 3426 qui
261 3339 502 3406 munitionibus
530 3340 803 3425 continebantur,
827 3350 861 3407 et
884 3342 928 3427 hi,
959 3342 1017 3427 qui
1046 3341 1093 3408 ad

114 3443 279 3509 auxilium
301 3454 540 3529 convenerant,
564 3445 712 3511 clamore
740 3455 774 3511 et
796 3445 928 3511 ululatu
957 3466 1093 3514 suorum

90 3551 244 3614 sanimos
268 3547 523 3615 confirmabant.
548 3547 648 3629 Quod
671 3552 705 3614 in
729 3558 913 3636 conspectu
944 3550 1092 3617 omnium
