2376 3924
457 240 721 293 arroununsou.
1015 241 1076 306 291

138 442 224 502 erant,
242 434 368 502 iugulant
385 439 412 485 et
430 435 462 485 de
482 451 557 486 muro
577 436 756 502 praecipitant
768 451 792 485 c.
807 433 846 484 15.
860 433 998 500 Oppidani
1016 449 1078 484 cum

139 523 266 588 Pompeio
286 538 314 573 se
333 523 505 573 coniuncturi
527 523 695 588 eruptionem
719 521 835 586 faciunt,
866 527 894 572 at
912 521 1081 587 repelluntur

139 626 162 659 c.
182 611 222 662 16.
240 608 347 659 Tullius
367 609 476 675 quidum
495 624 556 658 cum
575 608 692 658 Caesare
711 608 744 658 de
764 607 902 657 deditione
921 609 978 673 agit
997 624 1020 656 c.
1039 608 1080 658 l'l.

140 696 320 746 continuatur
344 695 437 760 oppidi
461 696 628 760 oppugnatio
647 712 670 744 c.
689 695 730 744 18.
749 692 884 759 Oppidum
905 693 1018 744 Caesari
1035 693 1081 744 de-

140 783 213 833 ditur
231 798 254 832 c.
268 783 308 832 19.
328 782 432 832 Castris
452 781 566 848 Pompei
584 780 619 832 ad
636 781 759 832 Ucubam
773 796 867 831 versus
886 781 966 830 motis
979 779 1081 830 Caesar

140 868 233 919 eodem
252 868 304 919 iter
327 868 492 920 facienao
529 868 596 917 Cum
624 868 825 934 transfugarum
854 883 887 917 ex
913 868 1080 933 Pompeiano

140 955 259 1005 exercitu
278 970 406 1005 numerus
424 955 451 1004 in
472 954 529 1004 dies
548 960 700 1020 augeretur,
719 956 862 1020 Pompeius
881 970 936 1016 eos,
955 954 1000 1019 qui
1014 953 1080 1004 Cae·

141 1041 195 1091 sari
213 1040 306 1091 favere
330 1040 497 1101 dicebantur,
522 1040 655 1105 supplicio
680 1041 763 1089 tradit
782 1057 804 1093 c.
823 1042 864 1091 21.
883 1040 1079 1103 Ursaonenses,

140 1130 263 1193 Ateguac
282 1129 363 1195 capti,
383 1128 466 1195 legati
486 1129 519 1179 ad
540 1146 602 1179 suos
621 1129 806 1187 dimittuntur3
830 1127 966 1178 interfecti
985 1130 1082 1176 sunta

141 1215 322 1281 Pompeianis,
342 1217 388 1281 qui
406 1216 555 1266 Ursaonem
575 1214 710 1281 praesidio
729 1214 859 1265 tenebant
877 1230 900 1268 c.
920 1212 962 1264 22.
982 1212 1083 1262 Caesar

140 1301 253 1366 Pompei
272 1302 368 1352 castris
387 1307 477 1351 castra
496 1301 614 1364 confert3
634 1301 794 1352 Caesariani
812 1300 938 1366 oporibus
957 1300 1083 1364 occupati

142 1389 313 1438 lacessuntur
331 1405 348 1439 a
366 1389 548 1454 Pompeianis.
568 1389 613 1438 Fit
631 1389 692 1439 leve
711 1389 844 1453 proelium
864 1404 887 1439 c.
907 1389 953 1449 23;
972 1387 1081 1452 gravius

141 1474 274 1540 proelium
292 1480 400 1541 postero
420 1476 463 1525 die
483 1474 573 1525 editur
590 1491 641 1526 neo
661 1477 719 1525 sino
739 1490 836 1540 magno
855 1474 1082 1539 Pompeianorum

142 1560 303 1611 detrimento
323 1578 345 1611 c.
364 1561 406 1610 24.
425 1561 455 1624 Q.
475 1562 622 1627 Pompeius
640 1561 723 1626 Niger
741 1577 801 1611 oum
814 1560 932 1610 Antistio
946 1560 1083 1624 Turpione

142 1646 176 1697 ad
194 1647 333 1712 singulare
352 1653 489 1699 certamen
508 1655 673 1714 provocante
687 1647 860 1714 congreditur
874 1663 895 1696 c.
909 1647 950 1695 25.
969 1646 1082 1712 Equites

142 1733 247 1798 aliquot
269 1733 384 1784 Romani
407 1734 442 1783 ad
461 1734 604 1786 Caesarem
629 1739 784 1794 transeunt3
806 1733 1015 1798 intercipiuntur
1034 1730 1084 1781 Cn.

141 1819 255 1883 Pompei
272 1817 379 1869 litterae
399 1835 422 1868 c.
441 1821 483 1871 26.
504 1820 606 1870 Castris
624 1822 760 1886 utrimque
777 1820 805 1869 in
825 1834 920 1884 eampo
939 1817 1085 1868 Mundensi
1174 1824 1178 1834 “

142 1905 238 1970 positis
257 1920 279 1958 c.
292 1906 324 1960 at
344 1907 490 1957 maximum
509 1907 548 1956 ibi
566 1906 698 1973 proelium
712 1907 896 1958 committitur.
915 1904 983 1955 Cum
993 1905 1085 1956 hostes

143 1997 241 2044 natura
258 1992 312 2043 loci
324 1993 519 2044 adiuvarentur
536 2000 630 2061 utpote
649 2010 683 2044 ex
700 1992 759 2045 loco
773 1993 911 2059 superiore
924 1996 1085 2059 pugnantes,

144 2078 302 2130 Caesariani
318 2094 402 2144 prope
423 2080 456 2130 de
474 2081 592 2130 victoria
611 2081 807 2146 desperabant,
826 2084 855 2130 at
872 2078 989 2145 legionis
1007 2077 1039 2128 X„
1059 2081 1086 2126 et

143 2166 262 2231 equitum
282 2166 381 2215 virtute
400 2166 533 2231 proelium
553 2171 594 2216 est
612 2169 765 2218 restitutum
784 2166 929 2232 hostesque
947 2166 975 2214 in
993 2164 1084 2229 fugam

144 2252 260 2302 coniecti
280 2256 343 2301 sunt
362 2268 385 2301 c.
404 2253 514 2302 28—31.
534 2252 759 2316 Pompeianorum
784 2267 846 2317 pars
869 2251 997 2300 Mundam
1022 2265 1085 2298 con-

143 2338 225 2404 fugit3
243 2338 279 2388 ad
297 2354 343 2389 eos
362 2338 525 2388 obsidendos
544 2344 618 2403 parto
638 2339 773 2388 exercitus
793 2337 888 2388 relicta
901 2353 922 2388 c.
936 2338 969 2386 32
983 2335 1086 2387 Caesar

143 2427 202 2490 ipse
227 2424 382 2475 Cordubam
405 2424 563 2489 aggreditur
586 2429 613 2473 et
640 2428 776 2488 expugnat
799 2440 822 2472 c.
841 2424 883 2475 33.
901 2424 943 2474 34.
978 2422 1085 2472 Deinde

144 2510 281 2576 Hispalim
295 2511 399 2576 recipit.
418 2510 597 2570 Praesidium,
616 2510 688 2574 quod
707 2510 746 2559 ibi
764 2510 903 2576 relinquit,
922 2525 984 2558 mox
996 2510 1085 2574 oppri-

145 2597 226 2645 mitur
245 2611 261 2646 a
279 2595 393 2645 Philone
413 2611 473 2645 cum
492 2595 685 2645 Lusitanorum
705 2611 786 2645 manu
805 2595 933 2661 oppidum
952 2599 1034 2644 noctu
1047 2595 1086 2642 in-

145 2699 238 2748 gresso
252 2699 275 2733 c.
288 2683 329 2734 35.
349 2683 499 2747 Ernptione
518 2682 591 2733 facta
604 2683 733 2748 oppidani
746 2697 830 2732 naves
843 2682 870 2731 in
884 2681 962 2732 Baeti
974 2681 1085 2730 flumine

144 2769 309 2832 incendunt;
327 2785 394 2834 qnos
413 2769 549 2834 persecuti
568 2769 726 2819 Caesariani
745 2769 843 2834 oppido
861 2769 920 2832 ipso
939 2769 1086 2832 potiuntur.

145 2857 212 2906 Asta
231 2856 342 2907 Caesari
360 2855 483 2916 deditur;
512 2857 663 2906 coniuratio
688 2856 722 2906 ab
746 2856 894 2922 transfugis
912 2855 1086 2921 Pompeianis

146 2944 281 2993 concitata
299 2943 461 3008 opprimitur
479 2959 502 2992 c.
520 2944 562 2994 ao.
581 2942 728 3008 Pompeius
746 2944 857 2993 navium
876 2957 987 2992 numero
1007 2956 1087 2991 occu-

144 3033 208 3093 pato
228 3028 337 3079 Carteia
355 3029 489 3095 profugit;
513 3029 666 3095 insequitur
689 3045 750 3078 eum
769 3029 875 3091 Didius,
899 3028 945 3094 qui
965 3027 1086 3078 Gadibus

146 3115 329 3166 Caesarianae
357 3115 439 3166 classi
466 3122 600 3181 praeerat,
631 3117 796 3183 naviumque
822 3121 925 3182 partem
955 3114 1086 3174 incendit,

146 3206 251 3266 partem
270 3202 343 3267 capit
361 3218 382 3253 c.
402 3202 444 3251 37.
463 3202 610 3266 Pompeius
629 3202 738 3252 saucius
757 3203 785 3251 in
803 3203 903 3253 lectica
921 3201 1028 3268 effugit3
1046 3202 1087 3251 in·

145 3287 262 3337 feliciter
280 3303 341 3338 cum
359 3288 585 3354 persequentibus
605 3288 776 3338 Caesarianis
795 3291 897 3353 pugnat
915 3303 937 3336 o.
957 3289 998 3337 38.
1019 3286 1087 3337 Cum

146 3375 174 3422 in
201 3390 312 3439 specum
339 3390 369 3424 se
396 3373 554 3440 abdidisset,
581 3376 748 3439 captivorum
775 3374 876 3423 indicio
904 3373 1087 3439 deprehensus

146 3458 307 3511 interficitur
319 3477 342 3510 c.
352 3462 394 3511 39.
413 3460 549 3525 Lusitani,
568 3461 615 3525 qui
634 3477 667 3510 ex
685 3461 851 3526 Pompeiano
864 3461 984 3511 exercitu
996 3475 1088 3524 super·

148 3552 232 3612 erant,
251 3545 362 3597 Didium
380 3547 497 3597 navibus
515 3545 669 3598 reficiendis
687 3552 849 3611 occupatum
863 3546 965 3597 crebris
977 3545 1088 3610 proeliis

938 3630 986 3680 Ψ
