2376 3924
154 214 193 276 16
477 217 527 267 DE
549 218 669 269 BELLO
689 217 801 269 clvlm

150 405 254 469 silium
283 428 414 492 capere:
443 407 562 473 debere
592 431 626 473 se
654 432 731 475 suae
754 408 864 474 salutis
894 409 1052 476 rationem
1075 413 1132 478 ha·

128 507 236 579 abere.
274 509 328 575 Ab
352 513 400 575 his
423 514 526 598 primo
548 515 649 579 Marsi
673 515 842 580 dissentire
865 516 1021 600 incipiunt
1044 538 1131 581 eam·

150 637 212 700 que
228 615 336 700 oppidi
351 625 487 700 partem,
511 638 594 701 quae
609 620 822 683 munitissima
836 619 1012 702 videretur,
1036 641 1142 696 occup

148 728 236 803 pant,
259 728 414 803 tantaque
429 722 513 785 inter
529 743 583 785 cos
601 721 756 786 dissensio
780 724 914 805 exsistit,
936 732 973 787 ut
995 745 1130 788 manum

125 845 316 888 rconserere
332 833 429 907 atque
445 827 542 888 armis
566 826 719 890 dimicare
743 835 913 910 conentur,
937 835 1009 911 post
1031 827 1129 912 paulo

147 934 255 990 tamen
281 928 484 992 internuntiis
511 928 595 994 ultro
621 933 765 1014 citroque
791 933 895 995 missis
922 952 1005 1015 quae
1039 933 1129 1014 igno-

125 1029 278 1113 srabant,
314 1030 354 1094 de
388 1033 427 1095 L.
463 1035 597 1097 Domitii
629 1034 722 1118 fuga,
758 1044 964 1119 cognoscunt.
1009 1034 1128 1120 Itaque

146 1157 256 1199 omnes
283 1158 346 1200 uno
381 1135 510 1201 consilio
536 1137 716 1203 Domitium
744 1138 937 1223 productum
964 1140 996 1203 in
1025 1137 1128 1223 publi·

75 1244 82 1256 '
146 1261 219 1301 cum
248 1241 487 1305 circumsistunt
514 1250 547 1305 et
576 1241 759 1306 custodiunt
789 1241 975 1327 legatosque
1001 1264 1043 1306 ex
1067 1264 1127 1307 suo

144 1364 278 1407 numero
316 1344 358 1408 ad
391 1342 565 1409 Caesarem
598 1348 744 1409 mittunt:
783 1366 852 1409 sese
890 1355 1020 1430 paratos
1054 1368 1126 1410 esse

144 1455 252 1531 portas
275 1450 401 1533 aperire
424 1469 571 1532 quaeque
587 1449 795 1533 imperaverit
817 1447 924 1512 facere
948 1458 981 1513 et
1002 1449 1041 1514 L.
1059 1450 1125 1514 Do·

143 1552 268 1614 mitium
289 1555 401 1617 vivum
425 1555 492 1618 cius
515 1556 665 1639 potestati
688 1553 827 1618 tradere.

229 1655 279 1719 21.
310 1656 436 1738 Quibus
465 1655 563 1721 rebus
592 1658 727 1742 cognitis
754 1654 890 1739 Caesar,
925 1659 985 1720 etsi
1013 1660 1125 1743 magni

141 1761 296 1823 interesse
330 1759 550 1826 arbitrabatur
585 1783 684 1846 quam
712 1763 851 1847 primum
882 1760 999 1846 oppido
1027 1763 1124 1846 potiri

142 1863 352 1947 cohortesque
375 1864 418 1927 ad
439 1886 474 1927 se
496 1867 530 1929 in
560 1874 667 1930 castra
694 1864 880 1947 traducere,
910 1885 1039 1948 nequa
1067 1874 1124 1929 aut

141 1965 363 2047 largitionibus
387 1976 442 2031 aut
464 1969 561 2031 animi
585 1967 827 2033 confirmatione
850 1975 907 2030 aut
931 1966 1019 2031 falsis
1042 1989 1122 2032 nun-

140 2070 192 2132 tiis
215 2071 420 2134 commutatio
443 2070 537 2135 fieret
558 2071 742 2154 voluntatis,
767 2070 853 2155 quod
870 2092 966 2155 saepe
989 2073 1022 2134 in
1036 2068 1121 2135 bello

119 2175 249 2257 aparvis
276 2176 445 2238 momentis
473 2178 584 2260 magni
613 2195 706 2240 casus
728 2173 980 2256 intercederent,
1011 2182 1121 2238 tamen

139 2279 277 2360 veritus,
312 2300 352 2341 ne
386 2278 523 2342 militum
556 2280 688 2343 introitu
722 2287 755 2342 et
786 2279 934 2341 nocturni
967 2279 1121 2362 temporis

139 2379 266 2445 licentia
290 2381 443 2466 oppidum
466 2381 668 2466 diriperetur,
698 2402 762 2463 eos,
790 2383 845 2465 qui
867 2389 1035 2464 venerant,
1059 2380 1120 2444 col-

138 2483 248 2547 laudat
276 2494 373 2568 atque
403 2487 435 2549 in
459 2484 612 2570 oppidum
636 2483 781 2567 dimittit,
812 2492 922 2568 portas
943 2505 1119 2570 murosque

117 2591 297 2652 sasservari
321 2588 417 2653 iubet.
448 2589 522 2674 Ipse
545 2590 583 2652 iis
607 2588 767 2673 operibus,
795 2609 879 2672 quae
902 2588 1010 2651 facere
1032 2590 1119 2652 insti·

137 2701 253 2774 tuerat,
277 2692 392 2755 milites
416 2692 556 2778 disponit
577 2714 641 2755 non
666 2694 761 2756 certis
785 2693 896 2776 spatiis
918 2692 1118 2774 intermissis,

138 2805 173 2859 ut
189 2805 259 2859 erat
274 2798 474 2881 superiorum
494 2798 619 2861 dicrum
642 2795 850 2878 consuetudo,
874 2795 931 2860 sed
954 2797 1119 2881 perpetuis

136 2899 252 2982 vigiliis
281 2899 550 2985 stationibusque,
580 2910 616 2964 ut
639 2901 827 2984 contingant
849 2901 933 2963 inter
962 2920 996 2962 se
1019 2907 1117 2983 atque

114 3019 264 3067 ⁴omncm
292 3004 501 3067 munitionem
535 3003 702 3089 expleant3
737 3002 883 3067 tribunos
916 3001 1051 3067 militum
1084 3010 1118 3064 et

136 3107 315 3192 praefectos
344 3108 563 3171 circummittit
592 3117 689 3192 atque
718 3108 881 3190 hortatur,
916 3128 980 3171 non
1013 3102 1116 3175 solum

135 3210 177 3274 ab
207 3208 427 3295 eruptionibus
458 3219 611 3292 caveant,
636 3210 693 3275 sed
722 3213 819 3274 etiam
841 3209 1039 3294 singulorum
1061 3209 1116 3273 ho-

114 3316 256 3377 bminum
286 3312 425 3376 occultos
449 3316 554 3376 exitus
583 3324 759 3380 asservent.
804 3313 919 3400 Neque
942 3332 1020 3378 vero
1047 3321 1116 3378 tam

134 3420 267 3482 remisso
297 3440 336 3482 ac
364 3416 516 3502 languido
546 3420 652 3481 animo
681 3421 852 3504 quisquam
879 3419 1022 3482 omnium
1043 3416 1115 3500 fnit,

112 3525 189 3607 oqui
227 3544 266 3587 ea
302 3532 396 3587 nocte
441 3523 670 3608 conquieverit.
716 3523 823 3587 Tanta
862 3530 933 3586 erat
968 3541 1116 3586 summae
1148 3598 1152 3603 ,
