2378 3922
98 215 162 265 XVI
396 213 608 265 ADNOTATIO
629 213 776 264 CRITIOA

100 405 181 454 etiam
199 419 311 454 necesse
331 411 388 454 erat
406 409 436 454 ut
448 403 536 454 denuo
549 403 650 470 quibus
663 404 814 454 adderetur.
833 405 955 455 Kranero
968 405 1077 471 quidem

98 488 213 555 pluralis
237 505 364 540 numerus
389 487 549 556 quibusque,
578 505 640 539 cum
658 490 691 540 de
716 506 770 541 uno
788 491 818 540 Ρ.
838 490 935 541 Crasso
954 491 1078 556 intellegi

99 575 203 635 debeat,
223 592 278 625 non
296 576 384 641 aptior
401 578 475 627 visus
495 582 536 627 est
555 591 635 642 quam
660 577 732 643 quod
750 576 857 628 codices
875 578 978 627 habent
996 592 1077 644 quae·

99 662 231 726 sterilius,
260 664 308 713 sed
335 665 448 713 interest
475 662 587 727 aliquid,
615 663 717 728 opinor,
742 669 831 713 utrum
851 680 899 728 per
917 666 1077 730 quaestores

98 764 169 799 unus
187 748 267 798 modo
286 754 413 814 quaestor
441 748 605 814 designetur,
633 763 668 798 an
695 748 800 799 infinite
825 749 858 800 de
876 752 910 800 iis
929 756 1070 802 moneatur

99 836 145 899 qui
164 834 249 899 copiis
268 833 399 898 praetecti
418 834 479 894 sint,
501 833 568 883 licet
591 849 661 883 unus
685 833 763 884 modo
789 835 970 886 nominandus
988 836 1078 887 fuerit.

99 925 218 970 ceterum
246 918 365 969 dubitari
391 924 487 984 potest,
515 923 603 969 utrum
634 919 665 968 L.
688 919 803 970 Roscius
830 920 886 982 ille,
914 923 957 971 cui
977 920 1078 972 Caesar

97 1008 235 1073 legionem
253 997 291 1055 ‘in
309 1007 511 1072 pacatissimam
535 1011 561 1056 et
580 1007 774 1071 quietissimam
798 1012 903 1071 partem
926 1009 1077 1059 ducendam

98 1090 226 1154 dederat’,
247 1093 347 1158 quique
365 1090 434 1141 falso
453 1107 476 1140 o.
497 1091 568 1152 53,6
587 1089 712 1140 inlibris
731 1099 856 1154 quaestor
875 1091 962 1143 dictus
982 1097 1030 1155 est,
1048 1095 1077 1142 in

98 1179 157 1243 ipso
176 1179 328 1244 legatorum
347 1194 459 1228 numero
478 1177 567 1228 fuerit.

200 1281 223 1314 c.
242 1267 283 1325 2⁷,
297 1267 326 1312 9:
353 1263 481 1331 ipsorum
505 1278 562 1316 esse
586 1262 746 1326 consilii,
770 1262 891 1318 oeliutue
909 1261 994 1332 cett.]]
1012 1263 1078 1313 libri

97 1349 207 1414 quidem
234 1350 383 1404 consitium
409 1352 518 1413 habent,
547 1351 594 1401 sed
622 1353 777 1417 genetivum
805 1353 989 1402 necessarium
1017 1366 1077 1401 esse

97 1443 170 1500 puto,
195 1453 256 1487 cum
284 1454 317 1488 ex
343 1438 395 1488 hoc
423 1438 531 1487 demum
558 1443 631 1487 reste
655 1436 808 1502 dependeat
832 1439 968 1487 sententia
995 1437 1076 1486 inter-

97 1525 220 1588 rogativa
237 1522 358 1576 oetiutue
376 1526 438 1576 cett.

201 1627 223 1661 c.
243 1612 284 1673 28,
302 1611 333 1658 4:
362 1608 529 1676 quantusvis
557 1608 653 1676 copias
676 1607 761 1661 etiam
787 1608 1012 1678 Germanorum]
1037 1610 1077 1659 sis

97 1702 127 1746 ut
144 1701 207 1746 ante
236 1713 296 1746 cum
322 1696 487 1747 Schneidero
515 1697 613 1761 scripsi
639 1712 687 1761 pro
711 1712 751 1757 eo,
779 1696 850 1760 quod
875 1696 950 1747 codd.
975 1696 1077 1745 habent

97 1782 222 1847 quodque
252 1783 380 1848 Nipperd.
408 1784 519 1832 retinuit
543 1780 718 1848 quantasvis,
745 1797 863 1850 moysius
887 1781 972 1834 etiam
993 1779 1025 1833 G.
1053 1796 1077 1833 c.

97 1868 201 1933 Frigell
220 1882 337 1936 rriapuos
357 1867 442 1919 etium
460 1867 570 1919 delevit.

199 1970 221 2006 c.
240 1956 281 2015 29,
300 1956 329 2004 7:
355 1953 469 2006 haberet
496 1970 557 2004 oum
584 1956 612 2004 in
640 1955 765 2005 omnibus
793 1954 932 2004 codicibus
959 1952 1075 2018 legatur,

97 2042 179 2090 miror
198 2056 246 2090 cur
264 2040 392 2106 Nipperd.
416 2048 443 2090 et
467 2041 631 2090 recentiores
656 2041 774 2090 editores
797 2040 829 2090 R.
850 2040 1016 2105 Stephanum
1036 2057 1076 2090 se-

96 2128 151 2176 cuti
169 2125 268 2178 habere
287 2127 453 2191 scripserint.
471 2127 648 2192 interrogatio
662 2128 732 2176 enim
747 2142 817 2191 quae
830 2128 930 2178 dicitur
941 2128 1076 2179 rhetorica

95 2215 124 2262 in
143 2214 264 2263 oratione
283 2212 418 2263 indirecta
435 2228 485 2279 per
502 2211 666 2262 infinitivum
686 2212 853 2263 enuntianda
870 2213 949 2264 adest
967 2215 1073 2279 quidem

95 2300 124 2347 in
144 2300 235 2348 verbis
261 2315 283 2348 c.
303 2301 335 2348 28
363 2299 532 2349 novissimis:
555 2302 697 2364 postremo
724 2298 793 2364 quid
824 2313 882 2351 esse
909 2297 996 2351 leuius
1024 2303 1076 2350 out

97 2384 220 2451 turpius,
243 2401 326 2451 quam
351 2389 466 2438 auctore
489 2385 567 2437 hoste
592 2385 625 2438 de
650 2384 765 2438 surientis
788 2385 870 2437 retus
895 2400 994 2452 cupere
1013 2399 1074 2436 cou-

96 2469 200 2532 silium,
224 2473 323 2537 quippe
343 2487 411 2537 quae
435 2472 520 2522 verba
541 2472 613 2521 idem
637 2473 748 2521 valeant
771 2476 852 2536 atque
878 2471 901 2520 si
919 2470 1021 2520 dictum
1041 2471 1075 2521 sit

95 2555 148 2607 uit
166 2571 224 2609 esse
243 2556 330 2610 levius
349 2562 401 2611 aut
420 2557 535 2625 turpius
555 2562 633 2626 cett.;
651 2563 742 2608 nostro
760 2572 824 2607 vero
847 2557 908 2606 loco
928 2555 962 2606 de
981 2573 1010 2607 re
1028 2558 1075 2608 ad-

95 2643 204 2693 modum
232 2644 315 2694 dubia
342 2645 488 2710 quaeritur,
517 2650 608 2694 utrum
636 2661 669 2694 ex
694 2643 790 2693 Cottae
817 2641 931 2692 consilio
960 2642 1074 2694 salutem

96 2744 204 2794 sperare
223 2729 313 2794 liceat,
342 2745 376 2780 an
401 2747 434 2781 ex
453 2746 485 2781 eo
513 2735 673 2781 eventurum
698 2729 741 2789 sit,
764 2733 794 2777 ut
817 2729 841 2778 si
866 2743 919 2777 non
947 2745 1076 2794 praesens

95 2814 247 2880 periculum
272 2821 300 2866 at
327 2821 398 2866 certe
426 2815 576 2882 longinqua
604 2815 745 2866 obsidione
772 2814 857 2865 fames
885 2815 920 2864 sit
946 2814 1076 2866 timenda.

95 2902 187 2966 itaque
200 2899 350 2951 infinitivus
363 2903 392 2950 in
402 2903 557 2952 huiusmodi
570 2902 783 2966 interrogatione
795 2900 877 2966 plane
891 2900 1013 2951 soloecus
1027 2904 1074 2950 est.

200 3003 222 3037 c.
245 2988 288 3051 31,
312 2989 340 3037 3:
370 3002 415 3039 res
451 2987 647 3055 disputatioue
683 2984 722 3038 ad
756 2990 863 3039 riocteru
894 2983 1072 3053 perducitur.

95 3071 190 3124 ouiuio
213 3072 418 3141 eccoqitautur,
442 3088 529 3140 quare
554 3088 604 3126 uec
634 3072 695 3125 siue
713 3071 842 3140 periculo
865 3075 1023 3136 marceatur,
1048 3075 1074 3122 et

95 3155 230 3226 luuquore
259 3158 380 3211 utilitum
412 3174 445 3212 ex
471 3158 578 3228 cipitiis
606 3157 765 3226 periculum
796 3155 953 3226 stupeatur]
990 3157 1076 3207 verbo

95 3243 393 3314 oririiu...uuqeotur
420 3262 453 3296 ex
479 3245 612 3297 Liideclrii
644 3247 779 3296 sententia
807 3247 886 3306 (Anu.
915 3243 981 3309 phil.
1006 3241 1075 3306 cxl,

94 3349 121 3398 p,
141 3333 191 3382 429
210 3330 262 3397 sq.)
281 3333 326 3383 hic
343 3334 454 3395 inserui,
480 3333 553 3399 quod
576 3349 637 3382 cum
664 3334 719 3382 iam
742 3336 879 3381 narratum
903 3330 938 3379 sit
961 3328 1075 3393 probata

96 3418 192 3470 Sabini
210 3419 347 3468 sententia
370 3425 397 3468 et
420 3421 601 3484 pronuntiato,
629 3423 659 3467 ut
682 3418 770 3482 prima
793 3415 855 3466 luce
880 3420 969 3465 castra
992 3413 1074 3463 relin-

95 3509 220 3570 quantur,
240 3504 356 3555 militum
376 3519 509 3569 quemque
529 3503 753 3567 circumspexisse
772 3501 837 3568 quid
856 3515 947 3551 secum
965 3504 1075 3564 portare
