2376 3924
434 248 520 305 oar.
538 251 648 301 ee-ln
968 250 1031 318 257

57 443 176 526 passim
212 439 419 524 vagabantur
463 441 625 524 scutisque
663 442 770 524 capita
806 442 1030 526 contegebant.

57 544 182 608 Eadem
204 552 297 608 nocte
314 562 345 606 v.
361 543 495 628 legionis
511 543 647 628 pilorum
663 546 830 608 cacumina
846 566 904 609 sua
919 555 1032 630 sponte

57 657 214 712 arserunt.

142 750 193 813 48.
218 751 291 814 Rex
318 751 448 813 interim
476 750 559 814 Iuba
589 749 629 813 de
662 752 802 835 equestri
825 750 944 836 proelio
968 752 1032 817 Soi-

58 856 159 938 pionis
183 856 299 917 certior
327 853 431 917 factus
462 861 679 938 evocatusque
707 854 749 918 ab
779 854 893 918 eodem
921 854 1032 919 litteris

57 959 220 1042 praefecto
237 957 381 1024 Saburra
397 980 471 1022 oum
494 967 585 1043 parte
601 960 763 1022 exercitus
780 967 892 1022 contra
904 959 1033 1024 Sittium

57 1061 177 1142 relicto,
206 1068 242 1124 ut
265 1082 375 1124 secum
407 1063 476 1146 ipse
510 1061 631 1145 aliquid
665 1064 864 1126 auctoritatis
898 1061 1034 1126 adderet

57 1166 212 1228 exercitui
237 1165 392 1249 Scipionis
416 1187 454 1228 ac
476 1173 634 1228 terrorem
656 1163 814 1247 Caesaris,
839 1186 912 1229 cum
930 1165 1033 1228 tribus

56 1267 234 1351 legionibus
258 1267 483 1353 equitibusque
506 1268 639 1331 frenatis
662 1283 760 1349 Dece,
795 1267 942 1332 Numidis
965 1271 1033 1332 sinc

56 1372 155 1433 frenis
179 1369 405 1456 peditibusque
428 1370 507 1434 levis
531 1379 715 1435 armaturae
748 1370 865 1456 grandi
898 1388 1032 1435 numero

57 1474 300 1559 elephantisque
330 1493 403 1538 xxx
427 1497 575 1559 egressus
604 1498 622 1539 e
650 1497 750 1559 regno
779 1474 821 1537 ad
851 1476 1033 1560 Scipionem

58 1587 106 1641 cst
140 1578 311 1662 profectus.
357 1581 534 1664 Postquam
563 1579 605 1643 ad
634 1601 708 1643 eum
732 1581 888 1663 pervenit,
919 1580 1054 1642 castrist

59 1682 155 1764 regiis
179 1702 323 1745 seorsum
345 1686 455 1769 positis
479 1706 552 1748 cum
575 1685 620 1746 eis
644 1685 752 1768 copiis,
788 1704 868 1767 quas
897 1703 1032 1745 comme-

57 1785 191 1866 moravi,
215 1785 302 1849 haud
325 1789 371 1850 ita
393 1786 487 1872 longe
510 1787 552 1851 ab
576 1787 724 1871 Scipione
749 1785 901 1849 consedit,
937 1782 1068 1870 (Eratssi

57 1891 89 1951 in
112 1891 225 1953 castris
241 1888 388 1954 Caesaris
412 1893 576 1977 superiore
598 1900 743 1977 tempore
765 1910 903 1976 magnus
918 1897 1032 1970 terror,

57 2002 89 2056 et
116 1996 356 2078 exspectatione
388 1997 552 2080 copiarum
583 1996 746 2080 regiarum
775 1995 937 2058 exercitus
965 1993 1033 2056 eius

56 2103 159 2183 magis
182 2103 384 2185 suspensiore
408 2103 514 2165 animo
538 2109 613 2165 ante
633 2099 811 2164 adventum
834 2097 935 2162 Iubae
951 2118 1033 2160 com-

57 2203 265 2285 movebatur3
301 2213 472 2288 postquam
500 2225 578 2267 vero
613 2210 720 2266 castra
748 2204 861 2265 castris
890 2200 1056 2279 eontulits

58 2306 217 2389 despectis
241 2309 309 2370 eius
338 2310 437 2392 copiis
466 2329 594 2370 omnem
621 2308 769 2370 timorem
797 2304 937 2389 deponit.
982 2304 1034 2367 Ita

58 2431 155 2493 quam
192 2418 288 2473 antea
325 2409 442 2473 absens
487 2409 647 2473 habuerat
682 2410 915 2489 auctoritatem,
961 2428 1034 2470 eam

58 2535 185 2577 omnem
208 2533 361 2597 praesens
384 2508 574 2596 dimiserat.)
612 2512 689 2609 Quq
708 2510 794 2574 facto
817 2511 917 2574 cuivis
939 2508 1055 2572 faciles

58 2618 118 2680 fnit
139 2617 302 2681 intellectu
318 2617 458 2701 Scipioni
482 2615 628 2680 additum
651 2617 794 2679 animum
815 2613 1033 2698 fiduciamque

58 2724 143 2804 rogis
180 2720 333 2784 adventu.
379 2721 464 2784 Nam
501 2727 629 2805 postero
663 2718 715 2782 die
752 2719 922 2782 universas
959 2738 1056 2782 suase

57 2827 207 2910 rogisque
245 2827 353 2910 copias
390 2825 569 2910 elephantis
598 2840 644 2886 nx
674 2821 839 2910 productis
867 2825 901 2888 in
932 2823 1034 2886 aciem

59 2951 156 3013 quam
179 2931 410 3014 speciosissime
433 2931 537 3015 potuit
558 2931 711 2994 instruxit
731 2951 770 2993 ac
792 2928 887 3015 paulo
908 2928 1034 3013 longius

59 3054 247 3118 progressus
270 3033 312 3097 ab
336 3035 401 3097 suis
430 3032 661 3098 munitionibus
689 3033 777 3098 haud
805 3034 851 3097 ita
874 3032 930 3097 diu
952 3055 1034 3098 com-

58 3147 201 3202 moratus
224 3159 259 3201 se
281 3141 396 3224 recipit
417 3141 450 3203 in
473 3147 588 3203 castra.

144 3242 195 3306 49.
231 3239 361 3324 Caesar,
406 3251 577 3327 postquam
621 3242 850 3308 animadvertit
894 3243 1035 3328 Scipioni

59 3345 178 3409 auxilia
211 3345 289 3426 fere,
324 3366 408 3430 quae
442 3355 672 3432 exspectasset,
707 3348 813 3411 omnia
847 3347 1035 3411 convenisse

58 3470 163 3533 neque
201 3471 326 3514 moram
362 3449 529 3535 pugnandi
564 3449 663 3516 ullam
698 3450 777 3535 fore,
822 3472 881 3538 per
923 3452 1036 3537 iugum

59 3573 219 3615 summum
256 3573 330 3616 eum
367 3554 465 3638 copiis
502 3553 654 3639 progredi
691 3556 796 3640 eoepit
832 3564 865 3619 et
901 3553 1045 3620 brachia

111 3661 230 3703 Gaesarll.
891 3659 929 3706 Ἦ
