2376 3924
123 223 184 288 106
434 222 486 271 nu
505 218 625 271 66666
645 220 758 271 cuum

119 414 171 479 die
210 414 253 477 ad
287 412 480 497 colloquium
511 420 686 477 venturum
724 420 823 497 atque
857 433 922 476 una
954 413 1102 477 visurum

118 525 301 600 utrumque,
325 515 599 599 quemadmodum
621 524 690 581 tuto
713 515 810 599 legati
825 517 938 580 venire
961 524 993 580 et
1016 537 1102 601 quae

119 618 238 683 vellent
260 641 422 705 exponere
446 628 592 705 possent,
627 629 815 704 certumque
846 621 876 683 ei
902 620 950 683 rei
972 628 1101 707 tempus

96 723 331 794 ,1661611161111Ι
378 724 452 805 Quo
486 742 560 787 cum
593 732 677 787 esset
710 732 837 808 postero
869 723 921 786 die
954 733 1099 806 ventum,

119 848 237 910 magna
259 827 421 911 utrimque
445 824 614 891 multitudo
638 829 798 910 convenit,
822 848 1006 912 magnaque
1029 837 1102 892 erat

119 931 317 1016 exspectatio
352 930 420 992 eius
454 930 516 1010 rei,
552 938 649 1015 atque
678 932 820 995 omnium
854 932 952 994 animi
986 933 1100 996 intenti

95 1055 189 1104 iesse
212 1032 254 1097 ad
277 1055 391 1118 pacem
413 1028 617 1099 videbantur.
653 1035 728 1116 Qua
743 1056 786 1099 cx
809 1035 991 1120 frequentia
1007 1036 1101 1099 Titus

118 1136 284 1201 Labienus
312 1136 433 1222 prodit,
468 1136 627 1202 submissa
657 1139 800 1203 oratione
835 1137 920 1223 loqui
949 1137 990 1201 de
1019 1160 1100 1223 pace

96 1250 216 1325 satque
239 1239 387 1304 altercari
410 1257 484 1304 cum
499 1240 630 1305 Vatinio
645 1242 765 1326 incipit.
797 1242 944 1323 Quorum
960 1240 1102 1306 mediam

119 1345 296 1408 orationem
317 1345 556 1429 interrumpunt
578 1342 683 1407 subito
699 1343 842 1429 undique
858 1343 923 1408 tela
940 1346 1100 1427 im1nissa3

118 1469 202 1533 quac
224 1445 275 1511 1116
298 1446 445 1511 obtectus
468 1448 566 1511 armis
581 1445 717 1511 militum
732 1448 863 1529 vitavit3
887 1446 1101 1512 vulnerantur

117 1561 227 1616 tamen
251 1551 449 1637 complures,
483 1553 516 1614 in
538 1550 588 1614 his
611 1549 778 1616 Cornelius
800 1550 938 1633 Balbus,
961 1552 1006 1615 M.
1030 1551 1101 1617 Plo-

118 1659 195 1738 tius,
226 1658 265 1721 L.
289 1655 472 1737 Tiburtius,
508 1657 713 1720 centuriones
742 1654 924 1740 militesque
946 1654 1100 1720 nonnulli.

95 1760 202 1824 rTum
217 1758 399 1823 Labienus:
418 1756 570 1823 ‘desinite
586 1781 665 1843 crgo
688 1758 729 1823 de
751 1761 980 1844 compositione
995 1757 1099 1843 loqui3

118 1887 193 1929 nam
216 1864 309 1929 nobis
331 1865 390 1927 nisi
408 1863 556 1928 (16666116
579 1866 683 1949 capite
706 1863 806 1928 relato
830 1886 896 1949 pax
919 1884 989 1927 esse
1012 1861 1101 1926 nulla

118 1962 239 2053 potest’

191 2072 254 2143 20.
278 2069 397 2137 Iisdem
420 2071 619 2157 temporibus
642 2073 687 2137 M.
701 2070 828 2138 Caelius
843 2073 947 2138 Rufus
970 2079 1101 2157 praetor

118 2198 216 2239 causa
239 2174 422 2240 debitorum
445 2185 594 2262 suscepta
617 2178 706 2240 initio
728 2178 936 2261 magistratus
958 2171 1101 2239 tribunal

118 2300 212 2343 suum
245 2280 338 2343 iuxta
372 2278 407 2342 O.
438 2278 595 2360 Treboni,
627 2281 783 2364 praetoris
821 2279 954 2361 urbani,
988 2278 1100 2344 sellam

118 2383 285 2448 collocavit
314 2392 361 2466 et,
389 2385 417 2447 si
447 2386 517 2468 quis
547 2383 774 2468 appellavisset
803 2382 844 2446 de
878 2384 1100 2447 aestimatione

53 2508 62 2521 ·
116 2495 149 2551 ct
183 2486 223 2550 de
257 2485 482 2568 solutionibus,
517 2507 600 2571 quae
623 2508 681 2570 per
708 2485 870 2550 arbitrum
898 2487 1029 2569 fierent,
1064 2495 1101 2551 ut

117 2588 238 2654 Caesar
273 2612 426 2674 praesens
460 2591 687 2671 constituerat,
721 2588 790 2654 fore
820 2589 940 2654 auxilio
975 2588 1099 2676 pollice·

96 2691 223 2757 abatur.
270 2693 334 2758 Sed
368 2693 469 2758 fiebat
502 2695 664 2778 acquitate
694 2693 816 2758 decreti
844 2703 878 2757 et
898 2694 1100 2759 humanitate

117 2794 275 2876 Treboni,
306 2799 360 2880 qui
383 2797 432 2861 his
455 2796 654 2883 temporibus
682 2795 856 2861 clementer
878 2807 911 2863 et
932 2796 1099 2863 moderate

116 2902 167 2964 ius
189 2897 363 2963 dicendum
385 2900 607 2982 existimabat,
643 2911 680 2965 ut
706 2903 842 2987 reperiri
870 2924 935 2967 non
957 2911 1098 2987 possent,

93 3017 137 3067 ³a
160 3001 276 3087 quibus
296 3004 420 3066 initium
436 3003 618 3089 appellandi
634 3014 830 3069 nasceretur.
855 3005 940 3069 Nam
962 3005 1099 3070 fortusse

115 3107 259 3190 inopiam
282 3126 440 3169 excusare
464 3114 495 3169 et
518 3107 734 3172 calamitatem
749 3118 805 3171 aut
820 3110 984 3193 propriam
1005 3130 1099 3172 suam

116 3218 174 3275 aut
198 3217 380 3294 temporum
403 3212 494 3294 queri
517 3219 550 3275 et
571 3210 776 3276 difficultates
799 3211 1006 3276 auctionandi
1028 3233 1099 3296 pro-

117 3334 238 3398 ponere
272 3314 371 3377 etiam
402 3314 574 3379 mediocris
607 3325 656 3379 661
693 3317 804 3397 6111111;
843 3317 986 3400 integras
1019 3336 1099 3378 vero

117 3426 229 3480 tenere
253 3418 485 3501 possessiones,
509 3419 565 3503 qui
593 3440 628 3482 se
651 3416 771 3483 debere
800 3417 978 3499 fateantur,
1006 3417 1098 3482 cuius
1143 3408 1146 3413 ’

89 3521 215 3584 *animi
244 3528 301 3584 aut
323 3520 413 3584 cuius
435 3518 653 3607 impudentiae
676 3520 747 3584 est?
791 3519 923 3604 Itaque,
951 3517 1014 3585 hoc
1041 3521 1099 3604 qui
