2376 3924
99 226 162 290 316
383 224 491 273 BELLI
510 223 761 275 fflsrsmuusls

99 413 218 501 proelio
235 434 315 499 quos
330 415 593 478 circummunitos
608 415 757 499 superius
768 413 1077 502 demonstravimus,

99 519 299 603 eruptionem
321 517 468 582 fecerunt
490 527 522 582 et
543 516 628 582 bene
650 516 757 582 multis
779 517 957 584 interfectis
973 520 1007 583 iu
1024 542 1080 606 op

98 621 211 706 pidum
232 630 309 686 sunt
330 620 463 686 redacti.

184 724 235 788 35.
270 723 392 789 Caesar
414 723 574 809 Hispalim
602 745 677 788 cum
707 724 940 807 contendisset,
975 724 1078 811 legati

98 829 308 915 deprecatum
330 837 499 892 venerunt.
545 828 596 891 Ita
630 849 704 892 cum
736 826 779 891 ad
812 827 967 914 oppidum
989 839 1078 895 esset

98 942 246 1014 ventum,
284 929 454 996 Caninium
491 930 633 1015 legatum
670 952 744 995 eum
780 930 940 1016 praesidio
978 933 1076 997 intro·

79 1037 211 1117 amittit3
246 1037 314 1119 ipse
344 1044 451 1099 castra
478 1033 521 1098 ad
550 1033 704 1119 oppidum
733 1036 831 1118 ponit.
876 1034 967 1099 Erat.
990 1033 1077 1100 bene

100 1161 219 1223 magna
252 1156 369 1200 enarras
391 1140 476 1202 intra
498 1138 771 1223 Pompeianarum
798 1139 954 1223 partium,
990 1159 1077 1222 quae

100 1241 297 1327 praesidium
319 1251 486 1326 receptum
509 1241 741 1326 indignaretur.
788 1239 879 1306 Clam
910 1241 1077 1327 quendam

100 1343 277 1427 Philonem,
300 1343 399 1427 illum,
428 1347 483 1430 qui
505 1345 776 1431 Pompeianarum
798 1346 939 1428 partium
960 1344 1077 1410 fuisset

100 1449 249 1513 defensor
289 1451 465 1513 acerrimus
506 1446 547 1533 (is
581 1457 648 1512 tota
681 1447 851 1511 Lusitania
888 1449 1076 1513 notissimus

77 1551 183 1638 serat)
196 1554 302 1616 —hie
317 1551 399 1616 clam
415 1552 576 1638 praesidia
591 1551 628 1612 ie
643 1551 846 1615 Lusitaniam
860 1551 1077 1636 proficiscitur

99 1666 131 1720 et
154 1656 328 1722 Caecilium
351 1657 497 1740 Nigrum,
521 1655 684 1719 hominem
706 1653 893 1734 barbarum,
924 1653 967 1718 ad
990 1654 1076 1720 Len-

100 1763 189 1825 nium
223 1762 389 1841 oonvenit,
425 1761 479 1843 qui
506 1757 590 1822 bene
618 1780 772 1843 magnam
792 1780 926 1822 manum
948 1758 1076 1824 Lusita·

77 1887 215 1929 snorum
238 1862 382 1927 haberet.
416 1862 541 1925 Rursus
557 1860 716 1947 Hispalim
738 1861 774 1922 in
798 1861 952 1946 oppidum
968 1860 1076 1927 denuo

99 1976 197 2032 noctu
230 1988 288 2050 per
328 1986 458 2028 murum
491 1965 662 2048 recipitur:
708 1964 920 2050 praesidium,
960 1964 1075 2050 vigiles

98 2069 259 2154 iugulant,
294 2077 403 2154 portas
437 2065 665 2151 praecludunt,
700 2067 741 2132 de
771 2068 898 2151 integro
928 2090 1075 2153 pugnare

99 2181 283 2259 coeperunt.

185 2277 235 2340 36.
271 2277 361 2341 Dum
382 2275 464 2339 hacc
486 2282 659 2360 geruntur,
682 2274 779 2360 legati
802 2272 1004 2338 Carteienses
1027 2296 1075 2337 re-

98 2383 339 2461 nuntiaverunt,
364 2378 450 2463 quod
465 2379 656 2464 Pompeium
677 2381 711 2442 in
732 2386 890 2462 potestate
905 2375 1074 2441 haberent.
1130 2411 1134 2417 ·

99 2483 197 2565 Quod
220 2491 295 2547 ante
318 2480 451 2546 Caesari
479 2491 587 2567 portas
612 2481 875 2567 praeclusissent,
905 2479 956 2544 illo
978 2479 1075 2544 bene·

98 2589 171 2652 ficio
200 2609 294 2651 suum
322 2586 516 2651 maleficium
545 2585 775 2649 existimabant
797 2606 831 2649 se
854 2583 1074 2648 lucrifacere.

99 2690 248 2755 Lusitani
271 2690 397 2774 Hispali
420 2711 566 2775 pugnare
589 2687 675 2752 nullo
698 2697 843 2773 tempore
866 2685 1074 2752 desistebant.

76 2794 196 2875 aQuod
220 2793 437 2858 Caesareum
460 2791 751 2872 animadverteret,
787 2792 814 2854 si
848 2789 1074 2876 oppidum-ca·

99 2919 176 2982 pere
199 2896 425 2978 contenderet,
459 2895 526 2975 fore
554 2903 591 2959 ut
619 2894 765 2959 homines
788 2893 905 2980 perditi
926 2892 1075 2958 incende·

98 3009 172 3064 rent
204 3009 237 3064 et
269 3001 396 3063 moenia
419 2998 580 3079 delerent,
614 3000 660 3062 ita
689 2997 819 3062 consilio
843 2997 953 3062 habito
976 3006 1075 3061 noctu

99 3107 221 3190 patitur
243 3104 416 3169 Lusitanos
439 3103 641 3186 eruptionem
664 3101 788 3183 faeere3
824 3099 858 3164 id
886 3099 973 3185 quod
1002 3121 1074 3164 cou-

76 3207 181 3273 asulto
203 3230 268 3272 nou
290 3202 521 3269 existimabant
542 3204 622 3266 fieri.
667 3203 719 3267 Ita
740 3203 939 3289 erumpendo
962 3226 1074 3285 naves,

100 3331 183 3395 quae
206 3309 249 3375 ad
272 3310 399 3374 Baetim
421 3307 542 3371 flumen
564 3307 708 3389 fuissent,
731 3307 917 3372 incendunt.
963 3307 1073 3372 Nostri

100 3414 178 3478 dum
200 3413 349 3478 incendio
372 3412 557 3476 detinentur
570 3458 686 3474 ......
699 3409 743 3474 illi
766 3411 955 3496 profugiunt
977 3419 1010 3473 et
1032 3409 1073 3475 ab

76 3516 261 3602 scquitibus
284 3514 504 3581 conciduntur.
535 3515 608 3595 Quo
631 3513 716 3577 facto
740 3512 857 3598 oppido
880 3522 1070 3596 recuperato
