<?xml version="1.0" encoding="UTF-8"?>
<!DOCTYPE html PUBLIC "-//W3C//DTD XHTML 1.0 Transitional//EN"
    "http://www.w3.org/TR/xhtml1/DTD/xhtml1-transitional.dtd">
<html xmlns="http://www.w3.org/1999/xhtml" xml:lang="en" lang="en">
 <head>
  <title>
</title>
<meta http-equiv="Content-Type" content="text/html;charset=utf-8" />
  <meta name='ocr-system' content='tesseract 3.04.00' />
  <meta name='ocr-capabilities' content='ocr_page ocr_carea ocr_par ocr_line ocrx_word'/>
</head>
<body>
  <div class='ocr_page' id='page_1' title='image "./ciuliicaesarisc00hoffgoog/ciuliicaesarisc00hoffgoog_0559.png"; bbox 0 0 2376 3924; ppageno 0'>
   <div class='ocr_carea' id='block_1_1' title="bbox 132 243 779 310">
    <p class='ocr_par' dir='ltr' id='par_1_1' title="bbox 132 243 779 310">
     <span class='ocr_line' id='line_1_1' title="bbox 132 243 779 310; baseline -0.002 -15"><span class='ocrx_word' id='word_1_1' title='bbox 132 245 194 310; x_wconf 82' lang='lat'><strong>154</strong></span> <span class='ocrx_word' id='word_1_2' title='bbox 456 245 506 295; x_wconf 83' lang='lat' dir='ltr'><strong>nn</strong></span> <span class='ocrx_word' id='word_1_3' title='bbox 527 245 648 296; x_wconf 82' lang='lat' dir='ltr'><strong>nanno</strong></span> <span class='ocrx_word' id='word_1_4' title='bbox 667 243 779 296; x_wconf 83' lang='lat' dir='ltr'><strong>ervrm</strong></span> 
     </span>
    </p>
   </div>
   <div class='ocr_carea' id='block_1_2' title="bbox 109 436 1115 2805">
    <p class='ocr_par' dir='ltr' id='par_1_2' title="bbox 109 436 1115 2577">
     <span class='ocr_line' id='line_1_2' title="bbox 130 436 1115 522; baseline 0 -20"><span class='ocrx_word' id='word_1_5' title='bbox 130 437 270 502; x_wconf 90' lang='lat' dir='ltr'><strong>fuerunt.</strong></span> <span class='ocrx_word' id='word_1_6' title='bbox 294 437 379 502; x_wconf 90' lang='lat' dir='ltr'><strong>Nam</strong></span> <span class='ocrx_word' id='word_1_7' title='bbox 402 445 434 502; x_wconf 98' lang='lat' dir='ltr'><strong>et</strong></span> <span class='ocrx_word' id='word_1_8' title='bbox 456 436 520 501; x_wconf 91' lang='lat' dir='ltr'><strong>tela</strong></span> <span class='ocrx_word' id='word_1_9' title='bbox 542 438 640 502; x_wconf 90' lang='lat' dir='ltr'><strong>missa</strong></span> <span class='ocrx_word' id='word_1_10' title='bbox 663 444 862 521; x_wconf 87' lang='lat' dir='ltr'><strong>exceperunt</strong></span> <span class='ocrx_word' id='word_1_11' title='bbox 889 445 922 500; x_wconf 93' lang='lat' dir='ltr'><strong>et</strong></span> <span class='ocrx_word' id='word_1_12' title='bbox 949 436 1115 522; x_wconf 90' lang='lat' dir='ltr'><strong>impetum</strong></span> 
     </span>
     <span class='ocr_line' id='line_1_3' title="bbox 129 539 1115 625; baseline 0.001 -22"><span class='ocrx_word' id='word_1_13' title='bbox 129 540 290 624; x_wconf 83' lang='lat' dir='ltr'><strong>legionum</strong></span> <span class='ocrx_word' id='word_1_14' title='bbox 323 540 465 605; x_wconf 92' lang='lat' dir='ltr'><strong>tulerunt</strong></span> <span class='ocrx_word' id='word_1_15' title='bbox 488 550 520 605; x_wconf 94' lang='lat' dir='ltr'><strong>et</strong></span> <span class='ocrx_word' id='word_1_16' title='bbox 543 540 671 605; x_wconf 83' lang='lat' dir='ltr'><strong>ordines</strong></span> <span class='ocrx_word' id='word_1_17' title='bbox 705 547 938 604; x_wconf 79' lang='lat' dir='ltr'><strong>conservarunt</strong></span> <span class='ocrx_word' id='word_1_18' title='bbox 970 539 1115 625; x_wconf 88' lang='lat' dir='ltr'><strong>pilisque</strong></span> 
     </span>
     <span class='ocr_line' id='line_1_4' title="bbox 109 644 1115 730; baseline 0 -21"><span class='ocrx_word' id='word_1_19' title='bbox 109 647 233 709; x_wconf 82' lang='lat' dir='ltr'><strong>³missis</strong></span> <span class='ocrx_word' id='word_1_20' title='bbox 257 645 299 710; x_wconf 92' lang='lat' dir='ltr'><strong>ad</strong></span> <span class='ocrx_word' id='word_1_21' title='bbox 321 644 445 730; x_wconf 83' lang='lat' dir='ltr'>gladios</span> <span class='ocrx_word' id='word_1_22' title='bbox 468 644 643 709; x_wconf 92' lang='lat' dir='ltr'><strong>redierunt.</strong></span> <span class='ocrx_word' id='word_1_23' title='bbox 667 644 792 708; x_wconf 80' lang='lat' dir='ltr'><strong>Eodem</strong></span> <span class='ocrx_word' id='word_1_24' title='bbox 814 653 960 729; x_wconf 89' lang='lat' dir='ltr'><strong>tempore</strong></span> <span class='ocrx_word' id='word_1_25' title='bbox 983 646 1115 730; x_wconf 81' lang='lat' dir='ltr'>equites</span> 
     </span>
     <span class='ocr_line' id='line_1_5' title="bbox 130 748 1115 832; baseline 0.001 -20"><span class='ocrx_word' id='word_1_26' title='bbox 130 748 172 813; x_wconf 88' lang='lat' dir='ltr'><strong>ab</strong></span> <span class='ocrx_word' id='word_1_27' title='bbox 196 751 323 813; x_wconf 87' lang='lat' dir='ltr'><strong>sinistro</strong></span> <span class='ocrx_word' id='word_1_28' title='bbox 346 749 480 832; x_wconf 87' lang='lat' dir='ltr'>Pompei</span> <span class='ocrx_word' id='word_1_29' title='bbox 504 770 614 831; x_wconf 89' lang='lat' dir='ltr'><strong>cornu,</strong></span> <span class='ocrx_word' id='word_1_30' title='bbox 649 757 685 812; x_wconf 92' lang='lat' dir='ltr'><strong>ut</strong></span> <span class='ocrx_word' id='word_1_31' title='bbox 715 757 785 812; x_wconf 88' lang='lat' dir='ltr'><strong>erat</strong></span> <span class='ocrx_word' id='word_1_32' title='bbox 812 751 1019 832; x_wconf 92' lang='lat' dir='ltr'><strong>imperatum,</strong></span> <span class='ocrx_word' id='word_1_33' title='bbox 1042 750 1115 813; x_wconf 89' lang='lat' dir='ltr'><strong>uni·</strong></span> 
     </span>
     <span class='ocr_line' id='line_1_6' title="bbox 129 850 1113 938; baseline 0 -22"><span class='ocrx_word' id='word_1_34' title='bbox 129 855 216 917; x_wconf 87' lang='lat' dir='ltr'><strong>versi</strong></span> <span class='ocrx_word' id='word_1_35' title='bbox 250 861 533 938; x_wconf 78' lang='lat' dir='ltr'><strong>procucurrerunt,</strong></span> <span class='ocrx_word' id='word_1_36' title='bbox 572 853 739 936; x_wconf 90' lang='lat' dir='ltr'><strong>omnisque</strong></span> <span class='ocrx_word' id='word_1_37' title='bbox 773 850 943 915; x_wconf 91' lang='lat' dir='ltr'><strong>multitudo</strong></span> <span class='ocrx_word' id='word_1_38' title='bbox 978 853 1113 936; x_wconf 85' lang='lat' dir='ltr'><strong>sagitta-</strong></span> 
     </span>
     <span class='ocr_line' id='line_1_7' title="bbox 129 955 1113 1040; baseline 0 -20"><span class='ocrx_word' id='word_1_39' title='bbox 129 959 252 1021; x_wconf 88' lang='lat' dir='ltr'><strong>riorum</strong></span> <span class='ocrx_word' id='word_1_40' title='bbox 275 977 309 1019; x_wconf 88' lang='lat' dir='ltr'><strong>se</strong></span> <span class='ocrx_word' id='word_1_41' title='bbox 332 955 483 1040; x_wconf 91' lang='lat' dir='ltr'><strong>profudit.</strong></span> <span class='ocrx_word' id='word_1_42' title='bbox 531 955 678 1037; x_wconf 80' lang='lat' dir='ltr'><strong>Quorum</strong></span> <span class='ocrx_word' id='word_1_43' title='bbox 712 957 867 1039; x_wconf 90' lang='lat' dir='ltr'><strong>impetum</strong></span> <span class='ocrx_word' id='word_1_44' title='bbox 889 963 999 1019; x_wconf 88' lang='lat' dir='ltr'><strong>noster</strong></span> <span class='ocrx_word' id='word_1_45' title='bbox 1022 957 1113 1040; x_wconf 91' lang='lat' dir='ltr'><strong>equi·</strong></span> 
     </span>
     <span class='ocr_line' id='line_1_8' title="bbox 129 1057 1113 1143; baseline 0.001 -20"><span class='ocrx_word' id='word_1_46' title='bbox 129 1069 216 1124; x_wconf 90' lang='lat' dir='ltr'><strong>tatus</strong></span> <span class='ocrx_word' id='word_1_47' title='bbox 249 1081 314 1122; x_wconf 91' lang='lat' dir='ltr'><strong>non</strong></span> <span class='ocrx_word' id='word_1_48' title='bbox 346 1059 427 1141; x_wconf 91' lang='lat' dir='ltr'><strong>tulit,</strong></span> <span class='ocrx_word' id='word_1_49' title='bbox 467 1057 525 1123; x_wconf 90' lang='lat' dir='ltr'><strong>sed</strong></span> <span class='ocrx_word' id='word_1_50' title='bbox 562 1058 716 1143; x_wconf 88' lang='lat' dir='ltr'><strong>paulatim</strong></span> <span class='ocrx_word' id='word_1_51' title='bbox 753 1057 821 1123; x_wconf 91' lang='lat' dir='ltr'><strong>loco</strong></span> <span class='ocrx_word' id='word_1_52' title='bbox 858 1067 964 1122; x_wconf 90' lang='lat' dir='ltr'><strong>motus</strong></span> <span class='ocrx_word' id='word_1_53' title='bbox 1001 1062 1113 1143; x_wconf 80' lang='lat' dir='ltr'><strong>cessit,</strong></span> 
     </span>
     <span class='ocr_line' id='line_1_9' title="bbox 130 1162 1114 1248; baseline 0.001 -22"><span class='ocrx_word' id='word_1_54' title='bbox 130 1166 318 1248; x_wconf 84' lang='lat' dir='ltr'><strong>equitesque</strong></span> <span class='ocrx_word' id='word_1_55' title='bbox 340 1163 473 1248; x_wconf 91' lang='lat' dir='ltr'><strong>Pompei</strong></span> <span class='ocrx_word' id='word_1_56' title='bbox 496 1162 558 1226; x_wconf 93' lang='lat' dir='ltr'><strong>hoc</strong></span> <span class='ocrx_word' id='word_1_57' title='bbox 581 1165 686 1226; x_wconf 93' lang='lat' dir='ltr'><strong>acrius</strong></span> <span class='ocrx_word' id='word_1_58' title='bbox 710 1165 830 1226; x_wconf 89' lang='lat' dir='ltr'><strong>instare</strong></span> <span class='ocrx_word' id='word_1_59' title='bbox 846 1171 877 1226; x_wconf 93' lang='lat' dir='ltr'><strong>et</strong></span> <span class='ocrx_word' id='word_1_60' title='bbox 892 1183 926 1227; x_wconf 89' lang='lat' dir='ltr'><strong>se</strong></span> <span class='ocrx_word' id='word_1_61' title='bbox 941 1165 1114 1228; x_wconf 81' lang='lat' dir='ltr'><strong>turmatim</strong></span> 
     </span>
     <span class='ocr_line' id='line_1_10' title="bbox 131 1265 1114 1352; baseline 0.002 -23"><span class='ocrx_word' id='word_1_62' title='bbox 131 1267 292 1352; x_wconf 86' lang='lat' dir='ltr'><strong>explicare</strong></span> <span class='ocrx_word' id='word_1_63' title='bbox 316 1268 482 1351; x_wconf 85' lang='lat' dir='ltr'><strong>aciemque</strong></span> <span class='ocrx_word' id='word_1_64' title='bbox 503 1274 647 1330; x_wconf 91' lang='lat' dir='ltr'><strong>nostram</strong></span> <span class='ocrx_word' id='word_1_65' title='bbox 662 1290 682 1330; x_wconf 91' lang='lat' dir='ltr'><strong>a</strong></span> <span class='ocrx_word' id='word_1_66' title='bbox 692 1265 795 1330; x_wconf 91' lang='lat' dir='ltr'><strong>latere</strong></span> <span class='ocrx_word' id='word_1_67' title='bbox 812 1275 923 1351; x_wconf 91' lang='lat' dir='ltr'><strong>aperto</strong></span> <span class='ocrx_word' id='word_1_68' title='bbox 939 1267 1114 1331; x_wconf 85' lang='lat' dir='ltr'><strong>circumire</strong></span> 
     </span>
     <span class='ocr_line' id='line_1_11' title="bbox 110 1367 1114 1455; baseline 0.002 -21"><span class='ocrx_word' id='word_1_69' title='bbox 110 1379 314 1455; x_wconf 80' lang='lat' dir='ltr'><strong>4coeperunt.</strong></span> <span class='ocrx_word' id='word_1_70' title='bbox 361 1369 458 1452; x_wconf 78' lang='lat' dir='ltr'><strong>Quod</strong></span> <span class='ocrx_word' id='word_1_71' title='bbox 479 1368 536 1433; x_wconf 92' lang='lat' dir='ltr'><strong>ubi</strong></span> <span class='ocrx_word' id='word_1_72' title='bbox 559 1367 681 1433; x_wconf 82' lang='lat' dir='ltr'><strong>Caesar</strong></span> <span class='ocrx_word' id='word_1_73' title='bbox 703 1368 941 1452; x_wconf 86' lang='lat' dir='ltr'><strong>animadvertit,</strong></span> <span class='ocrx_word' id='word_1_74' title='bbox 971 1380 1114 1455; x_wconf 81' lang='lat' dir='ltr'><strong>quartae</strong></span> 
     </span>
     <span class='ocr_line' id='line_1_12' title="bbox 131 1473 1112 1559; baseline 0.001 -22"><span class='ocrx_word' id='word_1_75' title='bbox 131 1476 220 1557; x_wconf 90' lang='lat' dir='ltr'><strong>aciei,</strong></span> <span class='ocrx_word' id='word_1_76' title='bbox 245 1496 342 1559; x_wconf 92' lang='lat' dir='ltr'><strong>quam</strong></span> <span class='ocrx_word' id='word_1_77' title='bbox 364 1477 546 1540; x_wconf 87' lang='lat' dir='ltr'><strong>instituerat</strong></span> <span class='ocrx_word' id='word_1_78' title='bbox 570 1496 628 1538; x_wconf 92' lang='lat' dir='ltr'><strong>sex</strong></span> <span class='ocrx_word' id='word_1_79' title='bbox 651 1473 839 1555; x_wconf 86' lang='lat' dir='ltr'><strong>cohortium,</strong></span> <span class='ocrx_word' id='word_1_80' title='bbox 864 1473 954 1538; x_wconf 90' lang='lat' dir='ltr'><strong>dedit</strong></span> <span class='ocrx_word' id='word_1_81' title='bbox 969 1475 1112 1558; x_wconf 79' lang='lat' dir='ltr'><strong>signum.</strong></span> 
     </span>
     <span class='ocr_line' id='line_1_13' title="bbox 109 1577 1114 1664; baseline 0.002 -22"><span class='ocrx_word' id='word_1_82' title='bbox 109 1578 180 1642; x_wconf 66' lang='lat' dir='ltr'><strong>allli</strong></span> <span class='ocrx_word' id='word_1_83' title='bbox 204 1578 351 1643; x_wconf 88' lang='lat' dir='ltr'><strong>celeriter</strong></span> <span class='ocrx_word' id='word_1_84' title='bbox 380 1587 656 1664; x_wconf 88' lang='lat' dir='ltr'><strong>procucurrerunt</strong></span> <span class='ocrx_word' id='word_1_85' title='bbox 683 1577 871 1661; x_wconf 88' lang='lat' dir='ltr'><strong>infestisque</strong></span> <span class='ocrx_word' id='word_1_86' title='bbox 894 1579 993 1662; x_wconf 83' lang='lat' dir='ltr'><strong>signis</strong></span> <span class='ocrx_word' id='word_1_87' title='bbox 1016 1586 1114 1644; x_wconf 85' lang='lat' dir='ltr'><strong>tanta</strong></span> 
     </span>
     <span class='ocr_line' id='line_1_14' title="bbox 129 1680 1114 1767; baseline 0.003 -23"><span class='ocrx_word' id='word_1_88' title='bbox 129 1684 162 1744; x_wconf 87' lang='lat' dir='ltr'><strong>vi</strong></span> <span class='ocrx_word' id='word_1_89' title='bbox 185 1684 218 1745; x_wconf 93' lang='lat' dir='ltr'><strong>in</strong></span> <span class='ocrx_word' id='word_1_90' title='bbox 247 1683 380 1767; x_wconf 93' lang='lat' dir='ltr'><strong>Pompei</strong></span> <span class='ocrx_word' id='word_1_91' title='bbox 409 1685 532 1767; x_wconf 88' lang='lat' dir='ltr'><strong>equites</strong></span> <span class='ocrx_word' id='word_1_92' title='bbox 560 1683 715 1766; x_wconf 91' lang='lat' dir='ltr'><strong>impetum</strong></span> <span class='ocrx_word' id='word_1_93' title='bbox 743 1680 899 1763; x_wconf 88' lang='lat' dir='ltr'><strong>fecerunt,</strong></span> <span class='ocrx_word' id='word_1_94' title='bbox 932 1689 969 1745; x_wconf 93' lang='lat' dir='ltr'><strong>ut</strong></span> <span class='ocrx_word' id='word_1_95' title='bbox 996 1702 1114 1747; x_wconf 90' lang='lat' dir='ltr'><strong>eorum</strong></span> 
     </span>
     <span class='ocr_line' id='line_1_15' title="bbox 129 1784 1113 1868; baseline 0.003 -21"><span class='ocrx_word' id='word_1_96' title='bbox 129 1806 223 1848; x_wconf 88' lang='lat' dir='ltr'><strong>nemo</strong></span> <span class='ocrx_word' id='word_1_97' title='bbox 260 1787 458 1867; x_wconf 88' lang='lat' dir='ltr'><strong>consisteret,</strong></span> <span class='ocrx_word' id='word_1_98' title='bbox 504 1805 678 1868; x_wconf 89' lang='lat' dir='ltr'><strong>omnesque</strong></span> <span class='ocrx_word' id='word_1_99' title='bbox 716 1784 863 1848; x_wconf 78' lang='lat' dir='ltr'><strong>conversi</strong></span> <span class='ocrx_word' id='word_1_100' title='bbox 899 1805 965 1848; x_wconf 94' lang='lat' dir='ltr'><strong>non</strong></span> <span class='ocrx_word' id='word_1_101' title='bbox 1006 1784 1113 1850; x_wconf 91' lang='lat' dir='ltr'><strong>solum</strong></span> 
     </span>
     <span class='ocr_line' id='line_1_16' title="bbox 129 1886 1113 1972; baseline 0.003 -22"><span class='ocrx_word' id='word_1_102' title='bbox 129 1887 197 1952; x_wconf 92' lang='lat' dir='ltr'><strong>loco</strong></span> <span class='ocrx_word' id='word_1_103' title='bbox 220 1888 426 1971; x_wconf 85' lang='lat' dir='ltr'><strong>excederent,</strong></span> <span class='ocrx_word' id='word_1_104' title='bbox 460 1887 517 1951; x_wconf 92' lang='lat' dir='ltr'><strong>sed</strong></span> <span class='ocrx_word' id='word_1_105' title='bbox 546 1889 690 1972; x_wconf 89' lang='lat' dir='ltr'><strong>protinus</strong></span> <span class='ocrx_word' id='word_1_106' title='bbox 717 1888 840 1952; x_wconf 90' lang='lat' dir='ltr'><strong>incitati</strong></span> <span class='ocrx_word' id='word_1_107' title='bbox 872 1886 951 1971; x_wconf 85' lang='lat' dir='ltr'><strong>fuga</strong></span> <span class='ocrx_word' id='word_1_108' title='bbox 982 1897 1113 1954; x_wconf 90' lang='lat' dir='ltr'><strong>montes</strong></span> 
     </span>
     <span class='ocr_line' id='line_1_17' title="bbox 130 1989 1112 2076; baseline 0.002 -21"><span class='ocrx_word' id='word_1_109' title='bbox 130 1991 298 2056; x_wconf 89' lang='lat' dir='ltr'><strong>altissimos</strong></span> <span class='ocrx_word' id='word_1_110' title='bbox 331 1999 486 2076; x_wconf 90' lang='lat' dir='ltr'><strong>peterent.</strong></span> <span class='ocrx_word' id='word_1_111' title='bbox 533 1989 659 2072; x_wconf 75' lang='lat' dir='ltr'><strong>Quibus</strong></span> <span class='ocrx_word' id='word_1_112' title='bbox 692 1989 847 2054; x_wconf 87' lang='lat' dir='ltr'><strong>submotis</strong></span> <span class='ocrx_word' id='word_1_113' title='bbox 875 2010 985 2054; x_wconf 90' lang='lat' dir='ltr'><strong>omnes</strong></span> <span class='ocrx_word' id='word_1_114' title='bbox 1014 1993 1112 2076; x_wconf 82' lang='lat' dir='ltr'><strong>sagit-</strong></span> 
     </span>
     <span class='ocr_line' id='line_1_18' title="bbox 129 2093 1112 2179; baseline 0.001 -20"><span class='ocrx_word' id='word_1_115' title='bbox 129 2098 203 2160; x_wconf 87' lang='lat' dir='ltr'><strong>tarii</strong></span> <span class='ocrx_word' id='word_1_116' title='bbox 225 2095 468 2179; x_wconf 83' lang='lat' dir='ltr'><strong>funditoresque</strong></span> <span class='ocrx_word' id='word_1_117' title='bbox 502 2093 645 2158; x_wconf 91' lang='lat' dir='ltr'><strong>destituti</strong></span> <span class='ocrx_word' id='word_1_118' title='bbox 678 2096 817 2158; x_wconf 90' lang='lat' dir='ltr'><strong>inermes</strong></span> <span class='ocrx_word' id='word_1_119' title='bbox 851 2094 919 2157; x_wconf 90' lang='lat' dir='ltr'><strong>sine</strong></span> <span class='ocrx_word' id='word_1_120' title='bbox 946 2093 1112 2179; x_wconf 90' lang='lat' dir='ltr'><strong>praesidio</strong></span> 
     </span>
     <span class='ocr_line' id='line_1_19' title="bbox 109 2196 1113 2282; baseline 0.001 -18"><span class='ocrx_word' id='word_1_121' title='bbox 109 2199 288 2265; x_wconf 81' lang='lat' dir='ltr'><strong>cinterfecti</strong></span> <span class='ocrx_word' id='word_1_122' title='bbox 325 2208 408 2263; x_wconf 90' lang='lat' dir='ltr'><strong>sunt.</strong></span> <span class='ocrx_word' id='word_1_123' title='bbox 453 2196 578 2262; x_wconf 80' lang='lat' dir='ltr'><strong>Eodem</strong></span> <span class='ocrx_word' id='word_1_124' title='bbox 610 2199 732 2282; x_wconf 91' lang='lat' dir='ltr'><strong>impetu</strong></span> <span class='ocrx_word' id='word_1_125' title='bbox 765 2196 912 2262; x_wconf 89' lang='lat' dir='ltr'><strong>cohortes</strong></span> <span class='ocrx_word' id='word_1_126' title='bbox 945 2199 1113 2265; x_wconf 87' lang='lat' dir='ltr'><strong>sinistrum</strong></span> 
     </span>
     <span class='ocr_line' id='line_1_20' title="bbox 131 2300 1111 2388; baseline -0.001 -21"><span class='ocrx_word' id='word_1_127' title='bbox 131 2325 231 2367; x_wconf 91' lang='lat' dir='ltr'><strong>cornu</strong></span> <span class='ocrx_word' id='word_1_128' title='bbox 264 2300 483 2388; x_wconf 79' lang='lat' dir='ltr'><strong>pugnantibus</strong></span> <span class='ocrx_word' id='word_1_129' title='bbox 517 2303 614 2364; x_wconf 88' lang='lat' dir='ltr'><strong>etiam</strong></span> <span class='ocrx_word' id='word_1_130' title='bbox 646 2310 716 2364; x_wconf 93' lang='lat' dir='ltr'><strong>tum</strong></span> <span class='ocrx_word' id='word_1_131' title='bbox 749 2322 789 2364; x_wconf 89' lang='lat' dir='ltr'><strong>ac</strong></span> <span class='ocrx_word' id='word_1_132' title='bbox 821 2300 1048 2366; x_wconf 86' lang='lat' dir='ltr'><strong>resistentibus</strong></span> <span class='ocrx_word' id='word_1_133' title='bbox 1077 2303 1111 2366; x_wconf 93' lang='lat' dir='ltr'><strong>in</strong></span> 
     </span>
     <span class='ocr_line' id='line_1_21' title="bbox 130 2406 1113 2492; baseline -0.002 -20"><span class='ocrx_word' id='word_1_134' title='bbox 130 2410 199 2472; x_wconf 91' lang='lat' dir='ltr'><strong>acie</strong></span> <span class='ocrx_word' id='word_1_135' title='bbox 222 2408 426 2492; x_wconf 90' lang='lat' dir='ltr'><strong>Pompeianis</strong></span> <span class='ocrx_word' id='word_1_136' title='bbox 461 2406 691 2469; x_wconf 90' lang='lat' dir='ltr'><strong>circumierunt</strong></span> <span class='ocrx_word' id='word_1_137' title='bbox 725 2425 844 2489; x_wconf 88' lang='lat' dir='ltr'><strong>eosque</strong></span> <span class='ocrx_word' id='word_1_138' title='bbox 872 2427 891 2468; x_wconf 89' lang='lat' dir='ltr'><strong>a</strong></span> <span class='ocrx_word' id='word_1_139' title='bbox 919 2412 1012 2489; x_wconf 87' lang='lat' dir='ltr'><strong>tergo</strong></span> <span class='ocrx_word' id='word_1_140' title='bbox 1035 2413 1113 2470; x_wconf 89' lang='lat' dir='ltr'><strong>sunt</strong></span> 
     </span>
     <span class='ocr_line' id='line_1_22' title="bbox 130 2511 243 2577; baseline 0 -2"><span class='ocrx_word' id='word_1_141' title='bbox 130 2511 243 2577; x_wconf 90' lang='lat' dir='ltr'><strong>adorti.</strong></span> 
     </span>
    </p>

    <p class='ocr_par' dir='ltr' id='par_1_3' title="bbox 130 2612 1112 2805">
     <span class='ocr_line' id='line_1_23' title="bbox 217 2612 1112 2700; baseline 0.001 -23"><span class='ocrx_word' id='word_1_142' title='bbox 217 2615 267 2678; x_wconf 85' lang='lat'><strong>94.</strong></span> <span class='ocrx_word' id='word_1_143' title='bbox 291 2615 415 2680; x_wconf 80' lang='lat' dir='ltr'><strong>Eodem</strong></span> <span class='ocrx_word' id='word_1_144' title='bbox 439 2625 583 2700; x_wconf 88' lang='lat' dir='ltr'><strong>tempore</strong></span> <span class='ocrx_word' id='word_1_145' title='bbox 606 2615 735 2678; x_wconf 91' lang='lat' dir='ltr'><strong>tertiam</strong></span> <span class='ocrx_word' id='word_1_146' title='bbox 751 2615 854 2677; x_wconf 86' lang='lat' dir='ltr'><strong>aciem</strong></span> <span class='ocrx_word' id='word_1_147' title='bbox 869 2612 1000 2696; x_wconf 82' lang='lat' dir='ltr'><strong>Caesar,</strong></span> <span class='ocrx_word' id='word_1_148' title='bbox 1025 2634 1112 2698; x_wconf 86' lang='lat' dir='ltr'><strong>qnae</strong></span> 
     </span>
     <span class='ocr_line' id='line_1_24' title="bbox 130 2715 1111 2805; baseline -0.001 -22"><span class='ocrx_word' id='word_1_149' title='bbox 130 2722 238 2805; x_wconf 92' lang='lat' dir='ltr'><strong>quieta</strong></span> <span class='ocrx_word' id='word_1_150' title='bbox 272 2720 378 2783; x_wconf 86' lang='lat' dir='ltr'><strong>fuerat</strong></span> <span class='ocrx_word' id='word_1_151' title='bbox 411 2729 443 2783; x_wconf 88' lang='lat' dir='ltr'><strong>et</strong></span> <span class='ocrx_word' id='word_1_152' title='bbox 477 2741 510 2783; x_wconf 93' lang='lat' dir='ltr'><strong>se</strong></span> <span class='ocrx_word' id='word_1_153' title='bbox 544 2719 587 2782; x_wconf 94' lang='lat' dir='ltr'><strong>ad</strong></span> <span class='ocrx_word' id='word_1_154' title='bbox 620 2717 653 2782; x_wconf 94' lang='lat' dir='ltr'><strong>id</strong></span> <span class='ocrx_word' id='word_1_155' title='bbox 687 2726 813 2802; x_wconf 91' lang='lat' dir='ltr'><strong>tempus</strong></span> <span class='ocrx_word' id='word_1_156' title='bbox 847 2715 916 2781; x_wconf 93' lang='lat' dir='ltr'><strong>loco</strong></span> <span class='ocrx_word' id='word_1_157' title='bbox 948 2725 1111 2800; x_wconf 88' lang='lat' dir='ltr'><strong>tenuerat,</strong></span> 
     </span>
    </p>
   </div>
   <div class='ocr_carea' id='block_1_3' title="bbox 3 2821 1113 2909">
    <p class='ocr_par' dir='ltr' id='par_1_4' title="bbox 3 2821 1113 2909">
     <span class='ocr_line' id='line_1_25' title="bbox 3 2821 1113 2909; baseline -0.001 -25"><span class='ocrx_word' id='word_1_158' title='bbox 3 2832 9 2855; x_wconf 90' lang='grc'><strong>·’·</strong></span> <span class='ocrx_word' id='word_1_159' title='bbox 109 2844 320 2909; x_wconf 84' lang='lat' dir='ltr'><strong>aprocurrere</strong></span> <span class='ocrx_word' id='word_1_160' title='bbox 354 2824 453 2886; x_wconf 91' lang='lat' dir='ltr'><strong>iussit.</strong></span> <span class='ocrx_word' id='word_1_161' title='bbox 498 2823 550 2887; x_wconf 89' lang='lat' dir='ltr'><strong>Ita</strong></span> <span class='ocrx_word' id='word_1_162' title='bbox 583 2843 657 2886; x_wconf 92' lang='lat' dir='ltr'><strong>cum</strong></span> <span class='ocrx_word' id='word_1_163' title='bbox 689 2828 836 2885; x_wconf 91' lang='lat' dir='ltr'><strong>recentes</strong></span> <span class='ocrx_word' id='word_1_164' title='bbox 865 2828 962 2904; x_wconf 91' lang='lat' dir='ltr'><strong>atque</strong></span> <span class='ocrx_word' id='word_1_165' title='bbox 991 2821 1113 2905; x_wconf 69' lang='lat' dir='ltr'><strong>integri</strong></span> 
     </span>
    </p>
   </div>
   <div class='ocr_carea' id='block_1_4' title="bbox 109 2923 1116 3422">
    <p class='ocr_par' dir='ltr' id='par_1_5' title="bbox 109 2923 1116 3422">
     <span class='ocr_line' id='line_1_26' title="bbox 132 2923 1111 3008; baseline -0.001 -18"><span class='ocrx_word' id='word_1_166' title='bbox 132 2925 266 2991; x_wconf 89' lang='lat' dir='ltr'><strong>defessis</strong></span> <span class='ocrx_word' id='word_1_167' title='bbox 289 2928 526 3008; x_wconf 89' lang='lat' dir='ltr'><strong>successissent,</strong></span> <span class='ocrx_word' id='word_1_168' title='bbox 551 2923 603 2989; x_wconf 90' lang='lat' dir='ltr'><strong>alii</strong></span> <span class='ocrx_word' id='word_1_169' title='bbox 626 2934 736 2988; x_wconf 86' lang='lat' dir='ltr'><strong>autem</strong></span> <span class='ocrx_word' id='word_1_170' title='bbox 751 2946 770 2987; x_wconf 87' lang='lat' dir='ltr'><strong>a</strong></span> <span class='ocrx_word' id='word_1_171' title='bbox 785 2931 876 3007; x_wconf 83' lang='lat' dir='ltr'><strong>tergo</strong></span> <span class='ocrx_word' id='word_1_172' title='bbox 892 2923 1111 3008; x_wconf 87' lang='lat' dir='ltr'><strong>adorirentur,</strong></span> 
     </span>
     <span class='ocr_line' id='line_1_27' title="bbox 131 3028 1114 3113; baseline -0.001 -19"><span class='ocrx_word' id='word_1_173' title='bbox 131 3031 289 3094; x_wconf 89' lang='lat' dir='ltr'><strong>sustinere</strong></span> <span class='ocrx_word' id='word_1_174' title='bbox 311 3029 499 3113; x_wconf 91' lang='lat' dir='ltr'><strong>Pompeiani</strong></span> <span class='ocrx_word' id='word_1_175' title='bbox 526 3051 591 3094; x_wconf 94' lang='lat' dir='ltr'><strong>non</strong></span> <span class='ocrx_word' id='word_1_176' title='bbox 619 3036 802 3113; x_wconf 90' lang='lat' dir='ltr'><strong>potuerunt,</strong></span> <span class='ocrx_word' id='word_1_177' title='bbox 836 3035 933 3112; x_wconf 92' lang='lat' dir='ltr'><strong>atque</strong></span> <span class='ocrx_word' id='word_1_178' title='bbox 966 3028 1114 3093; x_wconf 85' lang='lat' dir='ltr'><strong>universi</strong></span> 
     </span>
     <span class='ocr_line' id='line_1_28' title="bbox 109 3128 1113 3218; baseline 0.004 -25"><span class='ocrx_word' id='word_1_179' title='bbox 109 3143 224 3218; x_wconf 80' lang='lat' dir='ltr'><strong>aterga</strong></span> <span class='ocrx_word' id='word_1_180' title='bbox 246 3140 422 3197; x_wconf 90' lang='lat' dir='ltr'><strong>verterunt.</strong></span> <span class='ocrx_word' id='word_1_181' title='bbox 446 3132 560 3217; x_wconf 89' lang='lat' dir='ltr'><strong>Neque</strong></span> <span class='ocrx_word' id='word_1_182' title='bbox 582 3153 661 3195; x_wconf 87' lang='lat' dir='ltr'><strong>vero</strong></span> <span class='ocrx_word' id='word_1_183' title='bbox 684 3129 858 3195; x_wconf 83' lang='lat' dir='ltr'><strong>Caesarem</strong></span> <span class='ocrx_word' id='word_1_184' title='bbox 879 3128 1000 3214; x_wconf 92' lang='lat' dir='ltr'><strong>fefellit,</strong></span> <span class='ocrx_word' id='word_1_185' title='bbox 1030 3133 1113 3217; x_wconf 89' lang='lat' dir='ltr'><strong>quin</strong></span> 
     </span>
     <span class='ocr_line' id='line_1_29' title="bbox 131 3234 1115 3320; baseline 0 -19"><span class='ocrx_word' id='word_1_186' title='bbox 131 3236 173 3301; x_wconf 88' lang='lat' dir='ltr'><strong>ab</strong></span> <span class='ocrx_word' id='word_1_187' title='bbox 196 3239 234 3300; x_wconf 89' lang='lat' dir='ltr'><strong>iis</strong></span> <span class='ocrx_word' id='word_1_188' title='bbox 257 3234 452 3317; x_wconf 89' lang='lat' dir='ltr'><strong>cohortibus,</strong></span> <span class='ocrx_word' id='word_1_189' title='bbox 482 3256 564 3320; x_wconf 89' lang='lat' dir='ltr'><strong>quae</strong></span> <span class='ocrx_word' id='word_1_190' title='bbox 594 3244 706 3299; x_wconf 89' lang='lat' dir='ltr'><strong>contra</strong></span> <span class='ocrx_word' id='word_1_191' title='bbox 734 3236 912 3319; x_wconf 90' lang='lat' dir='ltr'><strong>equitatum</strong></span> <span class='ocrx_word' id='word_1_192' title='bbox 934 3235 967 3298; x_wconf 95' lang='lat' dir='ltr'><strong>in</strong></span> <span class='ocrx_word' id='word_1_193' title='bbox 992 3244 1115 3320; x_wconf 84' lang='lat' dir='ltr'><strong>quarta</strong></span> 
     </span>
     <span class='ocr_line' id='line_1_30' title="bbox 132 3339 1116 3422; baseline -0.002 -15"><span class='ocrx_word' id='word_1_194' title='bbox 132 3344 201 3407; x_wconf 86' lang='lat' dir='ltr'><strong>acie</strong></span> <span class='ocrx_word' id='word_1_195' title='bbox 224 3340 397 3407; x_wconf 89' lang='lat' dir='ltr'><strong>collocatae</strong></span> <span class='ocrx_word' id='word_1_196' title='bbox 426 3349 542 3422; x_wconf 88' lang='lat' dir='ltr'><strong>essent,</strong></span> <span class='ocrx_word' id='word_1_197' title='bbox 576 3341 702 3403; x_wconf 90' lang='lat' dir='ltr'><strong>initium</strong></span> <span class='ocrx_word' id='word_1_198' title='bbox 725 3340 878 3404; x_wconf 88' lang='lat' dir='ltr'><strong>victoriae</strong></span> <span class='ocrx_word' id='word_1_199' title='bbox 902 3339 1051 3422; x_wconf 89' lang='lat' dir='ltr'><strong>oriretur,</strong></span> <span class='ocrx_word' id='word_1_200' title='bbox 1075 3349 1116 3405; x_wconf 87' lang='lat' dir='ltr'><strong>ut</strong></span> 
     </span>
    </p>
   </div>
   <div class='ocr_carea' id='block_1_5' title="bbox 109 3442 1117 3635">
    <p class='ocr_par' dir='ltr' id='par_1_6' title="bbox 109 3442 1117 3635">
     <span class='ocr_line' id='line_1_31' title="bbox 109 3442 1115 3531; baseline 0.002 -22"><span class='ocrx_word' id='word_1_201' title='bbox 109 3448 200 3531; x_wconf 68' lang='lat' dir='ltr'><strong>eipso</strong></span> <span class='ocrx_word' id='word_1_202' title='bbox 234 3448 267 3511; x_wconf 91' lang='lat' dir='ltr'><strong>in</strong></span> <span class='ocrx_word' id='word_1_203' title='bbox 301 3444 506 3511; x_wconf 91' lang='lat' dir='ltr'><strong>cohortandis</strong></span> <span class='ocrx_word' id='word_1_204' title='bbox 543 3443 696 3508; x_wconf 91' lang='lat' dir='ltr'><strong>militibus</strong></span> <span class='ocrx_word' id='word_1_205' title='bbox 734 3445 1009 3530; x_wconf 87' lang='lat' dir='ltr'><strong>pronuntiaverat.</strong></span> <span class='ocrx_word' id='word_1_206' title='bbox 1055 3442 1115 3511; x_wconf 80' lang='lat' dir='ltr'><strong>Ab</strong></span> 
     </span>
     <span class='ocr_line' id='line_1_32' title="bbox 131 3543 1117 3635; baseline 0.004 -24"><span class='ocrx_word' id='word_1_207' title='bbox 131 3548 181 3612; x_wconf 89' lang='lat' dir='ltr'><strong>his</strong></span> <span class='ocrx_word' id='word_1_208' title='bbox 205 3552 290 3614; x_wconf 90' lang='lat' dir='ltr'><strong>enim</strong></span> <span class='ocrx_word' id='word_1_209' title='bbox 323 3552 463 3635; x_wconf 91' lang='lat' dir='ltr'><strong>primum</strong></span> <span class='ocrx_word' id='word_1_210' title='bbox 496 3550 658 3635; x_wconf 88' lang='lat' dir='ltr'><strong>equitatus</strong></span> <span class='ocrx_word' id='word_1_211' title='bbox 691 3557 741 3613; x_wconf 90' lang='lat' dir='ltr'><strong>est</strong></span> <span class='ocrx_word' id='word_1_212' title='bbox 773 3545 893 3633; x_wconf 87' lang='lat' dir='ltr'><strong>pulsus,</strong></span> <span class='ocrx_word' id='word_1_213' title='bbox 927 3543 971 3612; x_wconf 90' lang='lat' dir='ltr'><strong>ab</strong></span> <span class='ocrx_word' id='word_1_214' title='bbox 1002 3545 1117 3615; x_wconf 86' lang='lat' dir='ltr'><strong>isdem</strong></span> 
     </span>
    </p>
   </div>
   <div class='ocr_carea' id='block_1_6' title="bbox 0 0 1192 3924">
    <p class='ocr_par' dir='ltr' id='par_1_7' title="bbox 0 0 1192 3924">
     <span class='ocr_line' id='line_1_33' title="bbox 0 0 1192 3924; baseline 0 0"><span class='ocrx_word' id='word_1_215' title='bbox 0 0 1192 3924; x_wconf 95' lang='lat' dir='ltr'><strong> </strong></span> 
     </span>
    </p>
   </div>
  </div>
 </body>
</html>
