2376 3924
480 243 557 297 css.
577 244 687 295 so-sa
1007 244 1069 308 207

95 436 237 517 tradidit,
271 435 388 501 deinde
418 445 490 521 post
512 435 670 500 Racilium
703 431 794 521 (nam
823 436 850 499 is
875 433 959 499 latus
982 432 1073 499 Cassi

95 535 251 624 tegebat),
276 541 368 623 quasi
383 561 573 624 responsum
587 547 722 623 peteret,
746 537 892 602 celeriter
913 538 988 602 dato
1004 537 1073 602 loco

96 664 170 706 cum
192 665 226 706 se
249 644 451 725 insinuasset,
475 645 604 706 sinistra
627 644 758 727 corripit
779 663 930 705 aversum
945 641 1073 705 dextra-

97 768 160 831 que
182 745 232 810 bis
255 747 330 810 ferit
352 749 500 832 pugione.
546 744 694 810 Clamore
718 745 844 810 sublato
867 745 904 822 fit
927 768 946 808 a
969 747 1095 813 conius

96 851 173 912 ratis
196 851 334 934 impetus
357 852 523 913 universis
552 850 717 913 Munatius
732 848 869 913 Flaccus
892 851 1075 933 proximum

96 952 203 1037 gladio
226 955 333 1016 traicit
354 951 513 1034 lictorem;
538 952 599 1015 lroc
622 952 790 1016 interfecto
808 953 847 1033 Q.
866 950 1013 1015 Cassium
1034 950 1075 1015 le-

97 1065 209 1139 gatum
231 1056 389 1119 vulnerat.
418 1055 469 1119 Ibi
491 1057 528 1119 T.
554 1057 672 1120 Vasius
696 1066 728 1120 et
750 1057 789 1120 L.
813 1056 964 1142 Mergilio
983 1055 1097 1122 similit

98 1160 293 1224 confidentia
328 1159 498 1240 Flaccum,
533 1163 727 1246 municipem
761 1184 870 1243 suum,
904 1161 1075 1225 adiuvant:

97 1274 190 1328 erant
212 1265 298 1326 enim
321 1285 431 1326 omnes
454 1263 649 1327 Italicenses.
684 1263 739 1327 Ad
762 1266 868 1349 ipsum
891 1264 1076 1347 Longinum

97 1368 136 1431 L.
150 1368 294 1431 Licinius
311 1366 450 1452 Squillus
467 1367 589 1431 involat
610 1369 834 1453 iacentemque
858 1367 983 1432 levibus
1007 1391 1075 1433 sau-

98 1472 161 1533 ciat
184 1469 295 1554 plagis.

185 1573 236 1635 53.
261 1572 471 1639 Concurritur
493 1575 536 1640 ad
552 1573 700 1639 Cassium
715 1575 971 1640 defendendum:
996 1597 1073 1638 sem-

100 1699 157 1762 per
180 1679 265 1741 enim
287 1679 431 1743 Berones
454 1678 698 1766 compluresque
725 1679 875 1743 evocatos
906 1701 979 1744 cum
1006 1678 1077 1742 telis

100 1802 209 1844 secum
237 1781 358 1846 habere
387 1792 566 1847 consuerat.
612 1781 644 1847 Α
667 1783 785 1868 quibus
808 1784 907 1847 ceteri
929 1781 1099 1847 interdu-a

100 1884 236 1966 duntur,
271 1888 326 1971 qui
348 1886 391 1950 ad
414 1887 547 1951 caedem
575 1885 757 1951 faciendam
780 1885 1076 1971 subsequebantum

101 2010 163 2073 quo
187 1990 220 2052 in
242 2010 376 2053 numero
400 1989 460 2054 fuit
475 1988 669 2076 Calpurnius
685 1989 856 2056 Salvianus
879 2000 912 2054 et
926 1989 1078 2055 Manilius

100 2092 268 2157 Tusculus.
313 2093 475 2158 Minucius
511 2096 596 2157 inter
625 2116 721 2176 saxa,
757 2116 840 2179 quae
866 2093 1017 2159 iacebant
1044 2096 1099 2157 ins

101 2198 229 2277 itinere,
259 2195 386 2280 fugiens
415 2199 607 2282 opprimitur
635 2206 667 2260 et
689 2196 790 2261 relato
813 2197 945 2261 domum
968 2196 1078 2261 Cassio

102 2298 144 2362 ad
160 2320 234 2362 eum
249 2296 429 2362 deducitur.
464 2299 606 2364 Racilius
630 2303 663 2364 in
685 2303 867 2385 proximam
890 2323 924 2364 se
948 2300 1079 2364 domum

102 2401 267 2466 familiaris
290 2406 340 2467 sui
362 2403 496 2485 confert,
519 2403 597 2467 dum
620 2413 743 2468 certum
767 2412 984 2488 cognosceret,
1008 2426 1080 2467 con·

102 2506 247 2569 fectusne
271 2505 401 2570 Cassius
431 2514 523 2571 esset.
569 2508 608 2571 L.
632 2508 841 2589 Laterensis,
864 2529 939 2572 cum
959 2508 993 2571 id
1015 2527 1103 2571 noni

104 2608 277 2692 dubitaret,
301 2613 441 2675 accurrit
463 2611 565 2676 laetus
587 2614 620 2675 in
643 2620 749 2675 castra
771 2610 989 2696 militibusque
1011 2633 1081 2675 ver-

104 2710 225 2775 naculis
260 2723 292 2778 et
325 2714 487 2780 secundae
520 2714 667 2801 legionis,
703 2713 820 2800 quibus
854 2714 926 2779 odio
960 2713 1082 2779 sciebat

104 2817 276 2901 praecipue
300 2816 447 2882 Cassium
470 2838 550 2900 esse,
574 2817 772 2902 grandatur3
796 2816 916 2896 tollitur
938 2839 958 2880 a
979 2816 1081 2881 multi·

105 2918 216 2983 tudine
238 2921 272 2983 in
294 2919 452 3004 tribunal,
482 2929 614 3006 praetor
637 2919 826 3006 appellatur.
870 2920 973 2985 Nemo
996 2921 1103 2985 enims

105 3024 215 3087 autin
238 3025 403 3109 provincia
425 3033 530 3107 natus,
553 3033 590 3088 ut
611 3022 805 3089 vernaculae
827 3024 960 3109 legionis
981 3024 1082 3108 miles,

105 3135 161 3190 aut
194 3125 405 3191 diuturnitate
443 3129 509 3191 iam
541 3126 646 3192 factus
680 3126 902 3214 provincialis,
944 3149 1007 3212 quo
1049 3129 1084 3192 in

104 3253 239 3295 numero
263 3239 333 3296 erat
349 3230 492 3296 secunda
508 3231 601 3316 legio,
624 3253 689 3296 non
712 3253 786 3296 cum
809 3233 895 3296 omni
917 3232 1097 3316 provincia

106 3343 313 3400 consenserat
345 3336 379 3399 in
412 3334 484 3400 odio
519 3333 626 3399 Cassi:
659 3356 736 3400 nam
769 3333 910 3419 legiones
939 3351 1024 3398 xxx.
1051 3343 1084 3398 et

105 3457 178 3504 xxr.
202 3441 313 3525 paucis
336 3438 500 3505 mensibus
522 3440 556 3504 in
577 3438 672 3504 Italia
694 3439 831 3525 scriptas
854 3436 975 3503 Caesar
997 3440 1084 3503 attri·

106 3542 224 3609 buerat
238 3544 399 3632 Longino,
422 3545 535 3631 quinta
549 3542 632 3629 legio
647 3564 752 3628 nuper
766 3541 812 3608 ibi
834 3550 906 3609 erat
927 3540 1083 3609 confecta.
1128 3584 1132 3591 ·
