2376 3924
164 236 207 300 82
492 235 542 285 ΒΕ
560 234 681 286 BELLO
702 233 816 285 CIVILI

162 448 220 493 vos
243 426 373 497 fortuna
396 434 494 511 atque
521 425 571 489 his
601 423 738 489 ducibus
766 423 943 510 repudiatis
967 422 1147 491 Corfinien-

163 553 231 597 sem
253 531 472 616 ignominiam,
495 528 609 593 Italiae
631 529 752 614 fugam,
776 551 818 592 an
834 529 1068 614 Hispaniarum
1092 530 1147 596 dc-

129 633 317 699 ¹4ditionem
345 632 450 698 Africi
480 631 553 696 belli
583 631 780 718 praeiudicia
809 632 1008 716 sequemini?
1045 634 1148 720 Equi-

162 737 237 803 dem
259 758 312 801 me
335 735 484 800 Caesaris
506 733 640 798 militem
663 733 726 798 dici
748 731 853 814 volui,
878 755 936 798 vos
964 756 1017 799 me
1045 736 1148 822 impe·

161 843 277 905 ratoris
305 840 434 904 nomine
462 836 689 923 appellavistis.
734 835 833 901 Cuius
856 837 963 902 sivos
991 839 1147 924 poenitet,

162 953 307 1010 vestrum
323 942 415 1009 vobis
438 941 632 1006 beneficium
646 941 785 1022 remitto,
808 940 885 1004 mihi
901 962 1009 1006 meum
1024 964 1148 1008 nomen

161 1049 329 1130 restituite,
363 1068 404 1111 ne
427 1044 470 1110 ad
501 1043 728 1110 contumeliam
759 1041 914 1107 honorem
948 1043 1078 1110 dedisse
1100 1049 1147 1112 vi·

164 1147 323 1217 deamini'
1142 1155 1145 1159 ’

268 1255 319 1319 33.
344 1255 420 1337 Qua
442 1255 586 1319 oratione
609 1255 746 1339 permoti
768 1251 884 1317 milites
907 1250 1022 1318 crebro
1044 1255 1148 1320 etiam

163 1360 324 1424 dicentem
357 1356 614 1444 interpellabant,
647 1365 685 1421 ut
711 1378 830 1442 magno
859 1377 932 1421 cum
960 1355 1071 1422 dolore
1099 1360 1147 1423 in-

141 1463 327 1529 rfidelitatis
361 1463 576 1547 suspicionem
613 1462 771 1527 sustinere
805 1459 1004 1543 viderentur,
1043 1460 1147 1528 disce-

163 1568 294 1633 dentem
309 1587 387 1632 vero
403 1588 445 1629 ex
461 1566 609 1629 contione
623 1565 766 1628 universi
782 1563 1000 1647 cohortantur,
1023 1587 1147 1653 magno

164 1674 206 1737 sit
239 1673 355 1753 animo,
390 1667 507 1734 necubi
541 1667 667 1733 dubitet
700 1668 856 1754 proelium
889 1670 1090 1735 committere
1114 1681 1149 1737 et

142 1796 256 1840 usuam
285 1774 385 1839 fidem
413 1775 631 1857 virtutemque
658 1773 808 1858 experiri.
855 1773 929 1855 Quo
951 1773 1037 1838 facto
1060 1796 1147 1842 com·

164 1887 289 1943 mutata
321 1877 464 1941 omnium
495 1884 528 1941 et
548 1874 714 1940 voluntate
743 1885 775 1941 et
803 1877 951 1961 opinione
985 1899 1149 1945 consensu

163 2003 287 2047 summo
316 1981 480 2046 constituit
507 1978 615 2063 Curio,
651 2002 725 2046 cum
754 1982 894 2067 primum
922 1984 963 2048 sit
991 1982 1070 2050 data
1091 2006 1147 2071 po-

141 2093 272 2167 «testas,
306 2083 426 2170 proelio
455 2106 524 2149 rem
554 2086 753 2150 committere
782 2094 974 2172 posteroque
997 2087 1050 2151 die
1073 2111 1150 2174 pro-

163 2187 277 2253 ductos
310 2188 424 2254 eodem
456 2189 536 2272 loco,
571 2208 635 2274 quo
669 2187 888 2275 superioribus
922 2188 1038 2256 diebus
1071 2212 1147 2258 con-

141 2293 300 2376 sstiterat,
334 2294 367 2358 iu
389 2295 458 2358 acie
488 2292 630 2358 collocat.
675 2293 726 2357 Ne
748 2293 856 2358 Varus
880 2292 1011 2378 quidem
1033 2292 1148 2363 Attius

163 2396 291 2469 dubitat
306 2398 414 2484 copias
437 2395 626 2483 producere,
650 2397 718 2462 sive
733 2393 923 2462 sollicitandi
938 2395 1055 2463 milites
1074 2399 1148 2466 sive

163 2523 266 2586 aequo
289 2500 357 2566 loco
379 2499 555 2566 dimicandi
589 2499 684 2565 detur
718 2501 853 2583 occasio,
887 2521 928 2564 ue
955 2499 1147 2571 facultatem

162 2608 408 2693 praetermittat.

266 2709 316 2773 34.
339 2710 422 2774 Erat
442 2707 535 2775 vallis
557 2709 641 2774 inter
671 2706 752 2774 duas
780 2708 876 2792 acies,
910 2717 947 2774 ut
968 2722 1069 2796 supra¹
1090 2711 1146 2779 de

163 2820 377 2878 monstratum
399 2819 458 2896 est,
481 2834 545 2877 non
567 2814 613 2877 ita
640 2833 769 2897 magna,
792 2819 827 2876 at
849 2811 971 2878 difficili
992 2814 1146 2885 eandm

163 2937 306 2980 ascensu.
322 2916 418 2980 Hanc
429 2925 575 3001 uterque,
592 2918 618 2980 si
635 2914 898 2981 adversariorum
912 2918 1025 3005 copiae
1036 2924 1146 2987 w
1175 3002 1179 3015 Ι

163 3021 210 3083 ire
231 3028 434 3102 conarentur,
458 3019 680 3106 exspectabat,
704 3041 767 3106 quo
791 3021 944 3106 aequiore
965 3018 1050 3111 lodo?
1078 3028 1081 3033 '
1110 3027 1136 3048 ¹*
1162 3026 1184 3044 ·'

142 3122 240 3187 alium
263 3125 485 3188 committeret.
531 3123 632 3190 Simul
655 3122 697 3188 ab
720 3125 848 3188 sinistro
869 3112 985 3197 cornu?
1014 3139 1016 3144 ’
1040 3119 1042 3122 ’
1068 3113 1069 3116 ¹

164 3228 325 3312 equitatus
360 3228 462 3292 omnis
495 3234 528 3291 et
554 3248 620 3292 una
653 3226 733 3293 levis
766 3248 962 3293 arma·

164 3329 354 3416 complures,
389 3352 464 3396 cum
497 3352 531 3394 se
563 3331 597 3396 in
630 3330 749 3396 vallem
781 3330 877 3399 demit
921 3328 929 3335 ²
955 3325 957 3330 ’

142 3433 293 3501 abantur.
338 3435 393 3503 Ad
416 3455 471 3500 eos
494 3433 591 3501 Ourio
625 3437 806 3522 equitatum

166 3540 311 3607 cinerum
333 3539 481 3606 cohortes
503 3540 615 3626 mittit;
655 3546 773 3626 quoroi
