2376 3924
380 223 490 273 mssa
508 223 543 286 ιι,
566 222 643 273 car.
663 224 773 274 rr-ar.
1023 224 1065 289 53

79 415 148 483 Ubi
166 415 278 501 prima
294 413 533 498 impedimenta
554 415 662 479 nostri
686 414 854 479 exercitus
874 413 985 498 abiis,
1009 417 1088 502 quia

81 523 115 586 in
139 519 239 585 silvis
263 517 373 583 abditi
396 517 566 600 latebant,
596 519 671 583 visa
699 527 793 600 sunt,
822 519 911 605 quod
934 528 1064 605 tempus

81 626 170 689 inter
194 644 253 687 eos
276 621 508 687 committendi
531 621 650 708 proelii
674 631 891 706 convenerat,
915 633 952 688 ut
975 625 1065 689 intra

82 727 188 793 silvas
219 727 328 790 aciem
363 724 565 811 ordinesque
594 728 842 792 constituerant
870 737 971 813 atque
1001 729 1065 813 ipsi

81 854 155 897 sese
178 830 475 912 confirmaverant,
499 829 611 896 subito
636 830 788 896 omnibus
817 832 922 917 copiis
945 854 1064 918 provo-

80 935 240 1000 laverunt
271 935 494 1019 impetumque
523 936 557 998 in
582 944 715 999 nostros
746 936 875 1020 equites
903 934 1087 1000 fecerunta

80 1039 143 1103 His
160 1036 265 1102 facile
281 1035 388 1122 pulsis
402 1058 443 1102 ac
456 1038 665 1123 proturbatis
679 1038 872 1104 incredibili
888 1038 1065 1103 celeritate

81 1142 126 1206 ad
148 1141 272 1206 flumen
289 1139 564 1224 decucurrerunt,
588 1151 624 1207 ut
646 1165 754 1228 paene
776 1165 843 1206 uno
867 1152 1016 1227 tempore
1032 1154 1065 1209 et

81 1245 125 1311 ad
151 1243 257 1308 silvas
283 1253 316 1309 et
340 1245 374 1308 in
397 1244 531 1309 flumine
556 1254 588 1309 et
612 1246 679 1310 iam
703 1247 737 1310 in
761 1245 915 1310 manibus
939 1249 1065 1312 nostris

79 1348 289 1413 viderentur.
320 1345 449 1413 Eadem
474 1357 587 1413 autem
610 1347 785 1413 celeritate
809 1348 953 1413 adverso
977 1349 1086 1414 colles

80 1450 126 1516 ad
148 1460 266 1516 nostra
290 1460 403 1516 castra
427 1460 531 1536 atque
556 1473 622 1534 eoa,
646 1453 760 1536 quiin
785 1474 884 1537 opero
908 1456 1064 1538 occupati
1158 1533 1160 1536 Α

81 1565 190 1637 erant,
213 1552 473 1620 contenderunt.

167 1656 220 1722 20.
246 1656 388 1723 Caesari
405 1659 516 1722 omnia
540 1681 606 1723 uno
630 1667 778 1744 tempore
801 1668 897 1724 erant
914 1659 1064 1744 agenda:

80 1761 244 1828 vexillum
260 1761 512 1847 proponendum
538 1759 730 1848 [quoderat
754 1764 897 1847 insigne,
921 1786 996 1829 cum
1020 1765 1065 1829 ad

81 1888 177 1931 arma
193 1866 349 1931 concurri
366 1864 562 1950 oporteretl,
586 1867 719 1950 signum
738 1867 820 1931 tuba
838 1867 997 1951 dandum,
1021 1868 1063 1932 ab

82 1993 183 2058 opere
206 1969 391 2035 revocandi
414 1970 550 2053 milites,
574 1973 630 2056 qui
653 1971 754 2056 paulo
771 1971 904 2055 longius
928 1974 1063 2055 aggeris

79 2072 219 2161 petendi
236 2093 342 2138 causa
356 2084 594 2159 processerant
610 2075 815 2156 arcessendi,
833 2077 923 2140 acies
941 2078 1063 2139 instru-

79 2176 180 2260 enda,
202 2175 328 2242 milites
345 2176 557 2260 cohortandi,
581 2179 713 2262 signum
731 2178 888 2243 dandum.
913 2178 1085 2258 Quarums

78 2302 192 2346 rerum
216 2300 376 2364 magnam
398 2289 528 2365 partem
551 2283 711 2366 temporis
742 2281 893 2346 brevitas
926 2291 959 2345 et
990 2303 1062 2346 suc-

80 2406 198 2449 cessus
211 2383 357 2448 hostium
377 2382 594 2469 impediebat.
615 2383 678 2448 His
700 2384 958 2449 difficultatibus
977 2384 1085 2451 duaca

76 2511 131 2552 res
166 2494 265 2552 erant
292 2486 460 2570 subsidio,
493 2488 636 2553 scientia
666 2498 767 2573 atque
797 2510 877 2552 usus
908 2487 1062 2571 militum,

77 2590 170 2679 quod
185 2590 413 2675 superioribus
426 2589 563 2676 proeliis
578 2593 769 2675 exercitati,
786 2591 867 2677 quid
882 2592 953 2655 fieri
968 2614 1062 2676 opor-

75 2702 183 2777 teret,
212 2716 278 2758 non
309 2695 418 2758 minus
443 2694 615 2759 commode
638 2695 704 2780 ipsi
728 2695 793 2759 sibi
820 2695 1062 2779 praescribere,

77 2820 180 2886 quam
212 2794 255 2861 ab
284 2795 362 2861 aliis
386 2795 499 2861 doceri
522 2806 696 2882 poterant,
728 2807 761 2862 et
784 2797 873 2883 quod
896 2796 939 2861 ab
964 2821 1063 2884 opere

77 2900 290 2986 singulisque
305 2898 496 2983 legionibus
517 2901 669 2984 singulos
694 2901 825 2985 legatos
842 2902 970 2967 Caesar
996 2903 1061 2968 dis-

76 3005 201 3072 cedere
217 3004 283 3068 nisi
299 3004 438 3068 munitis
454 3006 578 3069 castris
594 3014 758 3069 vetuerat.
776 3006 821 3069 Hi
837 3014 974 3090 propter
986 3029 1083 3091 pro-r

77 3106 1060 3197 pinquitatemetceleritatemhostiumnihiliamCacsaris
1158 3182 1161 3189 ,

78 3212 256 3299 imperium
269 3210 525 3296 exspectabant,
540 3212 600 3277 sed
615 3234 675 3297 per
688 3236 733 3295 se,
745 3235 831 3298 quae
847 3213 1060 3295 videbantur,
1159 3194 1164 3211 ¹

80 3312 380 3383 administrabant.

162 3417 215 3483 21.
239 3414 368 3482 Caesar
398 3420 580 3484 necesariis
611 3417 711 3484 rebus
741 3421 914 3505 imperatis
939 3419 984 3484 ad
1006 3441 1060 3485 co»

77 3520 266 3592 hortandos
297 3521 439 3606 milites,
473 3544 572 3609 quam
601 3524 636 3587 in
668 3532 797 3608 partem
826 3524 894 3589 fors
926 3523 1058 3609 obtulit,

140 3786 156 3817 Ο
