2376 3924
106 251 169 317 184
403 248 513 299 BELLI
531 248 782 299 ALEXANDRINI

83 442 253 524 sQuorum
268 439 368 505 altero
384 463 482 527 opere
500 442 625 524 effecto,
647 448 684 504 ut
705 437 792 504 nulla
815 439 943 505 omnino
960 439 1086 526 scapha

105 543 215 629 egredi
254 552 382 629 posset,
424 543 524 611 altero
563 547 708 610 instituto
745 565 856 608 omnes
887 540 1087 609 Alexandri·
1174 538 1177 543 ’

104 668 220 713 norum
256 649 367 733 copiae
404 670 448 712 ex
484 647 601 735 oppido
639 670 673 713 se
706 649 872 713 eiecerunt
903 654 936 711 et
969 656 1088 712 contra

104 751 297 816 munitiones
312 753 418 836 pontis
432 751 545 815 latiore
566 752 635 817 loco
658 752 879 832 constiterunt,
902 749 1087 837 eodemque

103 865 249 941 tempore
278 875 362 939 quae
390 864 626 920 consueverant
659 855 789 939 navigia
816 875 874 939 per
896 861 1012 938 pontes
1042 853 1088 919 ad

104 957 253 1024 incendia
265 959 487 1023 onerariarum
498 960 643 1024 emittere
655 957 698 1024 ad
709 958 826 1024 molem
837 959 1085 1024 constituerunt.

84 1060 319 1148 ePugnabatur
334 1084 354 1124 a
368 1063 486 1126 nostris
508 1083 551 1125 ex
574 1071 681 1147 ponte,
705 1084 747 1126 ex
769 1060 867 1144 mole;
891 1060 933 1125 ab
955 1060 1019 1126 illis
1043 1084 1087 1127 ex

106 1187 199 1249 area,
233 1186 317 1250 quae
351 1174 421 1231 erat
443 1164 600 1230 adversus
623 1173 768 1250 pontem,
802 1173 835 1229 et
867 1185 910 1229 ex
943 1166 1088 1231 navibus

106 1277 219 1335 contra
240 1268 366 1334 molem.

192 1370 243 1436 20.
277 1371 317 1436 In
344 1371 394 1436 his
422 1371 520 1437 rebus
549 1380 705 1459 occupato
733 1370 874 1438 Caesare
902 1371 1088 1460 militesque
1177 1354 1180 1361 Ι

106 1475 255 1541 hortante
276 1478 437 1561 remigum
458 1498 596 1561 magnus
617 1498 771 1541 numerus
793 1485 826 1541 et
847 1477 1089 1543 classiariorum

86 1601 150 1644 rex
172 1577 275 1664 longis
303 1579 443 1644 navibus
464 1582 582 1645 nostris
604 1582 637 1644 in
660 1580 776 1644 molem
799 1602 833 1644 se
856 1581 957 1645 eiecit.
1003 1581 1088 1646 Pars

108 1705 220 1748 eorum
243 1682 348 1747 studio
372 1683 540 1769 spectandi
562 1681 744 1766 ferebatur,
778 1705 855 1768 pars
878 1685 977 1748 etiam
999 1685 1088 1769 cupi·
1178 1681 1179 1688 '

109 1787 209 1853 ditate
238 1785 413 1872 pugnandi.
458 1787 504 1851 Hi
526 1787 666 1872 primum
687 1788 819 1870 navigia
841 1785 981 1851 hostium
1009 1786 1088 1873 lapi-

109 1889 204 1955 dibus
227 1913 267 1954 ac
288 1889 396 1954 fundis
420 1912 439 1953 a
461 1889 544 1954 mole
560 1888 772 1975 ,repellebant
794 1912 834 1954 ac
854 1889 993 1955 multum
1016 1913 1089 1977 pro·

87 1994 206 2058 aficere
228 1991 432 2058 multitudine
447 1993 584 2057 telorum
598 1992 803 2058 videbantur.
833 1992 899 2060 Sed
913 2001 1090 2080 postquam

108 2096 193 2161 ultra
221 2117 295 2160 eum
323 2095 429 2160 locum
456 2094 498 2160 ab
526 2095 626 2160 latere
649 2117 761 2161 eorum
783 2104 896 2183 aperto
918 2099 988 2162 ausi
1012 2106 1089 2163 sunt
1183 2131 1188 2188 3

110 2200 221 2287 egredi
244 2222 287 2264 ex
310 2199 448 2265 navibus
471 2198 686 2264 Alexandrini
709 2201 813 2285 pauci,
836 2208 873 2264 ut
895 2201 963 2265 siue
986 2202 1089 2287 signis
1183 2199 1188 2234 ’κ

110 2305 270 2389 certisque
283 2302 459 2386 ordinibus,
472 2305 541 2367 sine
555 2304 681 2368 ratione
697 2301 894 2388 prodierant,
906 2304 952 2368 sic
963 2312 1089 2371 temere

88 2410 143 2473 rin
176 2430 277 2473 naves
306 2408 420 2493 fugere
450 2413 634 2492 coeperunt.
680 2406 830 2488 Quorum
856 2405 935 2492 fuga
963 2408 1091 2473 incitati

109 2510 326 2577 Alexandrini
359 2510 467 2596 plures
500 2530 544 2572 ex
576 2507 715 2573 navibus
749 2507 1002 2593 egrediebantur
1034 2532 1091 2575 no

111 2625 258 2700 strosque
291 2616 397 2680 acrius
430 2611 636 2700 perturbatos
665 2612 929 2698 insequebantur.
974 2612 1090 2697 Simul,

110 2721 166 2803 qui
197 2721 230 2782 in
259 2717 397 2783 navibus
430 2715 532 2801 longis
565 2725 804 2798 remanserant,
838 2715 941 2781 scalas
970 2738 1091 2803 rapere

110 2843 276 2906 navesque
299 2845 319 2886 a
342 2829 429 2885 terra
456 2818 612 2906 repellere
640 2818 875 2905 properabant,
910 2840 952 2885 ne
978 2816 1091 2883 hostes
1186 2827 1188 2910 j

89 2922 249 2988 suavibus
273 2926 460 3009 potirentur.
506 2921 633 3006 Quibus
662 2921 810 2987 omnibus
837 2922 936 2988 rebus
964 2922 1091 3008 portur
1186 2933 1187 2946 ¹

111 3025 180 3090 bati
208 3025 325 3090 milites
352 3029 452 3091 nostri
481 3026 660 3091 cohortium
688 3027 799 3107 trium,
829 3047 913 3111 quac
934 3027 969 3091 in
989 3034 1092 3111 ponto

112 3152 151 3194 ac
173 3131 277 3214 prima
299 3127 382 3194 mole
405 3131 630 3211 constiterant,
660 3150 734 3193 cum
762 3137 835 3213 post
857 3150 891 3193 se
914 3127 1094 3195 clamorem

112 3232 321 3315 exaudirent,
355 3231 466 3317 fugam
489 3254 620 3297 suorum
647 3232 812 3315 viderent,
845 3255 1001 3318 magnam
1022 3235 1094 3299 vim

113 3336 248 3403 telorum
260 3336 389 3403 adversi
406 3338 609 3419 sustinerent,
621 3338 726 3420 veriti,
744 3359 785 3403 ne
797 3336 839 3401 ab
851 3345 943 3423 tergo
956 3338 1093 3403 circum·

112 3444 301 3508 venirentur
329 3450 362 3505 et
389 3439 532 3505 discessu
558 3444 692 3506 navium
715 3443 843 3505 omnino
864 3440 973 3505 reditu
993 3441 1095 3507 inter·
1185 3417 1187 3547 ξ

113 3546 335 3628 eluderentur,
369 3545 580 3610 munitionem
613 3547 646 3610 in
680 3553 777 3631 ponte
808 3546 989 3609 institutum
1020 3542 1094 3611 reli·
1185 3557 1186 3621 j
