2376 3924
250 235 299 286 AD
319 235 418 286 CAES.
437 237 540 288 BELL.
561 236 664 286 GALL.
683 235 729 298 VI,
750 235 920 298 17-VI1,8.
1012 236 1075 286 XXI

95 435 153 477 tum
177 432 205 477 et
228 426 330 477 cultum
358 426 513 486 affectasse,
542 426 643 490 apertis
661 426 752 475 verbis
770 443 792 475 c.
812 427 844 474 22
864 431 1002 474 narratum
1026 432 1074 475 est.

95 529 129 564 eo
146 514 202 563 iam
220 513 303 575 redit,
332 511 403 577 quod
421 518 512 562 nostro
532 511 591 561 loco
610 528 671 561 cum
690 511 772 562 laude
795 511 980 576 praedicatur,
1011 510 1076 561 Ger·

95 614 192 648 manos
219 589 303 649 ‘aaac
321 611 427 663 qaoqae
444 596 477 648 ia
494 596 589 649 eadem
608 601 728 665 eqestate
746 597 944 664 patientiaque
964 613 1076 664 perraa-

95 677 176 736 aere.’
208 683 237 732 id
256 698 362 748 quoque
380 683 510 748 respicias
535 699 646 733 necesse
669 690 724 744 est,
755 683 827 749 quod
853 685 939 734 eiecto
969 684 1076 734 demum

94 769 231 820 vocabulo
257 767 356 834 iaopia
385 769 471 818 verba
496 767 527 819 ia
551 768 647 821 eadere
665 773 785 837 eqestate
799 769 997 836 patientiaque
1011 784 1076 836 per-

94 859 212 908 raaaeat
229 854 393 919 respondent
412 856 587 920 sequentibus
607 854 699 907 eodem
711 854 788 907 aicta
806 859 833 907 et
851 854 930 907 calta
949 855 1076 921 eorporis

94 945 230 994 ataatar.
249 947 368 992 ceterum
386 942 468 992 facile
487 942 664 1008 intellegitur,
683 942 753 992 illud
772 957 813 1008 qa
821 958 852 1008 a,
880 942 951 1008 quod
971 943 1077 993 codices

95 1028 201 1078 habent
228 1027 270 1092 (ia
298 1026 393 1079 eadere
466 1027 612 1094 patieatr'a
640 1043 706 1094 qaa
730 1026 865 1079 Gerraaai
889 1029 1076 1094 permotam),

95 1113 160 1163 inde
174 1119 261 1163 ortum
275 1129 343 1173 esse,
363 1113 435 1178 quod
448 1115 600 1164 subiectum
613 1115 690 1164 verbi
700 1117 868 1180 permaneat
885 1113 1077 1162 antecedentes

99 1198 201 1253 Volcae
221 1198 383 1266 Tectosaqes
401 1201 455 1248 visi
479 1205 555 1263 sunt,
583 1201 628 1249 cui
646 1201 796 1250 sententiae
813 1216 866 1265 ,ego
886 1216 993 1265 quoque
1012 1199 1077 1249 olim

95 1300 277 1338 accesseram.
313 1285 417 1334 Holder
436 1301 468 1335 ex
487 1285 595 1336 Helleri
613 1272 770 1335 coniectura
788 1300 855 1351 qaa
874 1288 940 1336 aate
959 1286 1051 1335 edidit.

202 1388 226 1420 c.
245 1373 285 1433 29,
305 1372 335 1419 4:
355 1371 381 1422 si
399 1369 468 1436 qaid
482 1407 489 1420 .
501 1409 524 1422 ..
534 1370 678 1440 posset]
706 1371 771 1422 olim
789 1372 981 1436 Nipperdeium
1002 1387 1078 1421 sccu-

96 1463 141 1507 tus
157 1455 278 1524 possit
297 1458 472 1522 scripseram
499 1462 529 1507 at
546 1458 696 1507 sententiae
715 1458 815 1507 rationi
834 1472 888 1506 non
909 1458 961 1506 nisi
979 1458 1077 1522 imper-

97 1543 165 1594 fecti
184 1543 396 1603 coniunctam,
416 1558 497 1606 quem
515 1543 610 1607 optimi
629 1541 693 1592 libri
707 1544 845 1608 praebent,
866 1543 1011 1593 convenire
1031 1542 1077 1592 do-

97 1630 144 1679 cui
161 1621 297 1678 ‘Studien’
317 1645 343 1694 p.
362 1629 404 1677 96.

203 1731 226 1765 c.
245 1716 288 1777 31,
307 1717 337 1765 3:
364 1714 398 1766 at
416 1711 543 1782 iasaiis]
563 1712 597 1764 iti
615 1714 668 1762 iam
687 1714 827 1778 inpriore
847 1713 964 1764 editione
983 1730 1079 1764 secun·

95 1803 162 1852 dum
181 1802 298 1866 optimos
317 1801 401 1851 libros
419 1801 524 1865 scripsi,
542 1798 597 1851 bie
615 1799 771 1864 Nipperdey
791 1799 918 1850 ediderat.

204 1905 226 1937 a.
245 1889 288 1950 33,
307 1889 336 1936 5:
363 1884 751 1955 possiai...poeeeai]]
780 1886 814 1936 de
836 1886 879 1936 his
898 1888 1079 1936 coniunctivis

96 1992 123 2026 v.
142 1968 281 2025 ‘Studien’
301 1991 327 2039 p.
347 1974 389 2034 23,
408 1989 435 2022 n.
453 1973 486 2021 31
506 1978 576 2038 etp.
595 1973 635 2022 77.

203 2077 226 2110 o.
245 2061 287 2122 34,
300 2062 331 2110 8:
350 2072 442 2111 amnes
461 2061 584 2110 evocat
602 2074 663 2108 oum
676 2058 796 2108 Holdero
810 2058 959 2109 secundum
972 2058 1080 2109 codices

97 2147 244 2197 deterioris
263 2149 343 2194 notae
362 2142 448 2203 edidi;
474 2142 600 2193 meliores
619 2142 722 2193 habent
741 2157 834 2192 omnes
853 2141 897 2194 ad
918 2156 952 2194 se
969 2147 1077 2195 accat.

202 2247 224 2280 o.
244 2231 286 2292 39,
304 2230 335 2278 3:
361 2242 441 2281 rteraa
459 2233 501 2280 est
521 2233 580 2280 tara
598 2227 698 2294 fortis,
726 2228 796 2294 qaia
814 2228 856 2279 rei
873 2228 999 2281 aoeitate
1014 2244 1079 2295 per-

99 2314 255 2386 tarbetar]
275 2317 307 2365 de
325 2316 378 2365 hoo
397 2315 456 2365 loco
475 2332 500 2364 v.
519 2307 655 2364 ‘Studien'
671 2331 696 2380 p.
715 2316 758 2364 48.
794 2314 866 2364 Guil.
885 2316 955 2364 Paul
973 2321 1080 2365 senten-

100 2406 170 2454 tiam
188 2403 308 2468 spuriam
322 2418 381 2452 esse
396 2401 536 2451 iudicavit.
555 2428 588 2438 -
607 2401 675 2467 §.42
694 2400 859 2467 despecta
873 2400 1080 2470 paacitate]

100 2491 141 2540 sic
160 2489 252 2549 codd.;
273 2489 378 2539 Holder
396 2505 429 2538 ex
447 2488 526 2538 Pauli
545 2490 701 2538 coniectura
720 2487 865 2554 dispecta
886 2487 978 2538 edidit.

204 2593 227 2626 c.
246 2576 289 2639 44,
307 2578 336 2624 3:
364 2573 540 2642 Aqediaci
558 2590 606 2639 pro
625 2573 777 2642 Aqediei
801 2590 861 2623 cum
884 2575 1080 2624 recentioribus

100 2665 156 2714 iam
181 2663 278 2728 scripsi
302 2662 452 2711 editoribus
471 2661 620 2711 secundum
639 2660 763 2711 meliores
783 2661 899 2711 codices.
930 2661 963 2709 ot'.
984 2660 1080 2719 Gliiok,

99 2742 183 2800 ‘Kelt
201 2743 318 2798 Namen’
339 2767 365 2814 p.
386 2750 417 2798 lb
436 2764 494 2813 sqq.

206 2922 239 2972 B.
252 2919 283 2971 G.
296 2920 357 2982 VII,
376 2935 400 2973 o.
420 2922 443 2985 1,
463 2922 492 2968 i:
512 2919 545 2972 de
559 2918 651 2972 Clodii
669 2917 753 2972 caede
771 2917 810 2971 de
828 2923 998 2986 seaatasqae
1017 2934 1081 2971 eoa-
1112 2932 1114 2936 ’

98 3005 193 3077 sriiioss
213 3007 328 3058 alterum
347 3005 387 3059 de
405 3006 543 3072 supplevit
559 3006 654 3056 Aldus.

206 3111 229 3144 o.
247 3095 272 3158 8,
290 3095 319 3142 4:
347 3107 425 3158 qaera
444 3091 593 3158 perterriti
611 3106 706 3144 oaaes
724 3091 848 3144 Aroerai
868 3091 1082 3145 oiroaasistaat

102 3185 187 3248 atqae
206 3179 360 3243 obsecraret,
378 3182 412 3231 at
427 3177 488 3230 sais
506 3177 633 3242 fortaais
650 3176 789 3245 eoasalat,
807 3193 872 3230 aea
890 3193 925 3231 se
943 3178 977 3229 ab
996 3178 1082 3230 bosti-

102 3267 155 3320 bas
181 3264 298 3331 diripi
320 3262 513 3333 patiatar]
541 3272 623 3315 antea
647 3282 708 3314 cum
727 3265 891 3330 Nipperdeio
921 3266 1082 3330 optimorum

100 3354 233 3405 librorum
252 3352 413 3415 scripturam
439 3365 518 3402 aeae
542 3349 576 3402 ab
604 3349 730 3402 bastibas
760 3349 992 3416 diripiaatar
1020 3351 1083 3399 reti-

102 3455 224 3504 nueram,
243 3438 291 3489 sed
310 3453 371 3487 oum
390 3437 586 3487 sententiarum
606 3436 783 3486 conformatio
804 3439 897 3498 escit,
916 3439 991 3486 utin
1010 3443 1082 3486 utre·

102 3542 157 3593 quc
167 3524 376 3592 Vercingetorix
394 3524 545 3574 subiectum
564 3539 623 3574 esse
643 3524 749 3584 debeat,
768 3525 823 3574 iam
843 3540 904 3573 cum
917 3522 1083 3573 Schneidero
