2376 3924
368 228 480 279 LIBER
498 229 546 292 111,
566 229 642 280 CAP.
662 231 771 280 to-ts.
993 231 1052 297 101

77 421 189 506 pidum
217 419 349 486 Caesari
378 420 503 486 dedidit
529 420 761 506 incolumisque
790 421 831 487 ab
862 444 900 487 eo
928 445 1053 488 conser-

77 535 172 591 vatus
196 533 254 590 est.

165 628 213 694 12.
237 630 381 713 Recepto
397 626 519 692 Caesar
537 629 633 695 Orico
649 627 737 693 nulla
759 624 948 715 interposita
962 653 1054 697 mora

77 731 281 818 Apolloniam
293 731 514 818 proficiscitur.
539 729 638 797 Cuius
654 732 799 798 adventu
810 733 920 798 audito
932 734 971 798 L.
986 735 1054 800 Sta-

76 837 195 918 berius,
219 838 274 921 qui
296 835 341 901 ibi
357 848 517 921 praeerat,
541 859 660 923 aquam
676 846 878 922 comportare
897 840 930 902 in
945 860 1055 902 arcem

77 951 175 1025 atque
199 962 271 1004 eam
294 944 419 1007 munire
444 941 637 1028 obsidesque
660 942 702 1006 ab
719 940 977 1029 Apolloniatibus
1000 963 1054 1006 ex·

78 1048 165 1129 igere
200 1047 314 1129 coepit.
359 1044 409 1108 Illi
431 1067 510 1109 vero
539 1044 672 1112 daturos
707 1067 741 1109 se
775 1066 913 1128 negare,
947 1066 1075 1130 nequer

77 1157 186 1234 portas
220 1147 340 1213 consuli
375 1148 615 1233 praeclusuros,
653 1170 760 1234 neque
800 1146 861 1212 sibi
901 1147 1053 1212 iudicium

77 1261 261 1337 sumpturos
285 1262 398 1317 contra
414 1263 511 1338 atque
535 1254 637 1317 omnis
660 1251 753 1317 Italia
776 1250 977 1337 populusque
993 1254 1053 1317 Ro-

76 1379 191 1419 manus
207 1355 422 1421 iudicavisset.
459 1357 608 1437 Quorum
629 1358 759 1440 cognita
781 1354 946 1420 voluntate
970 1355 1075 1424 clame

76 1460 218 1544 profugit
230 1458 400 1544 Apollonia
416 1459 592 1525 Staberius.
617 1460 666 1524 Illi
682 1460 725 1524 ad
740 1458 915 1525 Caesarem
930 1459 1053 1544 legatos

76 1565 207 1627 mittunt
236 1562 417 1648 oppidoque
444 1565 612 1649 recipiunt.
657 1565 727 1629 Hos
756 1563 1074 1648 sequuntu1·Bulli·r

76 1668 202 1748 denses,
215 1666 382 1732 Amantini
394 1677 427 1732 et
439 1667 582 1754 reliquae
594 1670 749 1733 finitimae
762 1670 908 1733 civitates
920 1676 1052 1752 totaque

74 1774 189 1858 Epiros
205 1782 237 1838 et
252 1772 365 1856 legatis
380 1772 423 1837 ad
438 1771 612 1838 Gaesarem
626 1775 740 1857 missis,
764 1794 848 1858 quae
863 1774 1048 1856 imperaret,

75 1877 217 1942 facturos
240 1876 438 1963 pollicentur.
668 1863 671 1868 ¹

161 1978 209 2043 13.
233 1979 279 2044 At
295 1981 467 2066 Pompeius
483 1981 618 2064 cognitis
641 1980 690 2045 his
712 1978 820 2063 rebus,
846 2000 929 2064 quae
953 1987 1048 2043 erant

75 2085 164 2149 Orici
193 2093 290 2168 atque
314 2083 503 2168 Apolloniae
531 2093 657 2168 gestae,
691 2083 900 2168 Dyrrhachio
935 2085 1051 2147 timens

35 2173 37 2175 ¹
75 2188 198 2251 diurnis
221 2210 259 2252 eo
282 2190 510 2272 nocturnisque
533 2187 701 2252 itineribus
731 2187 904 2252 contendit.
950 2186 1072 2252 Simulo

75 2291 195 2356 Caesar
211 2294 471 2377 appropinquare
489 2291 668 2373 dicebatur,
691 2300 865 2376 tantusque
880 2301 984 2355 terror
1007 2292 1051 2354 in·

75 2394 152 2458 cidit
175 2396 243 2458 eius
266 2397 434 2477 exercitui,
456 2394 545 2479 quod
562 2417 740 2479 properans
755 2403 884 2458 noctem
900 2393 963 2457 diei
980 2414 1051 2456 con·

76 2500 228 2560 iunxerat
250 2519 356 2582 neque
379 2500 440 2562 iter
468 2500 700 2580 intermiserat,
735 2506 771 2561 ut
804 2519 907 2583 paene
942 2517 1052 2560 omnes

76 2623 118 2664 ex
141 2601 241 2685 Epiro
264 2601 472 2686 finitimisque
494 2601 680 2685 regionibus
709 2603 801 2684 signa
823 2600 1051 2684 relinquerent,

75 2702 254 2788 complures
285 2726 376 2768 arma
405 2705 587 2789 proicerent
615 2727 654 2768 ac
681 2703 778 2788 fugae
801 2702 902 2767 simile
925 2704 986 2768 iter
1007 2704 1052 2767 vi-

76 2807 216 2870 deretur.
264 2805 329 2872 Sed
362 2828 436 2871 cum
469 2828 569 2892 prope
603 2806 847 2891 Dyrrhachium
880 2807 1072 2890 Pompeiuso

75 2912 269 2975 constitisset
311 2918 482 2995 castraque
519 2911 634 2973 metari
678 2909 836 2992 iussisset,
882 2911 1051 2994 perterrito

74 3017 172 3078 etiam
194 3023 263 3079 tum
279 3015 425 3077 exercitu
440 3015 589 3099 princeps
605 3011 771 3077 Labienus
786 3012 932 3099 procedit
956 3014 1051 3077 iurat-

74 3141 137 3204 que
160 3141 194 3182 se
218 3140 292 3182 eum
314 3140 379 3182 non
397 3117 602 3182 deserturum
624 3116 829 3203 eundemque
844 3137 956 3180 casum
979 3114 1051 3179 sub-

73 3226 203 3304 iturum,
217 3242 454 3307 quemcumque
472 3224 501 3286 ei
512 3220 642 3286 fortuna
653 3221 825 3286 tribuisset.
870 3221 943 3284 Hoc
965 3218 1072 3288 idemr

73 3328 188 3413 reliqui
221 3329 329 3391 iurant
362 3323 477 3410 legati,
512 3323 634 3391 tribuni
667 3324 803 3389 militum
837 3324 1050 3388 centuriones-

75 3452 138 3517 que
167 3439 363 3516 sequnntur,
397 3438 495 3516 atque
523 3428 611 3494 idem
638 3431 742 3494 omnis
771 3429 933 3491 exercitus
955 3427 1049 3491 iurat.

73 3535 195 3601 Caesar
216 3532 454 3622 praeoccupato
476 3535 592 3613 itinero
619 3532 663 3598 od
685 3531 930 3618 Dyrrhachium
951 3528 1070 3600 finems
