2376 3924
449 209 525 261 car.
545 211 655 263 ao-sa.
979 211 1040 276 193

62 424 181 485 magna
210 402 303 465 ruina
331 402 490 487 oppressis
519 403 617 465 ceteri
644 401 820 465 faciliorem
846 400 958 487 fugam
986 401 1040 466 ha·

63 505 212 569 buerunt.
259 503 393 570 Constat
425 506 545 589 fugisse
576 529 618 569 ex
649 506 762 570 castris
791 526 902 590 regem
935 507 1062 592 ipsuma

63 617 293 693 receptumque
316 611 349 673 in
371 631 489 673 navem
511 609 716 674 multitudine
747 631 874 690 eorum,
909 612 965 694 qui
997 611 1040 675 ad

63 714 227 796 proximas
242 734 343 776 naves
359 711 569 795 adnatabant,
592 713 740 777 demerso
756 712 885 797 navigio
909 715 1039 797 perisse.

148 816 198 878 32.
237 818 285 882 Re
319 815 499 881 felicissime
534 817 765 902 celerrimeque
800 826 892 902 gesta
920 815 1041 881 Caesar

63 942 201 1005 magnae
231 922 385 984 victoriae
418 920 538 987 fidncia
572 923 719 1006 proximo
753 922 898 986 terrestri
926 921 1040 985 itinere

62 1023 297 1089 Alexandriam
320 1047 394 1090 cnm
416 1025 578 1110 equitibus
601 1025 766 1090 contendit
781 1034 878 1110 atquc
894 1046 933 1088 ea
949 1032 1040 1108 parte

63 1129 170 1213 oppidi
185 1130 289 1192 victor
300 1130 430 1210 introiit,
447 1149 531 1213 quae
543 1129 702 1215 praesidio
712 1128 851 1193 hostium
859 1127 1039 1192 tenebatur.

63 1233 176 1317 Neque
206 1254 280 1296 eum
303 1231 470 1296 consilium
492 1254 587 1296 suum
608 1231 734 1314 fefellit,
764 1233 842 1316 quin
870 1230 978 1295 hostes
1002 1253 1063 1296 eoa

66 1336 185 1419 proelio
220 1335 330 1400 audito
359 1334 437 1399 nihil
459 1337 524 1399 iam
547 1335 587 1400 de
617 1334 699 1400 bello
729 1344 838 1400 essent
859 1337 1039 1420 cogitaturi.

62 1439 207 1521 Dignum
230 1437 406 1502 adveniens
428 1439 571 1503 fructum
592 1441 720 1505 virtutis
743 1448 775 1503 ct
798 1440 896 1503 animi
918 1441 1062 1524 magni-a

63 1540 181 1605 tudinis
214 1541 295 1605 tulit.
341 1544 454 1608 Omnis
484 1545 569 1608 enim
602 1542 771 1608 multitudo
806 1541 1041 1629 oppidanorum

62 1647 159 1708 armis
194 1646 344 1729 proiectis
376 1645 671 1732 munitionibusque
705 1648 769 1710 suis
803 1645 922 1712 relictis
949 1653 1040 1711 veste

61 1771 99 1812 ea
123 1757 259 1835 sumpta,
284 1770 348 1834 qua
371 1750 529 1836 supplices
552 1750 753 1815 dominantes
777 1750 946 1836 deprecari
968 1772 1042 1828 con·¹

62 1865 205 1940 suerunt,
223 1857 387 1942 sacrisque
404 1854 552 1920 omnibus
568 1855 709 1941 prolatis,
733 1877 871 1940 quorum
886 1854 1040 1940 religione

62 1961 348 2044 precarioffensos
371 1961 534 2047 iratosque
557 1963 680 2027 animos
702 1982 818 2045 regum
839 1968 932 2024 erant
947 1960 1039 2043 soliti,

62 2065 246 2130 advenienti
269 2062 401 2130 Caesari
429 2074 640 2136 occurrerunt
661 2087 761 2150 seque
784 2067 813 2129 ei
836 2064 1041 2137 dediderunt.

62 2167 182 2232 Caesar
215 2170 248 2233 in
280 2167 380 2234 fidem
412 2178 559 2255 receptos
593 2168 774 2235 consolatus
808 2191 866 2254 per
901 2169 1063 2233 hostiums
1117 2204 1120 2209 ·

62 2272 253 2335 munitiones
287 2274 319 2334 in
353 2293 446 2336 suam
480 2280 605 2357 partem
639 2270 747 2356 oppidi
780 2293 900 2355 magna
933 2280 1041 2357 gratu-

62 2374 179 2438 latione
195 2374 285 2438 venit
306 2396 454 2457 suorum,
479 2376 535 2460 qui
557 2397 621 2439 non
644 2383 771 2440 tantum
792 2374 913 2438 bellum
935 2376 1041 2460 ipsum

62 2501 100 2540 ac
123 2477 370 2560 dimicationem,
395 2477 452 2543 sed
475 2479 573 2542 etiam
595 2477 693 2542 talem
715 2477 893 2542 adventum
914 2478 982 2542 eius
997 2478 1040 2541 fe·

61 2582 153 2645 licem
176 2581 274 2646 fuisse
297 2581 511 2647 laetabantur.
890 2643 895 2654 ,

148 2687 198 2751 33.
234 2684 355 2755 Caesar
383 2685 536 2773 Aegypto
565 2697 663 2773 atque
690 2685 893 2751 Alexandria
921 2687 1040 2772 potitus

62 2813 155 2875 reges
190 2793 369 2876 constituit,
403 2815 484 2880 quos
512 2792 716 2858 Ptolemaeus
745 2799 937 2856 testamento
965 2791 1040 2856 scri·

63 2906 172 2981 pserat
194 2905 292 2983 atque
315 2897 494 2963 obtestatus
517 2906 588 2961 erat
609 2895 762 2982 populum
785 2897 977 2978 Romanum,
1000 2917 1041 2959 ne

62 3010 273 3066 mutarentur.
320 3002 404 3068 Nam
432 3003 555 3067 maiore
581 3023 624 3065 ex
647 3000 773 3066 dnobus
801 3000 923 3086 pueris,
951 3020 1062 3086 regest

61 3108 177 3170 amisso
199 3107 316 3172 minori
338 3106 472 3172 tradidit
493 3127 631 3191 regnum
647 3106 826 3191 maiorique
848 3126 891 3168 ex
913 3104 1041 3170 duabus

61 3209 148 3292 filiis,
177 3208 384 3296 Cleopatrae,
414 3231 499 3297 quae
526 3217 691 3276 manserat
717 3210 751 3274 in
773 3206 839 3273 fide
861 3207 1040 3293 praesidiis·

60 3336 123 3400 que
147 3316 231 3398 eius,
262 3317 430 3396 minorem,
453 3314 626 3399 Arsinoen,
650 3316 741 3379 ouius
763 3315 892 3379 nomine
915 3311 972 3376 din
993 3333 1040 3375 re-

59 3439 176 3507 gnasse
206 3421 399 3504 impotenter
422 3418 639 3507 Ganymeden
662 3417 846 3501 docuimus,
877 3415 1040 3482 deducere

60 3546 103 3589 ex
135 3545 237 3609 regno
270 3525 398 3608 statuit,
431 3546 474 3589 ne
507 3544 573 3613 qna
605 3543 719 3591 rursus
751 3544 838 3587 nova
871 3520 1037 3604 dissensio,

113 3632 197 3674 cneum.
210 3631 241 3675 11.
837 3623 869 3673 lt
