2376 3924
112 222 153 284 26
438 220 487 271 na
509 219 629 270 nunno
649 218 762 271 civim

112 410 259 475 omnibus
289 410 425 475 castellis
453 413 486 475 in
514 409 629 475 urbem
655 421 891 496 convexerant,
926 433 1094 477 armorum

113 517 257 580 officinas
280 518 312 580 in
327 514 408 580 urbe
426 517 645 598 instituerant,
670 537 788 598 muros,
812 525 932 601 portas,
957 514 1094 580 classem

112 618 309 685 reficiebant.

199 723 249 787 35.
279 726 405 789 Evocat
433 724 476 788 ad
504 746 537 788 se
568 724 687 789 Caesar
710 725 854 789 Massilia
878 743 924 789 xv
955 727 1093 810 primos3

113 852 186 892 cum
215 829 263 892 his
294 831 376 912 agit,
406 851 446 891 ne
473 831 598 893 initium
633 829 790 894 inferendi
824 828 897 893 belli
932 853 952 892 a
979 829 1095 894 Massi-

113 931 264 996 liensibus
293 935 430 997 oriatur:
460 933 578 997 debere
607 955 661 997 eos
690 933 803 997 ltaliae
832 935 929 998 totius
958 936 1096 998 auctori-

113 1045 213 1100 tatem
242 1039 331 1120 sequi
360 1039 479 1122 potius,
515 1059 612 1122 quam
640 1040 735 1102 unius
769 1038 905 1101 hominis
934 1036 1096 1102 voluntati

92 1138 346 1223 acbtemperare.
392 1140 543 1225 Reliqua,
582 1163 665 1225 quae
702 1141 744 1205 ad
782 1163 893 1205 eorum
931 1141 1096 1205 sanandas

92 1252 237 1306 amentes
260 1245 421 1328 pertinere
444 1243 679 1327 arbitrabatur,
711 1253 948 1310 commemorat.
995 1244 1096 1309 Cuius

29 1335 32 1341 ⁸
104 1349 291 1411 orationem
314 1346 410 1430 legati
434 1348 564 1412 domum
594 1349 738 1413 referunt
766 1358 863 1434 atque
893 1371 936 1413 ex
959 1351 1096 1413 auctori-

114 1458 180 1515 tate
202 1451 283 1514 haec
306 1450 438 1515 Caesari
460 1455 661 1517 renuntiant:
690 1451 874 1537 intellegere
897 1447 934 1516 se'
954 1452 1097 1517 diuisum

114 1576 183 1618 esec
212 1552 364 1639 populum
386 1556 569 1619 Romanurn
591 1557 624 1619 in
653 1555 734 1620 duas
757 1566 880 1642 partes,
911 1577 1016 1640 neque
1047 1559 1097 1619 sui

114 1659 223 1723 iudicii
251 1679 355 1742 neque
385 1680 517 1723 suarum
545 1681 614 1723 esse
642 1662 760 1724 virium
788 1660 987 1741 discernere,
1020 1667 1098 1722 utra

92 1781 189 1848 spars
213 1764 375 1825 iustiorem
398 1762 518 1827 habeat
548 1786 688 1827 causam.
734 1765 900 1849 Principes
923 1785 1002 1827 vero
1026 1784 1098 1827 esse

115 1887 227 1929 earum
264 1867 404 1949 partium
441 1862 510 1951 [On.
545 1868 735 1951 Pompeium
772 1876 804 1931 et
837 1865 872 1932 O.
910 1863 1097 1951 Caesarem]

115 1979 267 2054 patronos
304 1971 460 2048 civitatis3
500 1991 637 2053 quorum
674 1968 755 2033 alter
792 1991 887 2054 agros
920 1969 1098 2035 Volcarum

116 2072 378 2136 Arecomicorum
408 2082 439 2135 et
460 2059 652 2136 Helviorum
681 2072 808 2158 publice
832 2076 870 2138 iis
889 2075 1098 2156 concesserit,

115 2175 196 2239 alter
229 2173 311 2238 bello
345 2176 447 2238 victos
482 2174 607 2260 Sallyas
641 2173 826 2240 attribuerit
858 2166 1097 2262 vectigaliaque

94 2281 252 2344 cauxerit.
299 2278 410 2359 Quare
438 2277 570 2363 paribus
601 2301 713 2342 eorum
739 2278 903 2344 beneficiis
925 2282 1038 2366 parem
1061 2301 1096 2344 se

116 2405 243 2469 quoque
259 2382 458 2447 voluntatem
479 2382 621 2446 tribuere
637 2382 756 2446 debere
772 2393 805 2448 et
818 2392 970 2448 neutrum
985 2404 1098 2448 eorum

116 2497 228 2552 contra
262 2485 398 2551 alterum
431 2488 544 2551 iuvare
578 2496 633 2550 aut
666 2486 748 2551 urbe
782 2496 838 2552 aut
871 2486 1017 2574 portibus
1050 2507 1098 2550 re-

116 2594 232 2677 cipere.
605 2653 607 2656 ,

203 2695 253 2758 36.
277 2695 369 2758 Haec
392 2694 470 2758 (lum
493 2697 575 2759 inter
602 2717 656 2759 eos
679 2705 835 2779 aguntur,
859 2696 1021 2761 Domitius
1043 2716 1098 2759 na-

117 2798 211 2862 vibus
234 2797 409 2861 Massiliam
433 2801 581 2884 pervenit
603 2809 701 2883 atque
727 2799 769 2863 ab
792 2802 830 2863 iis
852 2809 1003 2885 receptus
1023 2797 1098 2863 urbi

117 2903 317 2987 praeficitur,
356 2924 481 2966 summa
515 2905 544 2966 ei
582 2902 655 2966 belli
690 2902 937 2968 administrandi
970 2904 1099 2988 permit·

96 3008 204 3070 atitur.
229 3007 307 3068 Eius
331 3007 463 3090 imperio
479 3007 614 3071 classem
630 3029 759 3093 quoquo
781 3030 896 3073 versus
915 3007 1098 3090 dimittunt3

85 3130 88 3136 ·
119 3111 282 3187 onerarias
304 3131 414 3191 naves,
439 3133 519 3195 quas
541 3112 661 3197 ubique
683 3122 827 3198 possunt,
851 3110 1100 3198 deprehendunt

118 3222 216 3297 atque
238 3213 271 3275 in
287 3220 415 3296 portum
431 3212 605 3296 deducunt,
629 3237 744 3300 parum
765 3214 864 3280 clavis
886 3224 943 3280 aut
964 3217 1101 3281 materia

118 3327 215 3401 atque
245 3320 451 3380 armamentis
479 3319 642 3382 instructis
676 3318 718 3382 ad
752 3318 891 3403 reliquas
924 3316 1101 3385 armandas

97 3420 374 3504 sreficiendasque
397 3430 545 3501 utuntur3
576 3422 729 3486 frumenti
752 3422 839 3508 quod
860 3425 1030 3489 inventum
1051 3430 1103 3489 ut

119 3527 152 3588 in
176 3523 338 3609 publicum
362 3524 544 3608 conferunt,
574 3525 713 3611 reliquas
742 3547 865 3592 merces
891 3544 1017 3598 comme
