2376 3924
137 230 178 297 8ss
464 228 515 280 nn
534 225 655 278 annno
675 224 788 276 orvmr

116 419 337 484 toonsederat.
383 419 518 504 Equites
561 419 649 482 missi
692 424 787 481 nocte
831 417 892 481 iter
930 415 1119 499 conficiunt,

136 523 358 609 imprudentes
380 530 479 606 atque
507 523 710 606 inopinantes
739 519 847 585 hostes
869 517 1119 604 aggrediuntur.

136 627 296 692 Numidae
320 627 405 689 enim
428 623 570 711 quadam
597 622 740 688 barbara
762 620 993 688 consuetudine
1021 623 1121 689 nullis

115 729 304 795 eordinibus
327 730 448 813 passim
470 725 694 792 consederant.
717 726 787 791 Hos
811 748 981 812 oppressos
1004 749 1120 794 somno

137 841 169 897 et
192 833 353 918 dispersos
376 831 481 896 adorti
503 851 658 915 magnum
681 851 793 894 eorum
821 852 992 896 numerum
1020 834 1119 898 intor-

136 937 264 1019 ficiunt3
299 935 390 1000 multi
423 936 585 1020 perterriti
618 933 815 1020 profugiunt.
861 935 935 1018 Quo
964 934 1051 1001 facto
1075 935 1120 1000 ad

136 1038 311 1104 Curionem
344 1040 469 1124 equites
502 1046 710 1103 revertuntur
744 1040 953 1123 captivosque
976 1038 1019 1104 ad
1042 1061 1120 1104 eum

136 1141 305 1207 reducunt.

239 1245 290 1308 39.
314 1243 412 1309 Curio
446 1265 519 1308 cum
554 1241 701 1309 omnibus
735 1245 834 1329 copiis
867 1253 984 1330 quarta
1006 1246 1120 1332 vigilia

114 1351 263 1414 ²exierat
291 1349 476 1414 cohortibus
498 1366 522 1412 v
544 1350 658 1413 castris
688 1347 849 1433 praesidio
877 1348 1005 1414 relictis.
1040 1350 1119 1415 Pro·

136 1475 265 1538 gressus
288 1452 375 1517 milia
398 1472 552 1538 passuum
574 1470 610 1515 vi
634 1454 759 1536 equites
782 1455 942 1536 convenit,
971 1473 1041 1517 rem
1064 1474 1118 1538 ge-

136 1567 219 1622 stam
256 1560 422 1644 cognovit,
461 1558 638 1642 ecaptivis
671 1558 807 1642 quaerit,
843 1559 915 1642 quis
937 1560 1051 1622 castris
1074 1558 1119 1623 ad

114 1661 322 1746 ³Bagradam
351 1663 489 1746 praesit:
525 1658 724 1745 respondent
746 1658 933 1726 Saburram.
978 1661 1119 1748 Reliqua

136 1765 241 1829 studio
263 1767 386 1830 itineris
410 1763 600 1829 conficiendi
624 1785 782 1849 quaerere
804 1766 1032 1849 praetermittit
1046 1786 1118 1852 pro·

134 1871 288 1953 ximaque
310 1870 486 1953 respiciens
501 1870 603 1954 signa,
622 1864 816 1950 ‘videtisne’,
839 1869 954 1953 inquit,
976 1860 1116 1953 ‘milites,

135 1975 337 2057 captivorum
350 1975 527 2038 orationem
540 1992 613 2036 oum
628 1971 771 2057 perfugis
788 1973 983 2038 convenire?
1001 1971 1118 2038 abesse

133 2098 254 2160 regem,
293 2079 428 2160 exiguas
462 2097 532 2140 esse
571 2077 679 2160 copias
716 2077 841 2158 missas,
881 2096 965 2161 quae
1002 2080 1117 2162 paucis

135 2179 297 2264 equitibus
330 2201 426 2267 pares
460 2201 530 2244 esse
564 2201 629 2243 non
667 2178 853 2265 potuerint?
898 2178 1039 2246 Proinde
1073 2181 1118 2247 ad

133 2282 301 2368 praedam,
324 2282 367 2349 ad
389 2283 525 2368 gloriam
547 2292 731 2369 properate,
754 2291 791 2347 ut
812 2285 878 2347 iam
901 2281 942 2349 de
964 2287 1118 2370 praemiis

71 2443 75 2449 .
134 2389 250 2451 vestris
273 2396 305 2452 et
334 2387 374 2452 de
403 2386 575 2452 referenda
604 2389 710 2472 gratia
733 2389 875 2472 cogitare
904 2384 1114 2474 incipiamus?

111 2490 238 2555 tErant
260 2512 318 2575 per
341 2513 375 2555 se
397 2512 527 2575 magna,
558 2510 642 2574 quae
664 2498 834 2574 gesserant
855 2493 991 2576 aquitae,
1025 2512 1117 2578 prae-

134 2595 245 2657 sertim
283 2616 358 2658 cum
395 2615 507 2658 eorum
545 2594 684 2678 exiguus
721 2611 876 2659 numerus
913 2614 1001 2659 cum·
1024 2603 1118 2662 tanta

133 2696 337 2761 multitudine
352 2696 568 2762 Numidarum
591 2696 800 2762 conferretur.
824 2697 918 2762 Haeo
939 2706 1050 2764 tamen
1072 2696 1117 2765 ab

134 2801 210 2884 ipsis
233 2800 374 2864 inflatius
390 2799 736 2884 commemorabantur,
759 2809 796 2866 ut
818 2799 859 2865 de
881 2802 947 2866 suis
969 2800 1117 2867 homines

113 2902 284 2966 olandibus
307 2904 445 2970 libenter
467 2905 665 2999 praedicant.
696 2903 801 2970 Multa
822 2914 992 2992 praeterea
1014 2903 1116 2992 spolia

134 3004 413 3090 praeferebantur,
448 3009 534 3093 capti
556 3007 702 3071 homines
725 3008 865 3093 equique
894 3005 1115 3095 produceban-

133 3119 196 3192 tur,
231 3118 277 3191 ut,
308 3110 461 3194 quicquid
494 3110 710 3176 intercederet
743 3113 907 3198 temporis,
936 3111 998 3176 hoo
1020 3132 1115 3176 omne

133 3214 304 3277 victoriam
332 3215 451 3277 morari
480 3213 655 3279 videretur.
700 3214 752 3281 Ita
775 3213 1016 3302 speiOurionis
1036 3212 1116 3291 mili·
1159 3282 1184 3303 Ι,

113 3324 204 3379 otum
226 3315 333 3379 studia
355 3337 420 3379 non
443 3315 587 3381 deerant.
633 3319 769 3404 Equites
803 3321 894 3405 sequi
926 3317 1017 3385 iubet
1046 3296 1089 3335 ²³

135 3421 259 3504 iterque
283 3417 451 3503 accelerat,
485 3428 641 3506 utquam
664 3424 806 3487 maxime
829 3444 872 3487 ex
894 3422 973 3508 fuga
993 3442 1019 3509 p

134 3524 213 3587 ritos
235 3522 354 3589 adoriri
377 3532 494 3610 posset.
529 3524 576 3590 At
597 3523 640 3589 illi
662 3528 776 3592 itinere
798 3529 896 3592 totius
917 3526 1007 3593 nocti
