2376 3924
358 234 468 285 nmnn
486 234 524 297 v,
545 233 621 285 oar.
640 235 751 287 44-48.
982 235 1042 299 133

60 431 98 488 ut
123 423 158 487 in
175 420 391 502 Atrebatium
413 422 498 487 fines
522 421 689 506 legionem
712 423 872 508 adducat,
890 445 956 510 qua
980 421 1045 487 sibi

62 527 130 592 iter
152 523 344 591 faciendum
368 523 510 591 sciebat.
534 522 660 591 Scribit
676 524 840 610 Labieno,
865 528 892 592 si
916 527 965 591 rei
987 548 1069 612 pu=c

62 627 177 694 blicae
199 626 374 693 commodo
390 627 503 693 facere
519 638 644 714 posset,
663 650 738 693 cum
753 628 886 714 legione
902 628 1045 695 adfines

63 731 264 797 Nerviorum
279 733 405 798 veniat.
421 731 598 818 Reliquam
613 741 743 817 partem
759 735 941 817 exercitus,
958 733 1047 819 quod

64 835 165 922 paulo
200 834 320 902 aberat
349 835 497 920 longius,
532 857 599 900 non
632 844 730 922 putat
765 835 1047 923 exspectandam

66 941 197 1026 equites
216 940 353 1005 circiter
369 937 637 1026 quadringentos
661 963 704 1006 ex
719 941 882 1027 proximis
898 939 1047 1005 hibernis

67 1041 212 1126 colligit.
496 1126 498 1130 ι

153 1145 205 1212 47.
229 1146 323 1213 Hora
346 1147 484 1212 circiter
512 1148 613 1213 tertia
637 1146 681 1213 ab
709 1146 983 1215 antecursoribus
1009 1146 1049 1210 de

67 1251 184 1317 Crassi
207 1251 357 1316 adventu
380 1252 505 1317 certior
520 1251 632 1316 factus
655 1273 693 1317 eo
712 1251 766 1318 die
780 1252 875 1318 milia
890 1274 1050 1340 passuum

68 1373 117 1419 xx
133 1353 297 1442 procedit.
317 1351 479 1421 Crassum
496 1352 756 1421 Samarobrivae
771 1357 924 1442 praeficit
947 1355 1072 1440 legio-s

67 1480 209 1545 nemque
232 1456 399 1543 attribuit,
424 1457 582 1544 quodibi
606 1458 846 1545 impedimenta
870 1461 1049 1543 exercitus,

71 1561 208 1629 obsides
231 1563 421 1645 civitatum,
452 1560 584 1627 litteras
607 1561 761 1648 publicas
784 1562 1050 1650 frumentumque

69 1688 177 1750 omne,
200 1665 290 1752 quod
313 1687 351 1730 eo
375 1663 574 1731 tolerandae
596 1665 715 1731 hiemis
736 1686 839 1732 causa
857 1666 1050 1752 devexerat,

68 1769 293 1856 relinquebat.
337 1768 484 1853 Fabius,
512 1779 549 1834 ut
572 1771 772 1857 imperatum
801 1781 884 1856 erat,
914 1774 1074 1838 nouitas

68 1873 210 1939 multum
222 1881 373 1939 moratus
390 1874 424 1937 in
436 1873 557 1937 itinere
569 1894 644 1938 cum
659 1873 792 1958 legione
805 1877 962 1941 occurrit.
986 1875 1075 1940 Lar

71 1976 190 2042 bienus
214 1978 355 2042 interitu
371 1974 489 2043 Sabini
513 1985 546 2041 et
569 1976 674 2043 caede
691 1978 879 2045 cohortium
901 1980 1051 2063 cognita,

72 2103 149 2147 cum
172 2102 286 2146 omnes
310 2079 356 2145 ad
378 2102 453 2146 eum
475 2079 697 2147 Treverorum
728 2083 846 2168 copiae
869 2084 1053 2166 venissent,

71 2185 211 2268 veritus,
223 2206 275 2268 ne,
288 2185 316 2250 si
329 2206 372 2249 ex
382 2182 535 2250 hibernis
548 2184 650 2269 fugae
663 2185 1054 2272 similemprofectionem

70 2288 220 2371 fecisset,
232 2287 378 2353 hostium
395 2289 553 2375 impetum
566 2290 732 2355 sustinere
744 2312 811 2355 non
823 2299 948 2377 posset,
959 2312 1054 2377 prae·

72 2393 189 2458 sertim
216 2411 299 2477 quos
321 2391 450 2458 recenti
473 2391 618 2456 victoria
643 2391 752 2457 efferri
783 2395 896 2475 sciret,
920 2392 1076 2459 litterass

72 2495 213 2561 Caesari
235 2495 390 2578 remittit,
409 2501 536 2580 quanto
560 2516 634 2560 cum
657 2493 806 2581 periculo
823 2494 989 2580 legionem
1013 2521 1054 2561 ex

72 2599 222 2666 hibernis
240 2597 420 2665 educturus
437 2606 542 2681 esset3
558 2621 629 2664 rem
645 2608 775 2683 gestam
792 2601 826 2663 in
839 2598 1054 2665 Eburonibus

71 2700 269 2790 perscribit3
293 2700 391 2768 docet
415 2723 528 2768 omnes
552 2704 723 2788 equitatus
739 2701 978 2788 peditatusque
1001 2725 1054 2768 co-

71 2809 147 2893 pias
163 2805 386 2873 Treverorum
408 2807 477 2873 tria
500 2805 593 2871 milia
610 2827 769 2890 passuum
793 2805 892 2890 longe
917 2806 960 2872 ab
985 2809 1055 2872 suis

71 2909 197 2976 castris
220 2909 427 2977 consedisse.

160 3011 212 3080 48.
236 3012 363 3082 Caesar
379 3013 528 3082 consilio·
546 3015 617 3079 eius
634 3013 786 3100 probato,
811 3017 875 3079 etsi
900 3015 1056 3101 opinione

73 3120 177 3184 trium
198 3116 367 3203 legionum
391 3118 544 3185 deiectus
567 3117 612 3183 ad
637 3117 722 3182 duas
745 3116 909 3201 redierat,
944 3127 1055 3182 tamen

72 3243 177 3289 unum
192 3224 377 3289 communis
395 3222 515 3289 salutis
533 3221 696 3289 auxilium
715 3223 750 3286 in
767 3221 942 3287 celeritate
957 3243 1056 3307 pone-

72 3325 145 3392 bat.
189 3323 292 3391 Venit
314 3327 447 3411 magnis
470 3323 648 3391 itineribus
681 3325 713 3389 in
737 3324 937 3389 Nerviorum
960 3325 1079 3393 finess

73 3428 129 3497 Ibi
152 3451 195 3495 ex
215 3430 361 3516 captivis
377 3431 564 3515 cognoscit,
581 3449 667 3515 quae
682 3427 772 3514 apud
788 3426 985 3493 Ciceronem
1000 3449 1056 3514 ge·
1153 3456 1156 3461 ·

73 3541 205 3617 rantur,
221 3542 413 3621 quantoque
435 3533 471 3598 in
486 3529 636 3618 periculo
660 3553 714 3596 res
739 3531 792 3595 sit.
820 3529 903 3595 Tum
921 3530 1057 3599 cuidam
