<?xml version="1.0" encoding="UTF-8"?>
<!DOCTYPE html PUBLIC "-//W3C//DTD XHTML 1.0 Transitional//EN"
    "http://www.w3.org/TR/xhtml1/DTD/xhtml1-transitional.dtd">
<html xmlns="http://www.w3.org/1999/xhtml" xml:lang="en" lang="en">
 <head>
  <title>
</title>
<meta http-equiv="Content-Type" content="text/html;charset=utf-8" />
  <meta name='ocr-system' content='tesseract 3.04.00' />
  <meta name='ocr-capabilities' content='ocr_page ocr_carea ocr_par ocr_line ocrx_word'/>
</head>
<body>
  <div class='ocr_page' id='page_1' title='image "./ciuliicaesarisc00hoffgoog/ciuliicaesarisc00hoffgoog_0393.png"; bbox 0 0 2376 3924; ppageno 0'>
   <div class='ocr_carea' id='block_1_1' title="bbox 98 241 775 324">
    <p class='ocr_par' dir='ltr' id='par_1_1' title="bbox 98 241 775 324">
     <span class='ocr_line' id='line_1_1' title="bbox 98 241 775 324; baseline 0 -32"><span class='ocrx_word' id='word_1_1' title='bbox 98 242 211 292; x_wconf 88' lang='lat' dir='ltr'>LXXIV</span> <span class='ocrx_word' id='word_1_2' title='bbox 400 241 610 292; x_wconf 83' lang='lat' dir='ltr'><strong>ADNOTATIO</strong></span> <span class='ocrx_word' id='word_1_3' title='bbox 631 241 775 324; x_wconf 65' lang='lat' dir='ltr'><strong>oblitos</strong></span> 
     </span>
    </p>
   </div>
   <div class='ocr_carea' id='block_1_2' title="bbox 98 429 1082 3602">
    <p class='ocr_par' dir='ltr' id='par_1_2' title="bbox 98 429 1081 926">
     <span class='ocr_line' id='line_1_2' title="bbox 100 429 1079 496; baseline 0 -16"><span class='ocrx_word' id='word_1_4' title='bbox 100 431 236 496; x_wconf 89' lang='lat' dir='ltr'><strong>adscripta</strong></span> <span class='ocrx_word' id='word_1_5' title='bbox 254 436 281 480; x_wconf 88' lang='lat' dir='ltr'><strong>et</strong></span> <span class='ocrx_word' id='word_1_6' title='bbox 299 429 397 480; x_wconf 87' lang='lat' dir='ltr'><strong>deinde</strong></span> <span class='ocrx_word' id='word_1_7' title='bbox 415 431 443 479; x_wconf 90' lang='lat' dir='ltr'><strong>in</strong></span> <span class='ocrx_word' id='word_1_8' title='bbox 463 429 584 480; x_wconf 87' lang='lat' dir='ltr'><strong>alienum</strong></span> <span class='ocrx_word' id='word_1_9' title='bbox 602 431 694 480; x_wconf 90' lang='lat' dir='ltr'><strong>locum</strong></span> <span class='ocrx_word' id='word_1_10' title='bbox 711 431 857 491; x_wconf 79' lang='lat' dir='ltr'><strong>translata3</strong></span> <span class='ocrx_word' id='word_1_11' title='bbox 886 430 934 480; x_wconf 88' lang='lat' dir='ltr'><strong>sed</strong></span> <span class='ocrx_word' id='word_1_12' title='bbox 952 431 1020 481; x_wconf 89' lang='lat' dir='ltr'><strong>haec</strong></span> <span class='ocrx_word' id='word_1_13' title='bbox 1038 433 1079 480; x_wconf 93' lang='lat' dir='ltr'><strong>in·</strong></span> 
     </span>
     <span class='ocr_line' id='line_1_3' title="bbox 98 516 1079 582; baseline 0.001 -16"><span class='ocrx_word' id='word_1_14' title='bbox 98 518 199 568; x_wconf 80' lang='lat' dir='ltr'><strong>feriore</strong></span> <span class='ocrx_word' id='word_1_15' title='bbox 210 517 295 566; x_wconf 85' lang='lat' dir='ltr'><strong>verba</strong></span> <span class='ocrx_word' id='word_1_16' title='bbox 312 516 358 564; x_wconf 87' lang='lat' dir='ltr'><strong>vix</strong></span> <span class='ocrx_word' id='word_1_17' title='bbox 377 517 460 565; x_wconf 82' lang='lat' dir='ltr'><strong>scribi</strong></span> <span class='ocrx_word' id='word_1_18' title='bbox 477 522 610 581; x_wconf 85' lang='lat' dir='ltr'><strong>poterant,</strong></span> <span class='ocrx_word' id='word_1_19' title='bbox 629 517 683 566; x_wconf 85' lang='lat' dir='ltr'><strong>nisi</strong></span> <span class='ocrx_word' id='word_1_20' title='bbox 700 517 756 566; x_wconf 87' lang='lat' dir='ltr'><strong>iarn</strong></span> <span class='ocrx_word' id='word_1_21' title='bbox 774 521 854 567; x_wconf 82' lang='lat' dir='ltr'><strong>antea</strong></span> <span class='ocrx_word' id='word_1_22' title='bbox 873 517 1079 582; x_wconf 78' lang='lat' dir='ltr'>elephantorum</span> 
     </span>
     <span class='ocr_line' id='line_1_4' title="bbox 99 603 1080 671; baseline 0.002 -19"><span class='ocrx_word' id='word_1_23' title='bbox 99 619 116 652; x_wconf 89' lang='lat' dir='ltr'><strong>a</strong></span> <span class='ocrx_word' id='word_1_24' title='bbox 135 604 262 668; x_wconf 82' lang='lat' dir='ltr'><strong>Scipione</strong></span> <span class='ocrx_word' id='word_1_25' title='bbox 280 605 308 652; x_wconf 92' lang='lat' dir='ltr'><strong>in</strong></span> <span class='ocrx_word' id='word_1_26' title='bbox 328 603 415 652; x_wconf 81' lang='lat' dir='ltr'><strong>aciem</strong></span> <span class='ocrx_word' id='word_1_27' title='bbox 440 603 634 668; x_wconf 86' lang='lat' dir='ltr'><strong>productorum</strong></span> <span class='ocrx_word' id='word_1_28' title='bbox 657 603 759 653; x_wconf 89' lang='lat' dir='ltr'><strong>mentio</strong></span> <span class='ocrx_word' id='word_1_29' title='bbox 782 603 856 653; x_wconf 85' lang='lat' dir='ltr'><strong>facta</strong></span> <span class='ocrx_word' id='word_1_30' title='bbox 878 609 956 654; x_wconf 82' lang='lat' dir='ltr'><strong>esset.</strong></span> <span class='ocrx_word' id='word_1_31' title='bbox 986 605 1080 671; x_wconf 85' lang='lat' dir='ltr'><strong>itaque</strong></span> 
     </span>
     <span class='ocr_line' id='line_1_5' title="bbox 100 688 1080 757; baseline 0.002 -20"><span class='ocrx_word' id='word_1_32' title='bbox 100 691 223 754; x_wconf 89' lang='lat' dir='ltr'><strong>suspicor</strong></span> <span class='ocrx_word' id='word_1_33' title='bbox 240 692 348 753; x_wconf 85' lang='lat' dir='ltr'><strong>eontra,</strong></span> <span class='ocrx_word' id='word_1_34' title='bbox 369 689 441 752; x_wconf 90' lang='lat' dir='ltr'><strong>quod</strong></span> <span class='ocrx_word' id='word_1_35' title='bbox 459 689 523 738; x_wconf 86' lang='lat' dir='ltr'><strong>libri</strong></span> <span class='ocrx_word' id='word_1_36' title='bbox 543 688 671 738; x_wconf 80' lang='lat' dir='ltr'><strong>exhibent</strong></span> <span class='ocrx_word' id='word_1_37' title='bbox 687 688 725 754; x_wconf 91' lang='lat' dir='ltr'><strong>(in</strong></span> <span class='ocrx_word' id='word_1_38' title='bbox 744 688 763 742; x_wconf 92' lang='lat' dir='ltr'><strong>b</strong></span> <span class='ocrx_word' id='word_1_39' title='bbox 782 689 854 739; x_wconf 89' lang='lat' dir='ltr'><strong>inter</strong></span> <span class='ocrx_word' id='word_1_40' title='bbox 864 704 960 739; x_wconf 85' lang='lat' dir='ltr'><strong>versus</strong></span> <span class='ocrx_word' id='word_1_41' title='bbox 973 691 1080 757; x_wconf 81' lang='lat' dir='ltr'><strong>exstat),</strong></span> 
     </span>
     <span class='ocr_line' id='line_1_6' title="bbox 99 774 1081 841; baseline 0.002 -17"><span class='ocrx_word' id='word_1_42' title='bbox 99 791 132 824; x_wconf 84' lang='lat' dir='ltr'><strong>ex</strong></span> <span class='ocrx_word' id='word_1_43' title='bbox 150 775 310 841; x_wconf 88' lang='lat' dir='ltr'><strong>compendio</strong></span> <span class='ocrx_word' id='word_1_44' title='bbox 330 775 348 831; x_wconf 72' lang='grc' dir='ltr'>ὅ</span> <span class='ocrx_word' id='word_1_45' title='bbox 369 780 478 826; x_wconf 87' lang='lat' dir='ltr'><strong>enatum</strong></span> <span class='ocrx_word' id='word_1_46' title='bbox 498 789 572 837; x_wconf 86' lang='lat' dir='ltr'><strong>esse,</strong></span> <span class='ocrx_word' id='word_1_47' title='bbox 598 776 644 824; x_wconf 90' lang='lat' dir='ltr'><strong>cui</strong></span> <span class='ocrx_word' id='word_1_48' title='bbox 661 774 759 825; x_wconf 84' lang='lat' dir='ltr'><strong>ruendo</strong></span> <span class='ocrx_word' id='word_1_49' title='bbox 778 780 851 825; x_wconf 83' lang='lat' dir='ltr'><strong>certe</strong></span> <span class='ocrx_word' id='word_1_50' title='bbox 870 777 1013 840; x_wconf 75' lang='lat' dir='ltr'><strong>sequentia</strong></span> <span class='ocrx_word' id='word_1_51' title='bbox 1030 777 1081 826; x_wconf 81' lang='lat' dir='ltr'><strong>ills</strong></span> 
     </span>
     <span class='ocr_line' id='line_1_7' title="bbox 99 861 843 926; baseline 0.001 -19"><span class='ocrx_word' id='word_1_52' title='bbox 99 861 183 910; x_wconf 85' lang='lat' dir='ltr'><strong>verba</strong></span> <span class='ocrx_word' id='word_1_53' title='bbox 202 865 303 914; x_wconf 81' lang='lat' dir='ltr'><strong>corttra</strong></span> <span class='ocrx_word' id='word_1_54' title='bbox 321 862 427 915; x_wconf 81' lang='lat' dir='ltr'><strong>bestias</strong></span> <span class='ocrx_word' id='word_1_55' title='bbox 445 875 541 910; x_wconf 79' lang='lat' dir='ltr'><strong>ansam</strong></span> <span class='ocrx_word' id='word_1_56' title='bbox 559 862 690 925; x_wconf 86' lang='lat' dir='ltr'><strong>praebere</strong></span> <span class='ocrx_word' id='word_1_57' title='bbox 709 865 843 926; x_wconf 76' lang='lat' dir='ltr'><strong>poterant.</strong></span> 
     </span>
    </p>

    <p class='ocr_par' dir='ltr' id='par_1_3' title="bbox 100 945 1080 1098">
     <span class='ocr_line' id='line_1_8' title="bbox 203 945 1080 1016; baseline 0.003 -20"><span class='ocrx_word' id='word_1_58' title='bbox 203 963 223 998; x_wconf 87' lang='lat' dir='ltr'><strong>c.</strong></span> <span class='ocrx_word' id='word_1_59' title='bbox 244 949 286 1007; x_wconf 78' lang='lat'><strong>82,</strong></span> <span class='ocrx_word' id='word_1_60' title='bbox 307 951 334 998; x_wconf 95' lang='lat'><strong>1:</strong></span> <span class='ocrx_word' id='word_1_61' title='bbox 362 948 394 1000; x_wconf 87' lang='lat' dir='ltr'><strong>in</strong></span> <span class='ocrx_word' id='word_1_62' title='bbox 412 945 610 1000; x_wconf 82' lang='lat' dir='ltr'><strong>circumeundo</strong></span> <span class='ocrx_word' id='word_1_63' title='bbox 629 945 844 1016; x_wconf 72' lang='lat' dir='ltr'><strong>exercitum]</strong></span> <span class='ocrx_word' id='word_1_64' title='bbox 863 949 902 997; x_wconf 89' lang='lat' dir='ltr'><strong>sic</strong></span> <span class='ocrx_word' id='word_1_65' title='bbox 919 947 975 1011; x_wconf 79' lang='lat' dir='ltr'><strong>bi3</strong></span> <span class='ocrx_word' id='word_1_66' title='bbox 1002 964 1080 1001; x_wconf 81' lang='lat' dir='ltr'><strong>erer-</strong></span> 
     </span>
     <span class='ocr_line' id='line_1_9' title="bbox 100 1030 1016 1098; baseline 0.002 -15"><span class='ocrx_word' id='word_1_67' title='bbox 100 1030 168 1097; x_wconf 80' lang='lat' dir='ltr'><strong>ct&#39;tn,</strong></span> <span class='ocrx_word' id='word_1_68' title='bbox 188 1032 259 1096; x_wconf 89' lang='lat' dir='ltr'><strong>quod</strong></span> <span class='ocrx_word' id='word_1_69' title='bbox 278 1049 297 1088; x_wconf 84' lang='lat' dir='ltr'><strong>a</strong></span> <span class='ocrx_word' id='word_1_70' title='bbox 317 1035 407 1095; x_wconf 88' lang='lat' dir='ltr'><strong>habet,</strong></span> <span class='ocrx_word' id='word_1_71' title='bbox 426 1033 591 1098; x_wconf 85' lang='lat' dir='ltr'><strong>Nipperdey,</strong></span> <span class='ocrx_word' id='word_1_72' title='bbox 610 1033 732 1093; x_wconf 87' lang='lat' dir='ltr'><strong>Dtibner,</strong></span> <span class='ocrx_word' id='word_1_73' title='bbox 750 1033 847 1083; x_wconf 85' lang='lat' dir='ltr'><strong>Dinter</strong></span> <span class='ocrx_word' id='word_1_74' title='bbox 866 1033 1016 1086; x_wconf 86' lang='lat' dir='ltr'><strong>ediderunt.</strong></span> 
     </span>
    </p>

    <p class='ocr_par' dir='ltr' id='par_1_4' title="bbox 99 1116 1080 1430">
     <span class='ocr_line' id='line_1_10' title="bbox 203 1116 1079 1185; baseline 0.003 -18"><span class='ocrx_word' id='word_1_75' title='bbox 203 1135 225 1169; x_wconf 87' lang='lat' dir='ltr'><strong>c.</strong></span> <span class='ocrx_word' id='word_1_76' title='bbox 239 1120 281 1185; x_wconf 88' lang='lat'><strong>83,</strong></span> <span class='ocrx_word' id='word_1_77' title='bbox 293 1121 323 1170; x_wconf 79' lang='lat'><strong>4:</strong></span> <span class='ocrx_word' id='word_1_78' title='bbox 342 1120 408 1173; x_wconf 84' lang='lat' dir='ltr'><strong>item</strong></span> <span class='ocrx_word' id='word_1_79' title='bbox 420 1119 524 1172; x_wconf 84' lang='lat' dir='ltr'><strong>Mauri</strong></span> <span class='ocrx_word' id='word_1_80' title='bbox 542 1118 655 1185; x_wconf 77' lang='lat' dir='ltr'><strong>equites,</strong></span> <span class='ocrx_word' id='word_1_81' title='bbox 674 1117 724 1185; x_wconf 91' lang='lat' dir='ltr'><strong>qni</strong></span> <span class='ocrx_word' id='word_1_82' title='bbox 741 1117 773 1170; x_wconf 88' lang='lat' dir='ltr'><strong>in</strong></span> <span class='ocrx_word' id='word_1_83' title='bbox 791 1116 883 1171; x_wconf 85' lang='lat' dir='ltr'><strong>eodem</strong></span> <span class='ocrx_word' id='word_1_84' title='bbox 901 1133 990 1172; x_wconf 88' lang='lat' dir='ltr'><strong>cornn</strong></span> <span class='ocrx_word' id='word_1_85' title='bbox 1009 1137 1079 1171; x_wconf 86' lang='lat' dir='ltr'><strong>oum</strong></span> 
     </span>
     <span class='ocr_line' id='line_1_11' title="bbox 99 1204 1079 1276; baseline 0 -17"><span class='ocrx_word' id='word_1_86' title='bbox 99 1206 255 1274; x_wconf 78' lang='lat' dir='ltr'><strong>elephantis</strong></span> <span class='ocrx_word' id='word_1_87' title='bbox 273 1212 364 1274; x_wconf 88' lang='lat' dir='ltr'><strong>erunt,</strong></span> <span class='ocrx_word' id='word_1_88' title='bbox 380 1205 529 1275; x_wconf 84' lang='lat' dir='ltr'><strong>praesidio</strong></span> <span class='ocrx_word' id='word_1_89' title='bbox 549 1205 654 1258; x_wconf 76' lang='lat' dir='ltr'><strong>deserti</strong></span> <span class='ocrx_word' id='word_1_90' title='bbox 668 1204 815 1272; x_wconf 73' lang='lat' dir='ltr'><strong>principes</strong></span> <span class='ocrx_word' id='word_1_91' title='bbox 834 1204 979 1276; x_wconf 69' lang='lat' dir='ltr'><strong>sopiunt]</strong></span> <span class='ocrx_word' id='word_1_92' title='bbox 1009 1221 1079 1273; x_wconf 82' lang='lat' dir='ltr'><strong>cuns,</strong></span> 
     </span>
     <span class='ocr_line' id='line_1_12' title="bbox 99 1291 1080 1360; baseline -0.001 -16"><span class='ocrx_word' id='word_1_93' title='bbox 99 1295 172 1360; x_wconf 90' lang='lat' dir='ltr'><strong>quod</strong></span> <span class='ocrx_word' id='word_1_94' title='bbox 191 1300 253 1345; x_wconf 83' lang='lat' dir='ltr'><strong>ante</strong></span> <span class='ocrx_word' id='word_1_95' title='bbox 272 1294 467 1359; x_wconf 89' lang='lat' dir='ltr'><strong>Nipperdeium</strong></span> <span class='ocrx_word' id='word_1_96' title='bbox 489 1293 572 1342; x_wconf 89' lang='lat' dir='ltr'><strong>inseri</strong></span> <span class='ocrx_word' id='word_1_97' title='bbox 595 1291 714 1354; x_wconf 78' lang='lat' dir='ltr'><strong>solebat,</strong></span> <span class='ocrx_word' id='word_1_98' title='bbox 741 1293 926 1343; x_wconf 86' lang='lat' dir='ltr'><strong>necessarium</strong></span> <span class='ocrx_word' id='word_1_99' title='bbox 945 1308 1005 1343; x_wconf 85' lang='lat' dir='ltr'><strong>esec</strong></span> <span class='ocrx_word' id='word_1_100' title='bbox 1024 1309 1080 1343; x_wconf 91' lang='lat' dir='ltr'><strong>mo·</strong></span> 
     </span>
     <span class='ocr_line' id='line_1_13' title="bbox 99 1381 288 1430; baseline -0.005 0"><span class='ocrx_word' id='word_1_101' title='bbox 99 1382 158 1430; x_wconf 85' lang='lat' dir='ltr'><strong>nuit</strong></span> <span class='ocrx_word' id='word_1_102' title='bbox 175 1381 288 1430; x_wconf 82' lang='lat' dir='ltr'><strong>Kraner.</strong></span> 
     </span>
    </p>

    <p class='ocr_par' dir='ltr' id='par_1_5' title="bbox 99 1462 1082 2050">
     <span class='ocr_line' id='line_1_14' title="bbox 203 1462 1081 1534; baseline 0 -18"><span class='ocrx_word' id='word_1_103' title='bbox 203 1484 226 1516; x_wconf 86' lang='lat' dir='ltr'><strong>o.</strong></span> <span class='ocrx_word' id='word_1_104' title='bbox 245 1468 286 1528; x_wconf 83' lang='lat'><strong>84,</strong></span> <span class='ocrx_word' id='word_1_105' title='bbox 305 1468 387 1531; x_wconf 81' lang='lat' dir='ltr'><strong>2sq.:</strong></span> <span class='ocrx_word' id='word_1_106' title='bbox 406 1463 537 1532; x_wconf 78' lang='lat' dir='ltr'><strong>elephans</strong></span> <span class='ocrx_word' id='word_1_107' title='bbox 555 1491 590 1502; x_wconf 93' lang='lat'><strong>·-</strong></span> <span class='ocrx_word' id='word_1_108' title='bbox 607 1462 722 1516; x_wconf 81' lang='lat' dir='ltr'><strong>militent</strong></span> <span class='ocrx_word' id='word_1_109' title='bbox 736 1463 904 1534; x_wconf 80' lang='lat' dir='ltr'><strong>proboscide</strong></span> <span class='ocrx_word' id='word_1_110' title='bbox 921 1463 1081 1517; x_wconf 82' lang='lat' dir='ltr'><strong>circumdat</strong></span> 
     </span>
     <span class='ocr_line' id='line_1_15' title="bbox 99 1549 1080 1620; baseline -0.002 -16"><span class='ocrx_word' id='word_1_111' title='bbox 99 1557 183 1620; x_wconf 85' lang='lat' dir='ltr'><strong>atque</strong></span> <span class='ocrx_word' id='word_1_112' title='bbox 200 1553 232 1605; x_wconf 89' lang='lat' dir='ltr'><strong>in</strong></span> <span class='ocrx_word' id='word_1_113' title='bbox 250 1551 366 1605; x_wconf 81' lang='lat' dir='ltr'><strong>sublime</strong></span> <span class='ocrx_word' id='word_1_114' title='bbox 378 1549 496 1604; x_wconf 80' lang='lat' dir='ltr'><strong>extollit.</strong></span> <span class='ocrx_word' id='word_1_115' title='bbox 523 1554 663 1611; x_wconf 75' lang='lat' dir='ltr'><strong>orniatns,</strong></span> <span class='ocrx_word' id='word_1_116' title='bbox 682 1549 731 1616; x_wconf 87' lang='lat' dir='ltr'><strong>qni</strong></span> <span class='ocrx_word' id='word_1_117' title='bbox 749 1549 781 1601; x_wconf 84' lang='lat' dir='ltr'><strong>in</strong></span> <span class='ocrx_word' id='word_1_118' title='bbox 799 1549 937 1602; x_wconf 79' lang='lat' dir='ltr'><strong>eiusmodi</strong></span> <span class='ocrx_word' id='word_1_119' title='bbox 951 1549 1080 1617; x_wconf 89' lang='lat' dir='ltr'><strong>pericnlo</strong></span> 
     </span>
     <span class='ocr_line' id='line_1_16' title="bbox 99 1633 1081 1707; baseline -0.004 -15"><span class='ocrx_word' id='word_1_120' title='bbox 99 1644 261 1692; x_wconf 73' lang='lat' dir='ltr'><strong>constanter</strong></span> <span class='ocrx_word' id='word_1_121' title='bbox 281 1636 420 1707; x_wconf 76' lang='lat' dir='ltr'><strong>rependunt</strong></span> <span class='ocrx_word' id='word_1_122' title='bbox 443 1636 497 1688; x_wconf 87' lang='lat' dir='ltr'><strong>sibi</strong></span> <span class='ocrx_word' id='word_1_123' title='bbox 520 1636 628 1689; x_wconf 80' lang='lat' dir='ltr'><strong>rideret</strong></span> <span class='ocrx_word' id='word_1_124' title='bbox 646 1652 666 1689; x_wconf 92' lang='lat' dir='ltr'><strong>e.</strong></span> <span class='ocrx_word' id='word_1_125' title='bbox 686 1651 709 1702; x_wconf 90' lang='lat' dir='ltr'><strong>q.</strong></span> <span class='ocrx_word' id='word_1_126' title='bbox 729 1633 769 1705; x_wconf 70' lang='lat' dir='ltr'><strong>sl}</strong></span> <span class='ocrx_word' id='word_1_127' title='bbox 798 1640 959 1688; x_wconf 84' lang='lat' dir='ltr'><strong>nrmutns</strong></span> <span class='ocrx_word' id='word_1_128' title='bbox 987 1653 1081 1688; x_wconf 88' lang='lat' dir='ltr'><strong>omnes</strong></span> 
     </span>
     <span class='ocr_line' id='line_1_17' title="bbox 100 1722 1082 1789; baseline -0.004 -14"><span class='ocrx_word' id='word_1_129' title='bbox 100 1727 176 1776; x_wconf 85' lang='lat' dir='ltr'><strong>codd.</strong></span> <span class='ocrx_word' id='word_1_130' title='bbox 194 1726 296 1775; x_wconf 89' lang='lat' dir='ltr'><strong>babent</strong></span> <span class='ocrx_word' id='word_1_131' title='bbox 313 1730 421 1789; x_wconf 83' lang='lat' dir='ltr'><strong>praeter</strong></span> <span class='ocrx_word' id='word_1_132' title='bbox 439 1723 468 1784; x_wconf 83' lang='lat' dir='ltr'><strong>b,</strong></span> <span class='ocrx_word' id='word_1_133' title='bbox 487 1739 575 1789; x_wconf 88' lang='lat' dir='ltr'><strong>neque</strong></span> <span class='ocrx_word' id='word_1_134' title='bbox 594 1725 621 1772; x_wconf 90' lang='lat' dir='ltr'><strong>in</strong></span> <span class='ocrx_word' id='word_1_135' title='bbox 641 1723 698 1773; x_wconf 89' lang='lat' dir='ltr'><strong>ullo</strong></span> <span class='ocrx_word' id='word_1_136' title='bbox 715 1723 785 1773; x_wconf 91' lang='lat' dir='ltr'><strong>libro</strong></span> <span class='ocrx_word' id='word_1_137' title='bbox 804 1729 892 1773; x_wconf 82' lang='lat' dir='ltr'><strong>exstat</strong></span> <span class='ocrx_word' id='word_1_138' title='bbox 909 1737 989 1789; x_wconf 82' lang='lat' dir='ltr'><strong>cnm,</strong></span> <span class='ocrx_word' id='word_1_139' title='bbox 1008 1722 1082 1788; x_wconf 88' lang='lat' dir='ltr'><strong>quod</strong></span> 
     </span>
     <span class='ocr_line' id='line_1_18' title="bbox 99 1809 1082 1877; baseline -0.003 -16"><span class='ocrx_word' id='word_1_140' title='bbox 99 1815 127 1861; x_wconf 95' lang='lat' dir='ltr'><strong>in</strong></span> <span class='ocrx_word' id='word_1_141' title='bbox 152 1812 265 1877; x_wconf 82' lang='lat' dir='ltr'><strong>vulgata</strong></span> <span class='ocrx_word' id='word_1_142' title='bbox 292 1811 424 1872; x_wconf 89' lang='lat' dir='ltr'><strong>lectione,</strong></span> <span class='ocrx_word' id='word_1_143' title='bbox 452 1825 531 1874; x_wconf 87' lang='lat' dir='ltr'><strong>quam</strong></span> <span class='ocrx_word' id='word_1_144' title='bbox 556 1809 712 1874; x_wconf 75' lang='lat' dir='ltr'><strong>Nipperdey</strong></span> <span class='ocrx_word' id='word_1_145' title='bbox 731 1815 757 1860; x_wconf 90' lang='lat' dir='ltr'><strong>et</strong></span> <span class='ocrx_word' id='word_1_146' title='bbox 774 1810 887 1859; x_wconf 88' lang='lat' dir='ltr'><strong>Diibuer</strong></span> <span class='ocrx_word' id='word_1_147' title='bbox 911 1810 1082 1859; x_wconf 85' lang='lat' dir='ltr'><strong>retinuerunt</strong></span> 
     </span>
     <span class='ocr_line' id='line_1_19' title="bbox 101 1894 1081 1962; baseline -0.003 -13"><span class='ocrx_word' id='word_1_148' title='bbox 101 1903 154 1960; x_wconf 77' lang='lat' dir='ltr'><strong>l...</strong></span> <span class='ocrx_word' id='word_1_149' title='bbox 169 1896 277 1949; x_wconf 78' lang='lat' dir='ltr'><strong>extollit</strong></span> <span class='ocrx_word' id='word_1_150' title='bbox 302 1899 452 1947; x_wconf 82' lang='lat' dir='ltr'><strong>armatum.</strong></span> <span class='ocrx_word' id='word_1_151' title='bbox 483 1895 532 1961; x_wconf 85' lang='lat' dir='ltr'><strong>qui</strong></span> <span class='ocrx_word' id='word_1_152' title='bbox 555 1895 586 1947; x_wconf 85' lang='lat' dir='ltr'><strong>in</strong></span> <span class='ocrx_word' id='word_1_153' title='bbox 610 1894 748 1948; x_wconf 82' lang='lat' dir='ltr'><strong>eiusmodi</strong></span> <span class='ocrx_word' id='word_1_154' title='bbox 768 1894 896 1962; x_wconf 84' lang='lat' dir='ltr'><strong>periculo</strong></span> <span class='ocrx_word' id='word_1_155' title='bbox 919 1910 992 1948; x_wconf 78' lang='lat' dir='ltr'><strong>enni</strong></span> <span class='ocrx_word' id='word_1_156' title='bbox 1016 1909 1081 1947; x_wconf 91' lang='lat' dir='ltr'><strong>con·</strong></span> 
     </span>
     <span class='ocr_line' id='line_1_20' title="bbox 99 1980 781 2050; baseline -0.001 -16"><span class='ocrx_word' id='word_1_157' title='bbox 99 1988 209 2035; x_wconf 85' lang='lat' dir='ltr'><strong>stanter</strong></span> <span class='ocrx_word' id='word_1_158' title='bbox 227 1981 366 2050; x_wconf 83' lang='lat' dir='ltr'><strong>opendnm</strong></span> <span class='ocrx_word' id='word_1_159' title='bbox 385 1980 440 2033; x_wconf 86' lang='lat' dir='ltr'><strong>sibi</strong></span> <span class='ocrx_word' id='word_1_160' title='bbox 457 1981 583 2048; x_wconf 81' lang='lat' dir='ltr'><strong>rideret),</strong></span> <span class='ocrx_word' id='word_1_161' title='bbox 601 1983 781 2034; x_wconf 83' lang='lat' dir='ltr'><strong>inserebatur.</strong></span> 
     </span>
    </p>

    <p class='ocr_par' dir='ltr' id='par_1_6' title="bbox 100 2051 1082 2293">
     <span class='ocr_line' id='line_1_21' title="bbox 203 2051 1081 2136; baseline -0.001 -18"><span class='ocrx_word' id='word_1_162' title='bbox 203 2051 232 2121; x_wconf 50' lang='lat' dir='ltr'><strong>cs</strong></span> <span class='ocrx_word' id='word_1_163' title='bbox 244 2071 286 2132; x_wconf 82' lang='lat'><strong>85,</strong></span> <span class='ocrx_word' id='word_1_164' title='bbox 305 2070 334 2117; x_wconf 80' lang='lat'><strong>5:</strong></span> <span class='ocrx_word' id='word_1_165' title='bbox 361 2067 497 2119; x_wconf 79' lang='lat' dir='ltr'><strong>csentinern</strong></span> <span class='ocrx_word' id='word_1_166' title='bbox 516 2067 556 2120; x_wconf 86' lang='lat' dir='ltr'><strong>ibi</strong></span> <span class='ocrx_word' id='word_1_167' title='bbox 574 2082 632 2120; x_wconf 87' lang='lat' dir='ltr'><strong>esse</strong></span> <span class='ocrx_word' id='word_1_168' title='bbox 646 2064 814 2136; x_wconf 72' lang='lat' dir='ltr'><strong>praesidio]</strong></span> <span class='ocrx_word' id='word_1_169' title='bbox 838 2069 941 2118; x_wconf 87' lang='lat' dir='ltr'><strong>removi</strong></span> <span class='ocrx_word' id='word_1_170' title='bbox 958 2068 1012 2117; x_wconf 84' lang='lat' dir='ltr'><strong>iarn</strong></span> <span class='ocrx_word' id='word_1_171' title='bbox 1032 2083 1081 2117; x_wconf 89' lang='lat' dir='ltr'><strong>un·</strong></span> 
     </span>
     <span class='ocr_line' id='line_1_22' title="bbox 100 2151 1082 2221; baseline -0.004 -15"><span class='ocrx_word' id='word_1_172' title='bbox 100 2173 160 2221; x_wconf 89' lang='lat' dir='ltr'><strong>cos,</strong></span> <span class='ocrx_word' id='word_1_173' title='bbox 187 2157 285 2220; x_wconf 88' lang='lat' dir='ltr'><strong>quibus</strong></span> <span class='ocrx_word' id='word_1_174' title='bbox 310 2153 375 2203; x_wconf 90' lang='lat' dir='ltr'><strong>olim</strong></span> <span class='ocrx_word' id='word_1_175' title='bbox 394 2153 588 2219; x_wconf 90' lang='lat' dir='ltr'><strong>Nipperdeium</strong></span> <span class='ocrx_word' id='word_1_176' title='bbox 612 2159 721 2203; x_wconf 88' lang='lat' dir='ltr'><strong>secutus</strong></span> <span class='ocrx_word' id='word_1_177' title='bbox 745 2169 838 2203; x_wconf 86' lang='lat' dir='ltr'><strong>vocem</strong></span> <span class='ocrx_word' id='word_1_178' title='bbox 863 2151 1012 2219; x_wconf 80' lang='lat' dir='ltr'><strong>praesidio</strong></span> <span class='ocrx_word' id='word_1_179' title='bbox 1041 2155 1082 2202; x_wconf 90' lang='lat' dir='ltr'><strong>in·</strong></span> 
     </span>
     <span class='ocr_line' id='line_1_23' title="bbox 100 2244 244 2293; baseline -0.021 0"><span class='ocrx_word' id='word_1_180' title='bbox 100 2244 244 2293; x_wconf 75' lang='lat' dir='ltr'><strong>clusorem.</strong></span> 
     </span>
    </p>

    <p class='ocr_par' dir='ltr' id='par_1_7' title="bbox 100 2323 1081 2725">
     <span class='ocr_line' id='line_1_24' title="bbox 203 2323 1081 2393; baseline -0.002 -15"><span class='ocrx_word' id='word_1_181' title='bbox 203 2346 226 2378; x_wconf 84' lang='lat' dir='ltr'><strong>o.</strong></span> <span class='ocrx_word' id='word_1_182' title='bbox 245 2330 286 2391; x_wconf 79' lang='lat'><strong>86,</strong></span> <span class='ocrx_word' id='word_1_183' title='bbox 305 2330 334 2376; x_wconf 78' lang='lat'><strong>2:</strong></span> <span class='ocrx_word' id='word_1_184' title='bbox 363 2326 577 2393; x_wconf 75' lang='lat' dir='ltr'><strong>elephantosque</strong></span> <span class='ocrx_word' id='word_1_185' title='bbox 595 2324 653 2377; x_wconf 89' lang='lat' dir='ltr'><strong>LX</strong></span> <span class='ocrx_word' id='word_1_186' title='bbox 671 2328 789 2376; x_wconf 87' lang='lat' dir='ltr'><strong>ornatos</strong></span> <span class='ocrx_word' id='word_1_187' title='bbox 808 2328 986 2391; x_wconf 82' lang='lat' dir='ltr'><strong>arnratosqne</strong></span> <span class='ocrx_word' id='word_1_188' title='bbox 1007 2323 1081 2392; x_wconf 85' lang='lat' dir='ltr'><strong>[cnm</strong></span> 
     </span>
     <span class='ocr_line' id='line_1_25' title="bbox 100 2410 1081 2482; baseline -0.008 -13"><span class='ocrx_word' id='word_1_189' title='bbox 100 2416 228 2470; x_wconf 81' lang='lat' dir='ltr'><strong>tnrribns</strong></span> <span class='ocrx_word' id='word_1_190' title='bbox 253 2414 479 2480; x_wconf 79' lang='lat' dir='ltr'><strong>orrsonsentisqne</strong></span> <span class='ocrx_word' id='word_1_191' title='bbox 502 2412 589 2481; x_wconf 84' lang='lat' dir='ltr'><strong>capit]</strong></span> <span class='ocrx_word' id='word_1_192' title='bbox 617 2410 734 2482; x_wconf 74' lang='lat' dir='ltr'><strong>captos]</strong></span> <span class='ocrx_word' id='word_1_193' title='bbox 762 2414 848 2463; x_wconf 86' lang='lat' dir='ltr'><strong>verba</strong></span> <span class='ocrx_word' id='word_1_194' title='bbox 864 2413 972 2462; x_wconf 87' lang='lat' dir='ltr'><strong>inclusa</strong></span> <span class='ocrx_word' id='word_1_195' title='bbox 990 2426 1007 2461; x_wconf 85' lang='lat' dir='ltr'><strong>a</strong></span> <span class='ocrx_word' id='word_1_196' title='bbox 1024 2426 1081 2462; x_wconf 77' lang='lat' dir='ltr'><strong>ms·</strong></span> 
     </span>
     <span class='ocr_line' id='line_1_26' title="bbox 100 2496 1080 2570; baseline -0.007 -18"><span class='ocrx_word' id='word_1_197' title='bbox 100 2506 183 2570; x_wconf 82' lang='lat' dir='ltr'><strong>gistro</strong></span> <span class='ocrx_word' id='word_1_198' title='bbox 203 2504 321 2567; x_wconf 80' lang='lat' dir='ltr'><strong>ascripta</strong></span> <span class='ocrx_word' id='word_1_199' title='bbox 341 2517 407 2562; x_wconf 86' lang='lat' dir='ltr'><strong>esse,</strong></span> <span class='ocrx_word' id='word_1_200' title='bbox 432 2502 478 2565; x_wconf 91' lang='lat' dir='ltr'><strong>qui</strong></span> <span class='ocrx_word' id='word_1_201' title='bbox 497 2503 614 2550; x_wconf 84' lang='lat' dir='ltr'><strong>ornatos</strong></span> <span class='ocrx_word' id='word_1_202' title='bbox 633 2502 811 2564; x_wconf 84' lang='lat' dir='ltr'><strong>armatosque</strong></span> <span class='ocrx_word' id='word_1_203' title='bbox 833 2497 968 2563; x_wconf 80' lang='lat' dir='ltr'><strong>explicare</strong></span> <span class='ocrx_word' id='word_1_204' title='bbox 987 2496 1080 2561; x_wconf 83' lang='lat' dir='ltr'><strong>vellet,</strong></span> 
     </span>
     <span class='ocr_line' id='line_1_27' title="bbox 100 2584 1081 2649; baseline -0.009 -9"><span class='ocrx_word' id='word_1_205' title='bbox 100 2596 172 2640; x_wconf 84' lang='lat' dir='ltr'><strong>recte</strong></span> <span class='ocrx_word' id='word_1_206' title='bbox 195 2589 301 2637; x_wconf 88' lang='lat' dir='ltr'><strong>monuit</strong></span> <span class='ocrx_word' id='word_1_207' title='bbox 323 2588 436 2636; x_wconf 83' lang='lat' dir='ltr'><strong>Kraner.</strong></span> <span class='ocrx_word' id='word_1_208' title='bbox 467 2585 556 2635; x_wconf 87' lang='lat' dir='ltr'><strong>simile</strong></span> <span class='ocrx_word' id='word_1_209' title='bbox 584 2585 853 2649; x_wconf 83' lang='lat' dir='ltr'><strong>interpretamentum</strong></span> <span class='ocrx_word' id='word_1_210' title='bbox 882 2598 964 2648; x_wconf 76' lang='lat' dir='ltr'><strong>supra</strong></span> <span class='ocrx_word' id='word_1_211' title='bbox 991 2600 1014 2634; x_wconf 90' lang='lat' dir='ltr'><strong>o.</strong></span> <span class='ocrx_word' id='word_1_212' title='bbox 1038 2584 1081 2647; x_wconf 84' lang='lat'><strong>41,</strong></span> 
     </span>
     <span class='ocr_line' id='line_1_28' title="bbox 100 2679 230 2725; baseline -0.031 0"><span class='ocrx_word' id='word_1_213' title='bbox 100 2679 230 2725; x_wconf 69' lang='lat' dir='ltr'><strong>iexstat.</strong></span> 
     </span>
    </p>

    <p class='ocr_par' dir='ltr' id='par_1_8' title="bbox 100 2753 1082 3080">
     <span class='ocr_line' id='line_1_29' title="bbox 204 2753 1082 2823; baseline -0.003 -14"><span class='ocrx_word' id='word_1_214' title='bbox 204 2777 226 2809; x_wconf 88' lang='lat' dir='ltr'><strong>c.</strong></span> <span class='ocrx_word' id='word_1_215' title='bbox 245 2761 287 2818; x_wconf 81' lang='lat'><strong>88,</strong></span> <span class='ocrx_word' id='word_1_216' title='bbox 306 2760 334 2806; x_wconf 83' lang='lat'><strong>4:</strong></span> <span class='ocrx_word' id='word_1_217' title='bbox 363 2756 411 2823; x_wconf 91' lang='lat' dir='ltr'><strong>qni</strong></span> <span class='ocrx_word' id='word_1_218' title='bbox 436 2755 455 2808; x_wconf 88' lang='lat' dir='ltr'><strong>d</strong></span> <span class='ocrx_word' id='word_1_219' title='bbox 461 2773 480 2808; x_wconf 89' lang='lat' dir='ltr'><strong>n</strong></span> <span class='ocrx_word' id='word_1_220' title='bbox 488 2773 515 2808; x_wconf 78' lang='lat' dir='ltr'><strong>ns</strong></span> <span class='ocrx_word' id='word_1_221' title='bbox 539 2755 637 2808; x_wconf 79' lang='lat' dir='ltr'><strong>citima</strong></span> <span class='ocrx_word' id='word_1_222' title='bbox 654 2754 781 2807; x_wconf 82' lang='lat' dir='ltr'><strong>nortdnrn</strong></span> <span class='ocrx_word' id='word_1_223' title='bbox 799 2753 949 2822; x_wconf 79' lang='lat' dir='ltr'><strong>esspiruto</strong></span> <span class='ocrx_word' id='word_1_224' title='bbox 968 2753 1082 2807; x_wconf 88' lang='lat' dir='ltr'><strong>eonci-</strong></span> 
     </span>
     <span class='ocr_line' id='line_1_30' title="bbox 101 2839 1081 2909; baseline -0.004 -11"><span class='ocrx_word' id='word_1_225' title='bbox 101 2846 211 2898; x_wconf 86' lang='lat' dir='ltr'><strong>disset</strong></span> <span class='ocrx_word' id='word_1_226' title='bbox 236 2849 262 2897; x_wconf 93' lang='lat' dir='ltr'><strong>et</strong></span> <span class='ocrx_word' id='word_1_227' title='bbox 279 2873 314 2884; x_wconf 88' lang='lat'>-</span> <span class='ocrx_word' id='word_1_228' title='bbox 332 2843 456 2896; x_wconf 83' lang='lat' dir='ltr'><strong>medicus</strong></span> <span class='ocrx_word' id='word_1_229' title='bbox 480 2842 694 2909; x_wconf 73' lang='lat' dir='ltr'><strong>fertilioresque</strong></span> <span class='ocrx_word' id='word_1_230' title='bbox 716 2841 859 2894; x_wconf 89' lang='lat' dir='ltr'><strong>continere</strong></span> <span class='ocrx_word' id='word_1_231' title='bbox 877 2845 961 2907; x_wconf 88' lang='lat' dir='ltr'><strong>otqne</strong></span> <span class='ocrx_word' id='word_1_232' title='bbox 977 2839 1081 2894; x_wconf 67' lang='lat' dir='ltr'><strong>ondins</strong></span> 
     </span>
     <span class='ocr_line' id='line_1_31' title="bbox 100 2926 1081 3000; baseline -0.009 -15"><span class='ocrx_word' id='word_1_233' title='bbox 100 2931 223 3000; x_wconf 86' lang='lat' dir='ltr'><strong>oblipore</strong></span> <span class='ocrx_word' id='word_1_234' title='bbox 242 2926 458 2998; x_wconf 73' lang='lat' dir='ltr'><strong>coepissent]</strong></span> <span class='ocrx_word' id='word_1_235' title='bbox 487 2927 553 2980; x_wconf 71' lang='lat' dir='ltr'><strong>diens</strong></span> <span class='ocrx_word' id='word_1_236' title='bbox 573 2928 665 2988; x_wconf 89' lang='lat' dir='ltr'><strong>codd.;</strong></span> <span class='ocrx_word' id='word_1_237' title='bbox 692 2927 775 2993; x_wconf 84' lang='lat' dir='ltr'><strong>vulgo</strong></span> <span class='ocrx_word' id='word_1_238' title='bbox 794 2943 866 2980; x_wconf 82' lang='lat' dir='ltr'><strong>cnm.</strong></span> <span class='ocrx_word' id='word_1_239' title='bbox 893 2928 926 2978; x_wconf 81' lang='lat' dir='ltr'><strong>oi.</strong></span> <span class='ocrx_word' id='word_1_240' title='bbox 945 2942 1029 2993; x_wconf 74' lang='lat' dir='ltr'><strong>supro</strong></span> <span class='ocrx_word' id='word_1_241' title='bbox 1045 2926 1081 2977; x_wconf 80' lang='lat' dir='ltr'><strong>ed</strong></span> 
     </span>
     <span class='ocr_line' id='line_1_32' title="bbox 101 3019 227 3080; baseline -0.016 -11"><span class='ocrx_word' id='word_1_242' title='bbox 101 3037 123 3069; x_wconf 90' lang='lat' dir='ltr'><strong>c.</strong></span> <span class='ocrx_word' id='word_1_243' title='bbox 144 3019 185 3080; x_wconf 78' lang='lat'><strong>25,</strong></span> <span class='ocrx_word' id='word_1_244' title='bbox 204 3020 227 3067; x_wconf 82' lang='lat'><strong>2.</strong></span> 
     </span>
    </p>

    <p class='ocr_par' dir='ltr' id='par_1_9' title="bbox 99 3097 1082 3602">
     <span class='ocr_line' id='line_1_33' title="bbox 203 3097 1081 3169; baseline 0.001 -17"><span class='ocrx_word' id='word_1_245' title='bbox 203 3119 225 3153; x_wconf 85' lang='lat' dir='ltr'><strong>o.</strong></span> <span class='ocrx_word' id='word_1_246' title='bbox 244 3105 285 3165; x_wconf 80' lang='lat'><strong>90,</strong></span> <span class='ocrx_word' id='word_1_247' title='bbox 299 3108 327 3152; x_wconf 82' lang='lat'><strong>5:</strong></span> <span class='ocrx_word' id='word_1_248' title='bbox 346 3101 442 3169; x_wconf 81' lang='lat' dir='ltr'><strong>itaque</strong></span> <span class='ocrx_word' id='word_1_249' title='bbox 460 3101 512 3154; x_wconf 84' lang='lat' dir='ltr'><strong>bis</strong></span> <span class='ocrx_word' id='word_1_250' title='bbox 531 3100 620 3154; x_wconf 84' lang='lat' dir='ltr'><strong>milies</strong></span> <span class='ocrx_word' id='word_1_251' title='bbox 639 3100 768 3154; x_wconf 88' lang='lat' dir='ltr'><strong>sestertio</strong></span> <span class='ocrx_word' id='word_1_252' title='bbox 786 3100 831 3152; x_wconf 73' lang='lat' dir='ltr'><strong>liis</strong></span> <span class='ocrx_word' id='word_1_253' title='bbox 850 3097 1000 3169; x_wconf 73' lang='lat' dir='ltr'><strong>imposito]</strong></span> <span class='ocrx_word' id='word_1_254' title='bbox 1018 3097 1081 3166; x_wconf 86' lang='lat' dir='ltr'><strong>bis,</strong></span> 
     </span>
     <span class='ocr_line' id='line_1_34' title="bbox 101 3183 1081 3258; baseline -0.004 -18"><span class='ocrx_word' id='word_1_255' title='bbox 101 3190 173 3258; x_wconf 87' lang='lat' dir='ltr'><strong>quod</strong></span> <span class='ocrx_word' id='word_1_256' title='bbox 191 3196 219 3241; x_wconf 92' lang='lat' dir='ltr'><strong>et</strong></span> <span class='ocrx_word' id='word_1_257' title='bbox 236 3189 252 3243; x_wconf 81' lang='lat' dir='ltr'><strong>i</strong></span> <span class='ocrx_word' id='word_1_258' title='bbox 267 3194 294 3239; x_wconf 89' lang='lat' dir='ltr'><strong>et</strong></span> <span class='ocrx_word' id='word_1_259' title='bbox 311 3187 409 3254; x_wconf 87' lang='lat' dir='ltr'><strong>reliqui</strong></span> <span class='ocrx_word' id='word_1_260' title='bbox 429 3188 505 3238; x_wconf 86' lang='lat' dir='ltr'><strong>codd.</strong></span> <span class='ocrx_word' id='word_1_261' title='bbox 525 3190 644 3254; x_wconf 83' lang='lat' dir='ltr'><strong>exceptis</strong></span> <span class='ocrx_word' id='word_1_262' title='bbox 664 3187 730 3241; x_wconf 82' lang='lat' dir='ltr'><strong>ube</strong></span> <span class='ocrx_word' id='word_1_263' title='bbox 748 3187 864 3250; x_wconf 83' lang='lat' dir='ltr'><strong>habent,</strong></span> <span class='ocrx_word' id='word_1_264' title='bbox 892 3192 923 3236; x_wconf 91' lang='lat' dir='ltr'><strong>ut</strong></span> <span class='ocrx_word' id='word_1_265' title='bbox 941 3191 1023 3237; x_wconf 82' lang='lat' dir='ltr'><strong>antea</strong></span> <span class='ocrx_word' id='word_1_266' title='bbox 1040 3183 1081 3236; x_wconf 82' lang='lat' dir='ltr'><strong>re·</strong></span> 
     </span>
     <span class='ocr_line' id='line_1_35' title="bbox 99 3271 1082 3340; baseline -0.005 -13"><span class='ocrx_word' id='word_1_267' title='bbox 99 3278 182 3340; x_wconf 81' lang='lat' dir='ltr'><strong>tinui3</strong></span> <span class='ocrx_word' id='word_1_268' title='bbox 211 3272 388 3326; x_wconf 84' lang='lat' dir='ltr'><strong>verisimilius</strong></span> <span class='ocrx_word' id='word_1_269' title='bbox 416 3274 488 3324; x_wconf 88' lang='lat' dir='ltr'><strong>cuim</strong></span> <span class='ocrx_word' id='word_1_270' title='bbox 516 3279 558 3322; x_wconf 86' lang='lat' dir='ltr'><strong>cst</strong></span> <span class='ocrx_word' id='word_1_271' title='bbox 584 3273 711 3323; x_wconf 78' lang='lat' dir='ltr'><strong>voculam</strong></span> <span class='ocrx_word' id='word_1_272' title='bbox 737 3272 815 3322; x_wconf 83' lang='lat' dir='ltr'><strong>illam</strong></span> <span class='ocrx_word' id='word_1_273' title='bbox 843 3287 908 3322; x_wconf 86' lang='lat' dir='ltr'><strong>casu</strong></span> <span class='ocrx_word' id='word_1_274' title='bbox 936 3271 1082 3335; x_wconf 82' lang='lat' dir='ltr'><strong>excidisse,</strong></span> 
     </span>
     <span class='ocr_line' id='line_1_36' title="bbox 101 3357 1081 3429; baseline -0.005 -16"><span class='ocrx_word' id='word_1_275' title='bbox 101 3379 180 3429; x_wconf 80' lang='lat' dir='ltr'><strong>quam</strong></span> <span class='ocrx_word' id='word_1_276' title='bbox 200 3378 233 3411; x_wconf 84' lang='lat' dir='ltr'><strong>ex</strong></span> <span class='ocrx_word' id='word_1_277' title='bbox 251 3360 423 3410; x_wconf 83' lang='lat' dir='ltr'><strong>librariorum</strong></span> <span class='ocrx_word' id='word_1_278' title='bbox 442 3358 556 3409; x_wconf 87' lang='lat' dir='ltr'><strong>libidine</strong></span> <span class='ocrx_word' id='word_1_279' title='bbox 574 3360 701 3409; x_wconf 83' lang='lat' dir='ltr'><strong>insertam</strong></span> <span class='ocrx_word' id='word_1_280' title='bbox 723 3373 792 3409; x_wconf 85' lang='lat' dir='ltr'><strong>esee.</strong></span> <span class='ocrx_word' id='word_1_281' title='bbox 810 3364 841 3408; x_wconf 92' lang='lat' dir='ltr'><strong>ut</strong></span> <span class='ocrx_word' id='word_1_282' title='bbox 858 3373 923 3408; x_wconf 83' lang='lat' dir='ltr'><strong>vero</strong></span> <span class='ocrx_word' id='word_1_283' title='bbox 943 3357 1081 3409; x_wconf 83' lang='lat' dir='ltr'><strong>crederem</strong></span> 
     </span>
     <span class='ocr_line' id='line_1_37' title="bbox 100 3438 1082 3510; baseline -0.008 -9"><span class='ocrx_word' id='word_1_284' title='bbox 100 3442 152 3501; x_wconf 78' lang='lat' dir='ltr'><strong>‘bis</strong></span> <span class='ocrx_word' id='word_1_285' title='bbox 177 3466 209 3499; x_wconf 86' lang='lat' dir='ltr'><strong>ex</strong></span> <span class='ocrx_word' id='word_1_286' title='bbox 233 3446 277 3498; x_wconf 81' lang='lat' dir='ltr'><strong>bis</strong></span> <span class='ocrx_word' id='word_1_287' title='bbox 305 3446 359 3496; x_wconf 87' lang='lat' dir='ltr'><strong>alio</strong></span> <span class='ocrx_word' id='word_1_288' title='bbox 386 3446 445 3496; x_wconf 91' lang='lat' dir='ltr'><strong>loco</strong></span> <span class='ocrx_word' id='word_1_289' title='bbox 469 3446 557 3510; x_wconf 90' lang='lat' dir='ltr'><strong>posito</strong></span> <span class='ocrx_word' id='word_1_290' title='bbox 580 3445 681 3496; x_wconf 82' lang='lat' dir='ltr'><strong>facturn</strong></span> <span class='ocrx_word' id='word_1_291' title='bbox 706 3438 789 3507; x_wconf 88' lang='lat' dir='ltr'><strong>esse‘,</strong></span> <span class='ocrx_word' id='word_1_292' title='bbox 816 3445 923 3495; x_wconf 80' lang='lat' dir='ltr'><strong>Kraner</strong></span> <span class='ocrx_word' id='word_1_293' title='bbox 940 3442 1009 3494; x_wconf 89' lang='lat' dir='ltr'><strong>mihi</strong></span> <span class='ocrx_word' id='word_1_294' title='bbox 1025 3457 1082 3495; x_wconf 86' lang='lat' dir='ltr'><strong>nou</strong></span> 
     </span>
     <span class='ocr_line' id='line_1_38' title="bbox 100 3535 242 3602; baseline -0.007 -18"><span class='ocrx_word' id='word_1_295' title='bbox 100 3535 242 3602; x_wconf 86' lang='lat' dir='ltr'><strong>persuasit.</strong></span> 
     </span>
    </p>
   </div>
   <div class='ocr_carea' id='block_1_3' title="bbox 0 0 1195 3924">
    <p class='ocr_par' dir='ltr' id='par_1_10' title="bbox 0 0 1195 3924">
     <span class='ocr_line' id='line_1_39' title="bbox 0 0 1195 3924; baseline 0 0"><span class='ocrx_word' id='word_1_296' title='bbox 0 0 1195 3924; x_wconf 95' lang='lat' dir='ltr'><strong> </strong></span> 
     </span>
    </p>
   </div>
  </div>
 </body>
</html>
