2376 3924
440 217 519 271 cm.
537 220 647 270 so-as.
969 218 1033 285 287

56 407 192 472 discedit
221 418 319 492 atque
346 407 389 472 ad
417 407 526 471 villam
559 431 651 472 suam
679 430 714 471 se
741 430 816 472 cum
838 410 883 473 M.
906 409 1034 473 Petreio

55 514 230 596 paucisque
253 511 415 597 equitibus
438 512 571 577 confert.

141 615 192 678 92.
229 617 405 680 Zamenses
434 619 563 681 interim
584 615 708 701 legatos
735 615 776 681 de
798 616 849 681 his
870 615 969 680 rebus
991 616 1036 680 ad

56 717 229 782 Caesarem
261 720 392 784 Uticam
426 723 558 784 mittunt
591 730 768 806 petuntque
806 720 848 784 ab
885 742 938 802 eo,
976 722 1034 802 nti,

56 832 230 907 antequam
252 845 314 887 rex
336 846 469 887 manum
484 823 648 908 colligeret
663 846 798 910 seseque
821 834 1034 910 oppugnaret,

56 925 116 988 sibi
139 927 295 991 auxilium
324 931 482 993 mitteret:
516 951 551 994 se
573 939 683 993 tamen
705 938 836 1014 paratos
858 950 944 1010 esse,
973 927 1035 992 sibi

56 1028 164 1113 quoad
187 1034 256 1095 vita
278 1042 480 1118 suppeteret,
504 1031 658 1118 oppidum
681 1054 781 1117 seque
804 1033 832 1096 ei
854 1053 1033 1096 reservare.

56 1134 198 1218 Legatos
220 1134 417 1200 collaudatos
433 1134 554 1201 Caesar
577 1134 709 1200 domum
730 1135 821 1200 iubet
842 1135 1057 1200 antecederet

56 1259 95 1300 ac
122 1260 216 1303 suum
244 1239 421 1304 adventum
444 1242 683 1326 praenuntiare.
728 1239 804 1325 Ipse
832 1249 960 1324 postero
982 1239 1036 1303 die

56 1341 152 1406 Utica
174 1365 324 1427 egressus
352 1366 426 1409 cnm
449 1346 594 1429 equitatu
616 1346 649 1407 in
670 1365 808 1427 regnum
837 1345 885 1406 ire
907 1352 1035 1406 conten-

57 1446 112 1511 dit.
157 1446 292 1511 Interim
319 1450 353 1512 in
380 1450 494 1513 itinere
516 1469 560 1511 ex
582 1449 679 1532 regiis
708 1449 807 1533 copiis
829 1446 929 1511 duces
951 1462 1057 1510 com-³

57 1551 164 1636 plures
187 1551 229 1615 ad
252 1550 427 1616 Caesarem
450 1555 584 1617 veniunt
607 1562 781 1637 orantque,
804 1559 841 1614 ut
862 1549 924 1614 sibi
946 1552 1033 1635 igno

57 1664 135 1718 scat.
180 1654 308 1736 Quibus
336 1655 534 1742 supplicibus
564 1658 661 1720 venia
693 1654 772 1720 data
794 1656 931 1719 Zamam
963 1667 1057 1739 per-4

56 1761 154 1822 venit.
200 1761 343 1825 Rumore
366 1763 496 1825 interim
518 1760 641 1846 perlato
663 1759 705 1824 de
728 1761 797 1823 eius
819 1758 951 1823 lenitate
974 1757 1035 1822 cle·

57 1866 241 1949 mentiaqne
256 1863 490 1950 propemodum
511 1885 623 1928 omnes
644 1865 737 1948 regni
759 1863 884 1948 equites
899 1863 1036 1927 Zamam

57 1970 250 2053 perveniunt
282 1967 325 2032 ad
348 1966 523 2034 Caesarem
544 1967 587 2032 ab
617 1989 720 2054 coque
748 1976 823 2031 sunt
843 1975 934 2030 metu
955 1967 1035 2051 peri·

10 2105 13 2116 ›
57 2071 193 2157 culoque
214 2071 350 2137 liberati.

143 2176 194 2240 93.
228 2177 319 2241 Dum
340 2176 422 2243 haec
448 2176 622 2262 utrobique
648 2185 822 2262 geruntur,
853 2173 1035 2255 Considius,

58 2282 113 2364 qui
146 2278 307 2345 Thisdrae
340 2302 415 2345 cum
446 2279 568 2344 familia
600 2303 673 2362 sua,
712 2278 904 2364 gladiatoria
936 2299 1036 2341 mann

58 2383 269 2468 Gaetulisque
292 2393 452 2469 praeerat,
476 2386 605 2469 cognita
626 2382 728 2447 caede
742 2403 876 2445 suarum
888 2381 1035 2444 Domitii·

57 2508 121 2571 que
143 2498 177 2552 et
197 2486 360 2572 legionum
374 2488 519 2552 adventu
533 2489 722 2574 perterritus
744 2486 919 2572 desperata
932 2485 1034 2550 salute

58 2590 213 2677 oppidum
239 2591 361 2657 deserit
387 2614 487 2678 seque
519 2591 603 2656 clam
636 2613 710 2656 cum
743 2593 853 2676 paucis
886 2588 1036 2654 barbaris

57 2699 196 2780 pecnnia
224 2705 358 2761 onustus
386 2695 538 2761 subducit
570 2704 671 2780 atque
698 2697 732 2759 in
758 2715 896 2780 regnum
922 2692 1036 2777 fugere

58 2801 232 2865 contendit.
277 2800 387 2881 Quem
408 2798 555 2882 Gaetuli,
589 2800 639 2864 sui
672 2800 821 2879 comites,
854 2799 888 2861 in
920 2799 1058 2861 itineres

58 2903 200 2987 praedae
222 2904 332 2990 cupidi
360 2903 534 2970 concidunt
562 2924 662 2988 seque
684 2904 719 2968 in
740 2923 961 2988 quascumque
983 2922 1039 2986 po·

57 3015 149 3071 tuere
182 3018 291 3093 partes
324 3008 503 3073 conferunt
548 3006 585 3073 Ο.
607 3009 736 3072 interim
757 3005 931 3091 Vergilius,
953 3014 1058 3090 post-³

58 3130 158 3194 quam
179 3120 268 3177 terra
289 3115 437 3198 mamque
458 3111 588 3177 clausus
609 3133 644 3175 se
667 3111 748 3175 nihil
768 3110 926 3195 proficere
947 3107 1036 3172 intel-

57 3213 138 3279 lexit
169 3237 309 3302 suosque
341 3216 528 3283 interfectos
556 3225 613 3280 aut
634 3215 772 3301 fugatos,
805 3215 955 3279 Marcum
975 3208 1035 3274 Ca-

57 3327 168 3385 tonem
188 3321 306 3386 Uticae
328 3319 389 3385 sibi
404 3323 466 3407 ipsi
480 3342 595 3384 manus
610 3319 764 3400 attulisse,
786 3339 899 3402 regem
913 3337 1035 3398 vagum

58 3445 81 3487 a
99 3426 232 3509 suisque
247 3423 413 3489 desertum
427 3422 469 3488 ab
486 3421 634 3489 omnibus
656 3422 833 3507 aspernari,
856 3418 1036 3486 Saburram

59 3529 193 3615 eiusque
207 3531 317 3615 copias
332 3527 375 3593 ab
390 3528 484 3595 Sittio
495 3549 567 3593 esse
577 3523 712 3607 deletas,
734 3523 852 3590 Uticae
862 3520 1038 3587 Caesarem
