2376 3924
112 223 153 288 46
420 225 470 274 nn
483 223 602 276 sarno
622 223 779 275 osnnroo

93 416 222 479 eminus
247 414 376 480 duobus
405 424 520 480 castra
548 424 748 500 posuerunt3
785 437 870 500 qnae
893 424 1024 497 castra,
1052 425 1089 479 ut

113 519 202 582 furno
227 527 328 604 atque
352 518 486 603 ignibus
504 517 770 602 significabatur,
794 517 936 604 amplius
953 518 1088 584 milibus

112 643 271 707 passuum
295 631 370 687 octo
394 624 427 687 in
452 622 666 688 latitudinem
689 622 862 707 patebant.

200 725 229 789 8.
253 723 383 790 Oacsar
408 727 513 813 primo
543 734 575 790 et
602 735 738 811 propter
759 724 1009 790 multitudinem
1033 726 1088 789 ho-

113 829 213 894 stiurn
229 838 262 893 et
277 838 413 914 propter
430 829 588 893 eximiam
604 831 791 914 opinionem
812 829 945 894 virtutis
962 829 1088 914 proelio

92 932 331 1018 asupersedere
349 933 486 1011 statuit;
502 932 626 997 cotidie
642 941 756 996 tamen
773 933 982 1015 equestribus
995 955 1088 1017 proe-

113 1035 178 1117 liis,
203 1035 282 1120 quid
306 1035 411 1100 hostis
428 1036 554 1099 virtute
570 1044 685 1119 posset
709 1035 840 1121 etquid
863 1038 970 1101 nostri
987 1036 1088 1101 aude-

93 1149 199 1221 arent,
214 1137 483 1224 periclitabatur.
506 1136 572 1204 Ubi
589 1147 722 1203 nostros
739 1161 805 1203 non
823 1161 895 1203 esse
911 1139 1088 1204 inferiores

115 1242 294 1322 intellexit,
318 1240 390 1305 loeo
414 1235 473 1325 pro
502 1242 625 1306 castris
654 1241 699 1306 ad
725 1243 834 1308 aciem
857 1243 1088 1308 instruendam

114 1357 236 1412 natura
260 1355 445 1431 opportuno
462 1354 564 1430 atquo
587 1345 718 1428 idoneo,
743 1344 882 1431 quodie
907 1345 1014 1427 collis,
1031 1345 1088 1410 ubi

114 1460 228 1515 castra
250 1451 362 1534 posita
386 1457 498 1532 erant,
531 1448 704 1533 paululum
734 1474 777 1514 ex
805 1449 951 1535 planicie
979 1450 1088 1514 editus

115 1563 246 1619 tantum
269 1553 433 1617 adversus
457 1553 491 1616 in
516 1551 729 1617 latitudinem
753 1553 903 1639 patebat,
927 1563 1089 1639 quantum

115 1658 179 1722 loci
211 1658 302 1722 acies
333 1658 499 1721 instructa
530 1677 694 1742 occupare
727 1665 877 1742 poterat,
911 1667 1011 1742 atque
1047 1681 1089 1721 ex

114 1771 256 1846 utraque
274 1770 370 1845 parte
387 1759 505 1824 lateris
522 1759 671 1825 deiectus
688 1759 835 1824 habebat
853 1769 887 1824 et
899 1762 934 1824 in
945 1759 1090 1826 frontem

13 1919 18 1923 ,
115 1865 236 1930 leniter
251 1863 433 1946 fastigatus
449 1861 612 1946 paulatim
629 1862 673 1927 ad
685 1861 867 1948 planiciem
882 1862 1025 1945 redibat,
1044 1864 1089 1928 ab

115 1979 256 2053 utroque
280 1967 385 2033 latere
410 1969 481 2031 eius
505 1966 601 2032 collis
630 1976 859 2033 transversam
883 1967 1009 2033 fossam
1032 1967 1089 2033 ob-

92 2072 212 2137 rduxit
236 2071 371 2136 circiter
392 2093 551 2157 passuum
566 2070 898 2157 quadringentorum,
923 2071 1016 2136 etad
1033 2095 1090 2136 ex-

115 2185 239 2240 tremas
272 2176 380 2239 fossas
409 2173 552 2240 castella
581 2175 756 2240 constituit
786 2174 899 2260 ibique
921 2183 1090 2240 tormenta

114 2278 305 2361 collocavit,
321 2301 373 2358 ne,
390 2299 466 2343 cum
481 2279 588 2342 aciem
605 2279 833 2361 instruxisset,
853 2278 976 2360 hostes,
1000 2280 1091 2364 quod

115 2389 245 2447 tantum
257 2379 471 2445 multitudine
483 2389 649 2465 poterant,
666 2380 709 2446 ab
723 2380 886 2446 lateribus
898 2391 1090 2467 pugnantes

94 2507 192 2551 ssuos
210 2485 454 2550 circumvenire
468 2493 615 2571 possent.
639 2485 713 2549 Hoc
732 2486 822 2550 facto
839 2485 969 2551 duabus
985 2485 1090 2571 legio·

114 2589 224 2672 nibus,
237 2610 320 2673 quas
333 2589 484 2674 proxime
497 2590 757 2674 conscripserat,
770 2591 803 2653 in
816 2591 938 2654 castris
951 2589 1090 2674 relictis,

115 2701 160 2776 ut,
177 2693 205 2756 si
218 2713 282 2776 quo
297 2712 378 2776 opus
392 2700 492 2773 esset,
513 2691 663 2756 subsidio
682 2691 759 2756 duci
771 2701 919 2777 possent,
941 2692 1090 2778 reliquas

115 2819 176 2860 sex
199 2794 349 2878 legiones
371 2817 431 2880 pro
454 2797 577 2860 castris
602 2797 635 2858 in
659 2796 732 2859 acie
755 2796 942 2861 constituit.
966 2797 1090 2862 Hostes

115 2902 195 2964 item
208 2921 286 2963 suas
303 2899 418 2982 copias
435 2920 477 2962 ex
494 2900 616 2964 castris
633 2899 773 2964 eductas
791 2901 1032 2965 instruxerant.

218 3001 248 3066 9.
270 2999 373 3066 Palus
397 3011 469 3067 erat
489 3024 557 3067 non
572 3023 695 3085 magna
713 3007 801 3067 inter
815 3011 967 3069 nostrum
990 3011 1092 3090 atque

114 3107 260 3171 hostium
276 3106 470 3170 exercitum.
494 3106 593 3171 Hanc
606 3107 633 3170 si
646 3107 754 3171 nostri
765 3107 961 3190 transirent,
976 3106 1091 3172 hostes

115 3210 376 3296 exspectabant,
391 3212 498 3275 nostri
515 3220 638 3293 antem,
656 3213 684 3275 si
701 3209 743 3275 ab
756 3208 824 3275 illis
836 3210 969 3276 initium
981 3219 1091 3276 trans·

116 3313 217 3378 eundi
238 3314 344 3398 fieret,
367 3324 404 3380 ut
427 3315 605 3400 impeditos
629 3313 905 3398 aggrederentur,
928 3315 1041 3400 parati
1057 3315 1092 3381 in

76 3419 219 3483 'tarmis
250 3426 355 3483 erant.
399 3418 538 3484 Interim
567 3417 694 3505 proelio
724 3419 872 3505 equestri
894 3419 983 3483 inter
1004 3417 1091 3503 duas

116 3523 208 3587 acies
231 3520 509 3589 contendebatur.
532 3521 601 3588 Ubi
615 3523 727 3588 nentri
743 3521 941 3606 transeundi
957 3523 1092 3587 initium
