2376 3924
362 233 411 282 AD
431 233 534 282 BELL.
553 231 644 293 HISR.
663 232 773 282 stt-41.
938 230 1058 280 LXXXV

83 420 228 486 ferebatur
241 420 354 484 seclusi3
367 420 521 486 Nipperdey
532 420 564 472 11
577 435 609 472 ea
623 419 768 473 terrebatur
782 422 896 485 scripsit.
916 420 1059 485 sequentia

83 509 179 568 verba,
202 507 295 572 qualia
313 507 340 554 in
360 506 498 555 codicibus
516 506 644 570 leguntur
663 512 689 555 ct
708 505 751 555 cdi
770 505 871 556 solent:
896 503 1058 557 Lusitanus

82 608 156 645 ruore
173 591 308 652 militari,
330 606 392 644 curn
411 607 429 642 a
448 589 579 643 Caesaris
593 590 742 659 praesidio
764 589 868 655 fuisset
886 594 1057 657 conspectus,

83 677 207 731 celeriter
225 677 353 744 equitatu
371 680 433 730 cett.
464 675 705 742 circumcluditur,
727 676 807 742 plane
826 678 919 743 inepta
937 693 996 727 esse
1016 692 1058 727 ra-

83 773 134 826 tus,
153 765 283 829 temptavi
302 779 371 830 quae
385 779 466 829 supra
479 764 556 829 posui
569 763 766 828 supplementa.
789 761 969 830 praesidium
988 779 1057 812 com-

84 858 258 901 memoratum
278 867 330 900 non
346 851 471 900 Caesaris
491 850 537 899 scd
556 851 668 915 Pompei
685 848 772 900 fuisse
791 865 824 900 ex
842 865 928 915 eoque
948 851 1059 899 missum

83 954 142 987 esse
164 939 321 986 Lusitanum
346 935 438 997 illum,
466 938 607 1002 sequentia
625 936 711 986 verba
728 937 780 986 etsi
802 936 934 986 lacunosa
953 936 1057 986 docent

83 1053 115 1060 -
134 1026 158 1086 g.
170 1024 199 1071 4:
219 1026 280 1074 erat
294 1036 421 1074 accessus
434 1021 488 1074 loci
503 1020 697 1087 difficillimus.
715 1037 782 1074 nam
795 1020 901 1073 idcirco
916 1020 1057 1090 [prepter]

83 1109 167 1174 quod
185 1109 247 1158 ille
266 1124 281 1159 e
300 1123 351 1167 sue
362 1107 510 1176 praesidio
522 1107 626 1173 fuisset
639 1113 811 1176 conspectus,
834 1107 958 1161 celeriter
977 1107 1058 1160 adeo

82 1194 222 1247 1111111111
245 1194 334 1248 locuni
356 1199 466 1248 reaturo
489 1200 600 1262 ceperat
618 1193 673 1247 sibi
691 1194 853 1262 Pompeius,
880 1201 915 1245 ut
933 1193 1059 1261 quarreria

82 1297 185 1350 rrrupua
202 1280 386 1335 multitudiue
404 1280 531 1334 adducta
546 1280 636 1348 pauci
653 1280 776 1334 honines
789 1296 823 1333 eu
839 1280 983 1348 superiore
1002 1280 1059 1332 loco

83 1368 231 1434 defendere
257 1367 400 1438 possenti]
441 1369 479 1418 sic
507 1368 608 1430 locum,
636 1384 716 1434 quem
746 1369 915 1434 Nipperdey,
945 1369 1058 1431 Kraner,

81 1456 194 1504 Diibner
212 1462 241 1504 ut
261 1454 431 1520 desperatum
453 1456 584 1505 intactum
610 1455 791 1520 reliquerunt,
820 1455 958 1505 emendari
979 1471 1059 1520 posse

82 1543 183 1606 putavi.
213 1545 246 1592 ut
270 1547 296 1591 et
317 1540 407 1607 pauci
434 1543 486 1591 iarn
511 1541 610 1591 Dinter
632 1541 818 1607 suppleverat,
846 1542 975 1591 dissentio
994 1556 1058 1590 vero

82 1629 116 1677 ab
136 1644 179 1688 eo,
200 1627 272 1692 quod
291 1644 342 1676 non
363 1627 449 1677 solum
464 1631 584 1694 propter
602 1643 696 1678 verum
715 1629 797 1679 etiam
816 1629 958 1693 sequentia
975 1627 1059 1677 verba

82 1728 133 1766 suo
154 1712 303 1781 praesidio
326 1712 430 1779 fuisset
452 1717 617 1780 conspectus
640 1712 766 1767 celeriter
790 1712 829 1766 ad
851 1719 881 1763 ut
904 1714 996 1779 spuria
1019 1714 1060 1761 in-

82 1801 169 1850 clusit.
188 1827 223 1837 -
239 1800 290 1849 ib.:
313 1799 463 1853 subeuntes
483 1798 526 1868 [in
543 1798 678 1869 aduentu]
698 1805 805 1852 nostros
825 1798 967 1866 depellunt
987 1797 1057 1868 [qua]

83 1886 171 1958 telis]
191 1890 230 1939 sic
243 1890 414 1940 scribendum
429 1906 488 1941 esse
506 1890 584 1950 duxi;
603 1891 700 1941 Dinter
718 1888 867 1942 subeuntes
885 1887 917 1940 11
936 1887 1060 1940 aduentu

81 1976 169 2026 riustri
182 1973 358 2042 depelleretur
370 1973 441 2044 [que]
457 1974 519 2028 telis
532 1976 630 2041 edidit3
645 1976 808 2041 Nipperdey,
821 1976 933 2037 Kraner,
948 1974 1060 2025 Dubner

81 2061 211 2110 librorum
229 2062 314 2111 rerba
332 2077 443 2112 exarare
462 2064 528 2114 satis
546 2063 709 2113 habuerunt.

186 2164 208 2196 c.
221 2148 262 2206 40,
283 2149 295 2194 1
311 2153 337 2196 et
350 2149 378 2196 3:
398 2147 510 2200 lacunas
529 2150 634 2199 notavit
651 2149 815 2215 Nipperdey.
834 2177 867 2186 —
886 2151 909 2212 ξ.
928 2148 958 2195 4:
977 2149 1059 2198 erant

79 2232 195 2299 parati,
222 2231 272 2299 qui
297 2247 382 2285 nuces
409 2232 601 2301 incenderent,
628 2232 805 2300 incensisque
831 2231 880 2299 qui
900 2230 1059 2284 subsidium

81 2319 182 2369 ferrent
198 2316 376 2384 repellerent:
393 2318 423 2370 11
440 2319 481 2372 sic
500 2319 633 2388 dispositi
651 2324 741 2387 eruin,
760 2322 793 2372 ut
812 2334 830 2370 a
847 2317 925 2371 nullo
939 2318 1060 2382 conspici

82 2414 200 2471 possent.
229 2406 262 2454 ln
281 2408 429 2472 conspeetu
448 2406 571 2458 omniurn
589 2404 668 2475 cett.]]
699 2404 875 2471 incensisque
898 2402 946 2470 qui
969 2401 1059 2454 subsi

83 2491 162 2544 diune
180 2494 382 2559 repeterent
400 2491 492 2552 codd.;
510 2491 674 2559 repellerent
687 2493 795 2557 scripsit
808 2489 1059 2556 Glandorpiue,'sed

82 2584 113 2629 ut
129 2580 236 2643 integer
252 2593 350 2628 sensus
369 2578 480 2642 evadat,
509 2584 580 2629 certe
599 2578 781 2629 necessarium
802 2582 843 2628 est
861 2583 891 2628 ut
910 2576 994 2627 verba
1011 2575 1060 2643 qui

82 2662 241 2716 subsidium
260 2663 419 2730 expleantur
436 2664 528 2715 addito
551 2663 699 2729 ferrent.
717 2692 752 2702 -
775 2663 907 2714 lacunosa
925 2663 1060 2714 verbani

82 2766 100 2801 a
118 2748 195 2801 nullo
214 2749 348 2816 explenda
371 2766 431 2802 esse
449 2751 540 2802 verbis
567 2749 694 2816 conspici
715 2753 846 2818 possent,
874 2750 978 2799 monuit
995 2750 1060 2815 Nip-
1105 2760 1108 2766 ⁴

81 2835 183 2901 perdey
201 2853 226 2901 p.
244 2837 304 2886 248.
334 2841 397 2886 ante
416 2839 565 2902 conspectu
587 2836 732 2887 inserenda
750 2851 809 2886 asse
828 2835 934 2885 censuit
950 2833 1060 2903 {reliqui

81 2920 127 2988 in;
147 2921 272 2986 equidem
290 2919 326 2971 iu
344 2922 422 2971 modo
442 2923 540 2986 recepi.

184 3024 207 3058 c.
235 3009 282 3070 41,
312 3009 339 3056 1:
368 3005 479 3060 Fabius
509 3006 672 3075 Marinus,
707 3023 786 3075 quem
816 3009 855 3062 ad
885 3009 1060 3062 Mundae

78 3092 259 3159 praesidium
294 3093 516 3163 oppupuaudunr
551 3093 719 3162 reliquerat,
764 3096 895 3164 operibus
931 3095 1059 3149 assiduis

82 3180 185 3229 diurnis
216 3179 416 3246 nocturnisque
452 3179 640 3233 circumclusit
713 3182 862 3236 interclusi
866 3185 878 3250 j
891 3181 977 3253 setall
1015 3181 1060 3234 ad

82 3266 239 3319 Mundae
257 3268 352 3332 scripsi
371 3283 419 3332 pro
437 3268 536 3317 tradito
556 3267 594 3320 ad
612 3267 763 3321 Mundum.
781 3299 816 3308 —
834 3270 963 3320 lacunosa
976 3269 1060 3319 verba

81 3352 212 3420 operibus
236 3352 364 3406 assiduis
382 3391 492 3406 .......
510 3352 656 3421 inanisque
680 3357 813 3422 quomodo
838 3356 971 3423 explenda
998 3357 1059 3416 sint,

81 3440 127 3489 vix
150 3439 260 3490 dubium
288 3456 346 3491 esse
370 3445 472 3505 potest,
502 3457 562 3490 cum
590 3458 638 3507 pro
665 3441 812 3509 lurnisque
840 3443 891 3508 (sic
913 3442 969 3505 ba;
1000 3440 1059 3494 lur-

81 3523 127 3577 ais
153 3540 186 3588 a,
215 3523 310 3578 iurnis
327 3525 349 3592 l)
372 3525 430 3577 cod.
453 3525 548 3576 Petav.
568 3525 696 3590 diurnis,
723 3527 780 3581 let
799 3526 914 3580 diurnis
933 3527 1061 3580 habeant
