2376 3924
183 231 242 297 178
451 228 563 280 BELLI
581 225 831 279 ALEXANDRlNl

178 422 309 486 factum.
333 418 438 505 Oapta
453 426 503 483 est
516 439 582 484 una
596 417 736 482 hostium
759 415 982 502 quadriremis,
1006 414 1167 503 depressa

177 531 226 588 est
248 523 364 606 altera,
399 522 483 588 duae
512 519 660 587 omnibus
683 518 819 605 epibatis
849 517 1005 602 nudatae,
1041 540 1167 604 magna

176 625 360 715 praeterea
379 625 549 692 multitudo
582 627 616 689 in
648 624 779 709 reliquis
811 620 965 688 navibus¹
978 643 1165 708 propugna-

153 742 282 802 storum
305 740 356 796 est
376 729 554 796 interfecta.
601 727 698 811 Quod
726 729 787 792 nisi
809 748 876 791 nox
897 724 1056 812 proelium
1078 725 1165 791 dire-

174 840 299 921 misset,
337 843 406 900 tota
443 834 543 899 classe
576 833 716 898 hostium
750 829 871 895 Caesar
907 830 1026 915 potitus
1064 839 1162 894 esset.

153 943 247 1010 eHac
281 940 464 1004 calamitate
498 937 677 1024 perterritis
711 932 856 1000 hostibus
891 933 1031 998 adverso
1060 942 1163 998 vento

175 1045 289 1110 leniter
310 1044 410 1108 flante
432 1063 533 1107 naves
556 1042 720 1106 onerarias
744 1036 864 1103 Caesar
886 1035 1028 1101 remulco
1052 1039 1163 1102 victri-

173 1147 265 1213 cibus
288 1149 353 1214 suis
375 1146 513 1212 navibus
536 1143 772 1209 Alexandriam
794 1139 935 1206 deducit.

259 1252 308 1316 12.
353 1251 401 1316 Eo
435 1251 626 1316 detrimento
659 1247 740 1312 adeo
777 1255 852 1324 sunt
883 1245 977 1311 fracti
1016 1247 1161 1313 Alexan·

172 1357 272 1439 drini,
307 1377 381 1420 oum
413 1358 478 1420 iam
511 1376 576 1419 non
601 1349 728 1419 'virtute
761 1364 1057 1441 propugnatorum,
1100 1351 1160 1418 sed

171 1461 304 1526 scientia
327 1460 564 1525 classiariorum
586 1480 620 1523 se
636 1461 738 1524 victos
752 1459 912 1544 viderent,
936 1461 1080 1546 quibus.
1100 1510 1107 1524 .
1125 1509 1131 1523 .
1150 1507 1158 1522 .

171 1576 203 1631 et
225 1563 445 1651 superioribus
473 1563 551 1628 locis
573 1562 844 1647 sublevabantur,
875 1573 911 1628 ut
933 1587 976 1629 ex
999 1563 1158 1631 aedificiis

170 1670 300 1736 defendi
334 1678 479 1757 possent,
514 1678 546 1733 et
584 1670 754 1733 materiam
788 1677 938 1733 cunctam
976 1668 1157 1749 obicerent,

170 1773 257 1858 qnod
279 1782 408 1838 nostrae
432 1772 541 1837 classis
564 1774 837 1857 oppugnationem
859 1775 957 1838 etiam
972 1771 1016 1838 ad
1031 1780 1157 1836 terram

148 1875 376 1941 sverebantur.
414 1875 533 1958 Iidem,
556 1884 768 1962 posteaquam
791 1875 1001 1963 Ganymedes
1024 1877 1058 1940 in
1082 1895 1157 1938 con-

169 1979 239 2044 cilio
269 1980 472 2044 confirmavit
499 2000 569 2044 sese
597 1988 629 2043 et
657 2002 727 2063 eas,
762 2002 845 2067 quae
874 1989 983 2046 essent
1004 1981 1156 2064 amissae,

168 2086 392 2148 restituturum
425 2092 458 2148 et
485 2103 655 2148 numerum
675 2084 915 2170 adaucturum,
945 2108 1067 2172 magna
1096 2111 1156 2176 spe

169 2195 202 2251 et
223 2186 343 2252 fiducia
365 2195 493 2251 veteres
520 2186 655 2251 reficere
677 2209 779 2253 naves
802 2191 1050 2276 accuratiusque
1076 2192 1156 2259 huic

145 2291 215 2354 arei
238 2290 369 2355 studere
392 2299 490 2376 atque
512 2288 670 2354 inservire
692 2291 908 2358 instituerunt.
946 2291 999 2358 Ac
1020 2299 1154 2362 tametsi

167 2393 304 2480 amplius
334 2410 378 2458 cx
412 2391 550 2458 navibus
583 2393 687 2478 longis
719 2395 753 2458 in
786 2403 882 2480 portu
915 2396 1154 2486 navalibusque

167 2490 369 2581 amiserant,
399 2507 508 2564 tamen
541 2497 745 2584 reparandae
779 2498 889 2564 classis
922 2501 1154 2585 cogitationem

143 2625 230 2668 enon
245 2603 472 2690 deposuerunt.
496 2602 662 2669 Videbant
684 2605 770 2667 enim
790 2625 855 2669 non
870 2603 991 2670 auxilia
1005 2602 1152 2692 Caesari,

165 2729 231 2771 non
258 2715 455 2772 commeatus
484 2709 667 2794 supportari
694 2728 803 2793 posse,
833 2709 860 2772 si
888 2707 989 2773 classe
1011 2710 1075 2795 ipsi
1095 2733 1152 2776 ve·

164 2809 281 2894 lercnt3
311 2820 481 2896 practerea
508 2813 628 2876 nautici
651 2811 812 2895 homines,
840 2810 931 2878 urbis
954 2821 987 2877 et
1007 2814 1152 2898 regionis

164 2914 344 2977 maritimae
374 2913 599 2999 cotidianoque
629 2935 690 2978 usu
719 2916 869 3000 apueris
892 2916 1077 3000 exercitati,
1106 2916 1151 2983 ad

164 3014 312 3079 naturale
341 3038 380 3080 ac
402 3015 613 3082 domesticum
634 3017 757 3083 bonum
777 3017 928 3103 refugere
955 3017 1149 3106 cupiebant3

166 3129 198 3184 et
213 3128 371 3205 quantum
386 3120 529 3205 parvulis
543 3123 682 3206 navigiis
704 3111 923 3207 profecissent,
946 3121 1150 3191 sentiebant:

165 3227 275 3310 itaque
311 3225 397 3288 omni
431 3223 536 3288 studio
570 3224 612 3289 ad
640 3224 820 3310 parandam
849 3223 984 3290 classem
1012 3226 1150 3296 incubu-

162 3338 265 3393 erunt.
376 3346 379 3353 ’

250 3432 299 3496 13.
337 3433 441 3496 Erant
474 3429 622 3496 omnibus
656 3432 743 3496 ostiis
776 3431 841 3497 Nili
874 3432 1040 3498 custodiae
1080 3437 1150 3502 exi-

156 3535 259 3622 gendi
279 3537 414 3623 portorii
437 3556 535 3600 causa
558 3534 745 3621 dispositae3
774 3558 875 3601 naves
897 3544 1027 3603 veteres
1050 3547 1149 3609 erant
