2376 3924
113 233 174 298 156
432 235 483 285 DE
505 234 626 286 BELLO
649 235 761 286 OIVILl

216 425 266 490 96.
290 425 330 489 In
363 427 477 491 castris
511 426 645 512 Pompei
678 426 791 491 videre
824 424 913 491 licuit
944 425 1094 492 trichilas

112 536 260 611 structas,
287 551 442 615 magnum
464 531 592 614 argenti
614 529 740 614 pondus
763 531 955 615 expositum,
978 551 1094 596 recen-

111 630 197 696 tibus
221 632 415 719 caespitibus
438 632 649 699 tabernacula
671 642 844 716 constrata,
873 633 968 698 Lucii
990 636 1095 699 etiam

112 736 242 800 Lentuli
265 746 297 801 et
318 735 544 801 nonnullorum
571 735 781 800 tabernacrda
809 745 956 822 protecta
978 737 1093 821 edera,

112 840 277 924 multaque
300 849 479 925 praeterea,
514 860 597 925 quae
626 840 759 903 nimiam
786 838 949 906 luxuriam
970 849 1005 906 et
1026 843 1095 906 vic-

111 946 213 1008 toriae
235 943 389 1008 fiduciam
411 942 628 1026 designarent,
651 951 688 1008 ut
710 942 803 1007 facile
819 945 997 1008 existimari
1021 966 1094 1030 pos·

114 1056 163 1111 set
185 1046 263 1111 nihil
297 1069 351 1110 eos
375 1046 415 1111 de
439 1055 559 1111 eventu
581 1048 650 1110 eius
673 1046 736 1111 diei
759 1048 912 1130 timuisse,
946 1049 1004 1132 qui
1025 1069 1095 1114 non

91 1152 311 1214 snecessarias
334 1152 561 1235 conquirerent
581 1149 772 1235 voluptates.
796 1149 843 1215 At
862 1150 895 1215 hi
909 1152 1095 1216 miserrimo

114 1277 153 1318 ac
176 1256 407 1339 patientissimo
440 1255 586 1318 exercitu
609 1251 758 1318 Caesaris
791 1254 953 1319 luxuriem
975 1253 1095 1321 obicie-

114 1357 203 1440 bant,
238 1360 289 1422 cui
324 1379 451 1443 semper
485 1360 592 1423 omnia
615 1358 657 1423 ad
680 1361 899 1423 necessarium
919 1381 1016 1424 usum
1038 1358 1095 1425 de-

92 1462 257 1527 afuissent.
302 1461 484 1546 Pompeius,
518 1463 583 1525 iam
616 1482 691 1525 omn
723 1463 808 1526 intra
835 1462 957 1527 vallum
989 1466 1096 1528 nostri

113 1575 332 1648 versarentur,
357 1588 476 1651 equum
498 1575 623 1649 nactus,
658 1565 812 1631 detractis
833 1566 1013 1651 insignibus
1035 1570 1095 1632 im·

114 1671 281 1755 peratoris,
315 1669 495 1734 decumana
524 1679 617 1755 porta
641 1691 675 1733 se
699 1690 741 1732 ex
763 1671 877 1734 castris
905 1672 1000 1735 eiecit
1021 1693 1095 1757 pro

91 1776 264 1859 rtinusque
288 1795 371 1857 equo
395 1775 491 1837 citato
515 1772 667 1838 Larisam
689 1774 863 1839 contendit.
908 1773 1025 1859 Neque
1046 1774 1095 1840 ibi

115 1879 265 1959 constitit,
300 1874 358 1940 sed
381 1876 497 1940 eadem
519 1876 684 1942 celeritate
707 1898 828 1963 paucos
850 1899 925 1943 suos
947 1899 991 1942 ex
1012 1878 1095 1964 fuga

114 1990 238 2063 nactus,
272 1987 429 2044 nocturno
463 1981 577 2044 itinere
611 2003 676 2046 non
708 1983 899 2065 intermisso,
937 1984 1096 2047 comitatu

115 2089 260 2171 equitum
282 2103 339 2148 xxx
362 2084 405 2149 ad
431 2106 522 2149 mare
555 2088 704 2170 pervenit
736 2106 918 2171 navemque
951 2085 1095 2150 frumen·

114 2192 231 2254 tariam
254 2187 449 2270 conscendit,
473 2209 579 2274 saepe,
601 2199 638 2254 nt
660 2189 838 2272 dicebatur,
863 2210 1003 2275 querens
1024 2197 1096 2255 tan·

116 2304 186 2358 tum
219 2315 254 2358 se
288 2295 470 2378 opinionem
503 2292 664 2377 fefellisse,
696 2303 743 2377 ut,
766 2317 786 2359 a
809 2316 873 2378 quo
895 2314 1017 2380 genere
1039 2293 1096 2360 ho

115 2400 238 2461 minum
259 2398 429 2461 victoriam
452 2406 622 2482 sperasset,
646 2395 688 2461 ab
712 2418 750 2460 eo
772 2399 863 2461 initio
885 2396 989 2482 fugae·
1006 2396 1095 2463 facto

115 2523 218 2587 paene
241 2501 385 2586 proditus
408 2500 582 2566 videretur.

202 2605 253 2668 97.
277 2603 398 2669 Cacsar
421 2607 535 2670 castris
557 2606 676 2689 potitus
699 2626 719 2668 a
740 2602 894 2668 militibus
917 2603 1096 2689 contendit,

116 2729 158 2773 ne
181 2711 213 2771 in
236 2707 359 2793 praeda
382 2710 529 2794 occupati
552 2707 667 2791 reliqui
689 2709 811 2792 negotii
832 2705 969 2792 gerendi
994 2705 1096 2773 facul·

95 2820 217 2876 2tatem
239 2811 445 2878 dimitterent.
484 2813 559 2894 Qua
581 2833 616 2874 re
638 2813 810 2896 impetrata
831 2819 974 2875 montem
996 2830 1096 2896 opere

118 2917 368 2980 circummunire
401 2918 546 2980 instituit.
592 2915 790 3001 Pompeiani,
829 2915 916 3001 quod
945 2917 972 2979 is
999 2936 1095 2981 mons

118 3027 188 3083 erat
210 3019 278 3082 sine
301 3040 397 3103 aqua,
420 3018 517 3082 diffisi
540 3021 569 3082 ei
591 3018 660 3083 loeo
683 3018 793 3084 relicto
816 3028 925 3083 monte
947 3019 1104 3085 universi'

117 3123 200 3205 iugis
234 3122 302 3185 eius
331 3122 481 3186 Larisam
513 3144 627 3187 versus
662 3144 696 3186 se
730 3124 874 3207 recipere
908 3131 1096 3207 coeperunt

96 3225 193 3307 eQua
216 3246 251 3288 re
274 3222 502 3289 animadversa
525 3222 648 3289 Caesar
671 3227 779 3311 copias
802 3247 877 3290 suas
900 3224 1009 3290 divisit
1023 3246 1098 3311 par·

116 3337 247 3413 temque
269 3328 432 3414 legionum
454 3330 487 3391 in
510 3330 623 3392 castris
645 3329 780 3414 Pompei
802 3350 970 3393 remanere
991 3329 1098 3415 iussit,

117 3442 244 3517 partem
276 3434 310 3497 in
343 3453 401 3496 sua
435 3439 542 3496 castra
575 3434 707 3516 remisit,
735 3449 789 3497 1111
811 3452 922 3497 secum
953 3430 1100 3518 legiones

118 3536 212 3601 duxit
246 3535 526 3621 commodioreque
560 3537 674 3600 itinere
696 3536 901 3622 Pompeianis
924 3556 1100 3605 occurrere
