2376 3924
383 270 493 320 arana
511 271 560 328 nr,
579 271 656 323 cnr.
676 274 786 323 ea-ra.
1010 275 1072 340 139

97 485 160 548 que
183 470 258 526 sunt
279 461 429 528 militaria
444 464 562 528 amissa
576 479 688 530 xxxlt.
711 464 884 550 Pompeius
899 487 937 532 eo
952 466 1094 553 proelio³

97 569 272 651 imperator
295 575 343 632 est
365 567 553 654 appellatus,
577 564 649 655 [hoc
671 589 789 633 nomen
804 557 951 656 obtinuit]
974 577 1072 656 atque

97 671 143 733 ita
165 690 199 733 se
223 679 335 755 postea
362 670 495 735 salutari
524 692 639 758 passus
667 692 774 756 neque
802 674 836 736 in
862 671 976 738 litteris
998 677 1072 739 scri·

96 771 175 837 bere
198 767 387 858 est'solitus,
422 797 527 860 neque
550 777 583 840 in
605 774 747 840 fascibus
776 777 914 862 insignia
943 774 1073 842 laureae

97 876 257 961 praetulit.
282 876 329 942 At
342 877 520 961 Labienus,
544 900 618 944 cum
640 877 683 943 ab
706 900 744 943 eo
765 880 1014 965 impetravisset,
1037 890 1095 945 utt

97 981 157 1045 sibi
180 985 324 1068 captivos
346 983 432 1049 tradi
459 982 595 1066 iuberet,
631 1005 741 1048 omnes
774 983 949 1070 productos
971 994 1073 1049 osten-

96 1088 234 1169 tationis,
268 1095 305 1150 ut
325 1085 508 1169 videbatur,
543 1108 650 1169 causa,
685 1109 749 1172 quo
782 1089 884 1154 maior
917 1087 1073 1174 perfugae

97 1187 178 1252 fides
222 1187 409 1271 haberetur,
444 1188 674 1254 commilitones
707 1189 873 1276 appellans
900 1200 933 1256 et
953 1214 1074 1277 magna

95 1291 272 1356 verborum
307 1291 500 1357 contumelia
532 1294 746 1378 interrogans,
784 1291 965 1359 solerentne
987 1305 1073 1360 vete·

95 1395 166 1456 rani
188 1393 305 1458 milites
327 1394 451 1479 fugere,
486 1397 520 1458 in
542 1397 685 1460 omnium
707 1406 881 1483 conspectu
902 1399 1073 1464 interfecit.

183 1495 233 1559 72.
256 1499 317 1562 His
339 1497 438 1563 rebus
459 1507 586 1564 tantum
607 1499 746 1565 fiduciae
769 1523 808 1565 ac
830 1503 960 1586 spiritus
982 1504 1073 1567 Pom·

99 1603 223 1689 peianis
245 1603 390 1684 accessit,
414 1611 450 1666 ut
472 1625 537 1667 non
559 1602 600 1667 de
628 1605 754 1669 ratione
780 1603 856 1669 belli
883 1606 1073 1690 cogitarent,

97 1706 155 1770 sed
177 1708 292 1770 vicisse
314 1707 379 1770 iam
401 1705 599 1772 viderentur.
642 1707 716 1772 Non
737 1707 1000 1794 illipaucitatem
1021 1725 1095 1775 no-²

97 1819 238 1874 strorum
253 1810 399 1893 militum,
422 1832 487 1876 non
502 1812 705 1896 iniquitatem
719 1812 780 1878 loci
795 1822 893 1898 atque
909 1816 1074 1899 angustias

96 1917 342 2000 praeoccupatis
377 1917 491 1981 castris
526 1924 559 1981 et
592 1917 765 2002 ancipitem
798 1926 957 1982 terrorem
989 1920 1074 1983 intra

96 2028 254 2104 extraque
276 2021 480 2102 munitiones,
514 2041 580 2084 non
602 2019 764 2086 abscisum
793 2024 826 2086 in
855 2020 937 2086 duas
965 2031 1074 2108 partes

97 2126 286 2204 exercitum,
311 2144 385 2188 cum
406 2122 510 2188 altera
532 2122 624 2189 alteri
646 2123 803 2190 auxilium
824 2125 910 2190 ferre
925 2147 990 2190 non
1005 2147 1074 2211 pos-

98 2233 155 2306 set,
179 2247 296 2290 causae
318 2226 416 2290 fuisse
439 2226 636 2312 cogitabant.
658 2228 732 2293 Non
754 2228 894 2294 adhaec
910 2227 1096 2293 addebants

97 2351 162 2393 non
196 2351 355 2394 concursu
387 2333 455 2395 acri
488 2331 584 2412 facto,
621 2351 687 2395 non
720 2330 840 2417 proelio
877 2331 1074 2415 dimicatum,

97 2431 222 2517 sibique
267 2434 352 2517 ipsos
395 2431 600 2496 multitudine
644 2441 742 2517 atque
779 2434 935 2517 angustiis
971 2437 1075 2499 maius

98 2534 242 2599 attulisse
274 2534 513 2617 detrimentum,
548 2556 647 2620 quam
674 2535 716 2600 ab
744 2536 836 2600 hoste
866 2539 1074 2622 accepissent.

97 2641 170 2703 Non
205 2638 344 2725 denique
378 2660 563 2704 communes
584 2637 660 2703 belli
687 2660 781 2704 casus
807 2639 1095 2724 recordabamur

99 2765 197 2827 quam
218 2741 374 2828 parvulae
397 2764 494 2828 saepe
528 2764 646 2808 causae
667 2741 721 2806 vel
752 2742 854 2807 falsae
887 2745 1075 2830 suspicionis

97 2846 150 2910 vel
171 2849 304 2911 terroris
326 2848 487 2932 repentini
508 2845 563 2912 vel
589 2845 736 2912 obiectae
764 2847 927 2934 religionis
956 2872 1076 2936 magna

99 2950 294 3016 detrimenta
326 2950 518 3033 intulissent,
555 2953 704 3037 quotiens
724 2951 777 3017 vel
810 2952 902 3018 ducis
922 2956 1000 3019 vitio
1022 2955 1075 3020 vel

98 3053 192 3139 culpa
235 3053 357 3119 tribuni
394 3057 427 3118 in
471 3056 617 3120 exercitu
662 3064 746 3121 esset
789 3057 961 3140 offensum3
1007 3057 1074 3141 sed,

97 3157 232 3243 proinde
270 3179 309 3222 ac
342 3160 369 3222 si
400 3161 521 3223 virtute
557 3161 718 3243 vicissent,
756 3183 862 3247 neque
894 3160 959 3226 ulla
993 3183 1096 3225 com-a

99 3263 233 3325 mutatio
256 3284 366 3327 rerum
384 3271 493 3348 posset
514 3252 672 3348 accidere,
695 3286 755 3351 per
778 3263 891 3329 orbem
912 3271 1075 3334 terrarum

96 3366 185 3429 fama
222 3389 261 3430 ac
297 3364 410 3431 litteris
446 3367 616 3432 victoriam
651 3369 720 3433 eius
765 3368 828 3432 diei
873 3365 1075 3433 concelebra-

96 3467 185 3533 bant.
923 3464 925 3467 ’
