2376 3924
112 240 176 306 262
416 242 467 294 nn
485 240 606 292 saeuo
627 239 786 293 estmoe

113 435 158 500 ad
180 433 375 499 consulatus
398 435 605 519 petitionem.
630 433 706 518 Ipse
722 441 851 498 tantum
867 433 1026 499 itinerum
1042 435 1093 500 fa-

113 539 235 622 ciebat,
260 546 421 623 quantum
444 537 529 602 satis
553 558 628 601 esse
643 535 688 600 ad
703 537 925 601 mutationem
941 536 1094 604 locorum

91 651 248 729 apropter
272 641 505 707 salubritatem
531 639 761 705 existimabat.
805 639 858 705 Ibi
888 662 1092 726 quamquam

113 745 231 811 crebro
255 744 416 810 audiebat
439 743 629 809 Labienum
657 743 702 809 ab
731 744 876 807 inimicis
908 745 974 808 suis
1000 744 1093 809 solli·

114 851 213 916 citari
238 851 429 935 certiorque
451 847 555 912 fiebat
579 846 614 911 id
637 849 694 931 agi
722 869 905 932 paucorum
929 847 1093 931 consiliis,

113 963 149 1019 ut
188 954 388 1039 interposita
428 960 565 1016 senatus
604 953 809 1016 auctoritate
846 950 960 1036 aliqua
994 963 1093 1037 parte

115 1058 285 1122 exercitus
303 1055 515 1141 spoliaretur,
539 1064 652 1119 tamen
668 1076 775 1138 neque
794 1054 834 1119 de
850 1054 1003 1120 Labieno
1021 1079 1092 1121 cre-

115 1162 202 1227 didit
219 1162 396 1247 quioquam
418 1181 537 1245 neque,
561 1169 680 1225 contra
698 1169 836 1225 senatus
853 1161 1093 1225 auctoritatem

93 1276 150 1331 rut
174 1263 302 1349 aliquid
323 1264 461 1347 faceret,
485 1266 594 1349 potuit
618 1263 754 1329 adduci.
798 1263 978 1330 Iudicabat
1003 1265 1093 1328 enim

114 1369 230 1434 liberis
239 1369 415 1433 sententiis
428 1376 563 1453 patrum
574 1370 841 1452 conscriptorum
850 1390 986 1434 causam
997 1391 1093 1433 suam

114 1473 215 1538 facile
231 1472 386 1537 obtineri.
409 1472 495 1536 Nam
512 1471 548 1536 C.
565 1469 678 1555 Curio,
695 1470 851 1536 tribunus
874 1471 993 1558 plebis,
1017 1494 1094 1537 cum

115 1576 273 1642 Caesaris
289 1598 426 1642 causam
445 1576 712 1662 dignitatemque
720 1575 966 1641 defendendam
980 1598 1092 1640 susce·

115 1684 230 1769 pisset,
255 1703 355 1766 saepe
378 1690 451 1745 erat
475 1681 606 1745 senatui
630 1679 812 1766 pollicitus,
837 1682 865 1745 si
881 1702 978 1764 quem
993 1683 1094 1745 timor

116 1807 283 1850 armorum
313 1783 469 1849 Caesaris
504 1783 665 1867 laederet,
699 1793 737 1848 ut
771 1786 927 1869 quoniam
957 1785 1094 1871 Pompei

118 1889 300 1954 dominatio
325 1897 427 1972 atque
449 1910 632 1953 armenon
656 1890 828 1953 minimum
844 1897 1005 1953 terrorem
1021 1889 1093 1953 foro

116 1994 290 2076 inferrent,
314 1991 506 2058 discederet
522 2001 662 2079 uterque
678 1991 722 2057 ab
739 1993 840 2057 armis
858 1995 1094 2078 exercitusque

118 2098 319 2162 dimitteret:
343 2097 414 2161 fore
439 2119 475 2161 eo
500 2097 591 2162 facto
615 2095 757 2161 liberam
782 2105 820 2172 et,
838 2098 889 2161 sui
914 2097 995 2160 iuris
1013 2099 1094 2161 civi·

97 2211 231 2266 statem.
255 2202 370 2288 Neque
393 2199 457 2267 hoc
480 2211 612 2266 tantum
635 2200 806 2286 pollicitus
830 2208 891 2281 est,
916 2199 1094 2266 sedetiam

118 2314 255 2370 senatus
279 2304 469 2371 consultum
492 2328 550 2391 per
574 2305 816 2369 discessionem
839 2304 952 2368 facere
968 2306 1095 2391 eoepit3

117 2408 205 2494 quod
229 2433 270 2474 ne
292 2409 398 2490 fieret,
422 2408 578 2473 eonsules
609 2409 776 2493 amicique
799 2405 1005 2493 pompeiam
1029 2410 1091 2473 ius-

118 2523 231 2579 serunt
256 2523 357 2597 atque
381 2514 429 2577 ita
452 2534 522 2576 rem
545 2511 707 2576 morando
733 2511 961 2576 discesserunt
964 2558 1072 2576 .....

203 2618 254 2680 53.
278 2617 438 2700 Magnum
453 2616 516 2680 hoc
534 2617 761 2681 testimonium
779 2625 916 2681 senatus
933 2623 1007 2680 erat
1022 2617 1094 2680 uni-

117 2725 207 2787 versi
224 2723 495 2807 conveniensque
512 2720 675 2804 superiori
690 2718 792 2783 facto.
815 2719 901 2783 Nam
913 2718 1096 2784 Marcellus

118 2827 269 2910 proximo
284 2847 382 2907 anno,
399 2846 473 2889 oum
490 2825 703 2908 impugnaret
711 2821 869 2887 Caesaris
884 2822 1096 2907 dignitatem,

120 2940 238 2994 contra
262 2930 372 3012 legem
387 2929 524 3014 Pompei
542 2937 573 2992 et
590 2926 706 2992 Crassi
724 2928 904 2994 rettulerat
919 2939 999 2994 ante
1015 2937 1095 2992 tcm-

118 3056 180 3119 pus
204 3032 249 3098 ad
273 3041 424 3097 senatum
441 3031 482 3096 de
499 3029 657 3096 Caesaris
685 3033 881 3116 provinciis,
906 3033 1096 3097 sententiis·

120 3159 183 3222 que
208 3137 309 3201 dictis
333 3135 577 3201 discessionem
593 3137 742 3200 faciente
758 3134 932 3218 Marcello,
956 3136 1011 3220 qui
1029 3133 1094 3199 sibi

121 3263 250 3306 omnem
276 3240 476 3323 dignitatem
501 3264 543 3305 ex
564 3239 722 3305 Caesaris
746 3239 876 3304 invidia
900 3237 1096 3325 quaerebat,

99 3355 259 3411 asenatus
275 3344 432 3430 frequens
450 3345 484 3409 in
501 3346 570 3410 alia
589 3347 700 3409 omnia
717 3346 864 3409 transiit.
889 3341 1096 3423 Quibusnon

120 3449 366 3534 frangebantur
388 3450 493 3515 animi
516 3449 728 3514 inimicorum
752 3447 921 3532 Caesaris,
954 3446 1015 3512 sed
1038 3446 1116 3512 ad·'

120 3553 352 3636 monebantur,
387 3575 451 3639 quo
485 3553 630 3618 maiores
664 3559 817 3638 parares⁴
1013 3557 1098 3635 ates,
