2376 3924
374 223 485 274 LIBER
502 222 539 285 11,
559 221 637 274 OAP.
655 221 765 273 aa-tt.
1013 218 1052 282 87

79 417 153 481 fecti
177 415 331 502 subsequi
353 436 418 479 non
446 421 606 501 poterant,
640 419 738 499 atque
760 410 813 477 alii
836 410 897 475 alio
919 410 988 477 loco
1011 432 1057 475 re·

80 520 249 586 sistebant.
273 521 322 585 Ne
345 519 427 585 haec
449 517 581 604 quidem
604 516 777 583 Curionem
792 513 836 580 ad
851 537 942 601 spem
956 525 1058 580 mora·

80 624 210 690 bantur.

182 730 235 795 40.
258 731 343 797 Iuba
365 730 482 795 certior
504 728 610 794 factus
633 749 654 791 a
669 725 816 793 Saburra
838 723 880 789 de
903 729 1060 790 nocturno

80 833 202 918 proelio
226 852 252 898 11
275 834 362 900 milia
394 834 617 919 Hispanorum
643 839 676 896 et
704 828 872 896 Gallorum
906 830 1060 913 equitum,

82 959 162 1021 quos
185 959 264 1002 suae
287 936 453 1004 custodiae
476 957 575 1001 causa
597 937 720 1000 circum
734 955 770 998 sa
784 932 907 998 habere
930 953 1060 998 consue·

79 1049 141 1123 rat,
165 1049 198 1106 et
220 1042 365 1127 peditum
387 1064 460 1106 eam
482 1048 618 1128 partem,
641 1041 694 1105 cui
708 1039 851 1104 maxime
866 1035 1061 1119 confidebat,

82 1142 248 1210 Saburrae
271 1145 433 1230 submisit3
456 1146 526 1232 ipse
548 1166 623 1210 cum
644 1143 776 1229 reliquis
799 1143 898 1228 copiis
913 1140 1063 1226 elephan-

79 1249 185 1332 tisque
207 1265 254 1312 nx
276 1250 393 1315 lentius
416 1245 645 1333 subsequitur.l
667 1247 855 1332 Suspicatus
878 1245 1084 1331 praemissas

80 1349 242 1434 equitibus
279 1353 387 1437 ipsum
423 1351 524 1416 affore
558 1349 733 1416 Curionem
769 1347 916 1416 Saburra
952 1349 1062 1434 copias

81 1455 227 1537 equitum
249 1453 459 1538 peditumque
487 1437 616 1518 instruit
642 1460 740 1537 atque
768 1450 818 1517 his
845 1453 993 1538 imperat,
1026 1458 1064 1515 ut

82 1555 286 1621 simulatione
308 1557 431 1622 timoris
454 1555 610 1643 paulatim
632 1554 751 1622 cedant
777 1578 817 1621 ac
844 1555 962 1642 pedam
982 1554 1063 1619 refe·

82 1669 175 1726 rant:
198 1682 278 1744 sose,
303 1681 480 1746 cum-opus
502 1668 598 1745 esset,
626 1662 754 1747 signum
776 1659 888 1746 proelii
911 1657 1064 1724 daturum

84 1773 127 1848 et,
162 1763 249 1849 quod
280 1785 351 1830 rem
388 1762 551 1850 postulare
582 1766 795 1850 cognovisset,
819 1765 1062 1849 imperaturum.

82 1866 180 1933 Curio
202 1867 246 1932 ad
268 1870 468 1955 superiorem
482 1889 573 1955 spem
588 1866 701 1934 addita
714 1869 894 1953 praesentis
910 1868 1084 1953 temporis³

83 1973 243 2058 opinione,
278 1971 387 2038 hostes
420 1971 534 2058 fugere
568 1970 744 2038 arbitratus
778 1972 887 2057 copias
916 1983 958 2036 ex
985 1969 1063 2036 locis

84 2074 303 2162 superioribus
325 2077 360 2141 in
381 2096 533 2163 campum
555 2073 696 2142 deducit.

186 2178 238 2243 41.
262 2178 391 2262 Quibus
413 2201 457 2245 cx
477 2178 556 2244 locis
577 2199 653 2245 cum
675 2178 801 2266 longius
816 2184 902 2244 asset
917 2199 1062 2264 progres-

85 2304 149 2366 sus,
173 2282 320 2348 confecto
341 2284 408 2349 iam
427 2281 540 2348 labore
562 2283 709 2347 exercitu
731 2299 792 2346 xm
814 2281 937 2346 milium
960 2281 1063 2366 spatio

87 2387 237 2452 constitit.
260 2386 330 2451 Dat
351 2386 416 2451 suis
439 2387 567 2472 signum
590 2383 745 2467 Sabmra,
775 2385 878 2449 aciem
902 2383 1086 2449 constituit²

84 2500 116 2555 et
138 2491 308 2556 circumire
330 2487 459 2555 ordines
481 2497 581 2574 atque
602 2488 726 2554 hortari
747 2489 874 2574 incipit;
898 2485 956 2552 sed
978 2486 1065 2571 pedi-

83 2602 156 2659 tatu
178 2592 351 2659 dumtaxat
371 2591 484 2680 procul
506 2592 549 2658 ad
572 2593 713 2679 speciem
740 2593 850 2678 utitur,
885 2592 1010 2676 equites
1031 2591 1065 2655 in

82 2700 186 2762 aciem
207 2698 313 2763 mittit
336 2696 411 2762 Non
433 2695 526 2762 deest
554 2699 683 2781 negotio
706 2694 804 2762 Ourio
831 2717 972 2782 suosque
993 2694 1086 2760 hor-³

81 2809 180 2884 tatur,
203 2808 240 2866 ut
261 2822 353 2887 spem
375 2822 504 2866 omnem
524 2801 559 2865 in
580 2801 701 2865 virtute
728 2809 898 2886 reponant
936 2800 986 2866 Ne
1009 2800 1064 2864 mi·

82 2903 192 2970 litibus
216 2903 349 2990 quidem
369 2912 407 2970 ut
429 2903 564 2969 defessis
586 2924 693 2989 neque
708 2904 871 2990 equitibus
893 2913 931 2970 ut
952 2905 1064 2991 paucis

83 3018 116 3074 et
137 3008 249 3075 labore
273 3008 427 3074 confectis
450 3006 594 3073 studium
608 3007 652 3073 ad
666 3008 880 3095 pugnandum
895 3010 1063 3094 virtusque

82 3112 210 3191 deerat3
249 3112 307 3178 sed
328 3112 363 3177 hi
385 3121 480 3178 erant
501 3133 637 3178 numero
659 3127 711 3196 oc,
749 3113 865 3199 reliqui
894 3115 928 3178 in
949 3114 1064 3178 itinere

83 3216 305 3288 substiterant.
349 3217 405 3301 Hi,
429 3237 667 3303 quamcumque
694 3218 729 3282 in
756 3226 883 3304 partem
910 3218 1087 3301 impetum⁴

81 3318 240 3391 immuta
270 3319 394 3392 horas
414 3318 483 3386 loco
517 3320 634 3386 cedere
667 3319 838 3406 cogebant,
873 3318 930 3385 sed
960 3338 1066 3403 neque

438 3425 592 3510 urosequi
623 3444 685 3489 nac
706 3423 933 3489 vehementius
966 3441 1067 3507 equos

543 3529 672 3605 mitatus
694 3526 834 3592 hostium
856 3524 898 3590 ab
920 3531 1085 3613 utroqueu
