2376 3924
133 253 198 319 232
467 251 577 302 annm
595 249 767 302 lrarclru

133 447 220 509 mani
243 453 472 530 senatoresque
484 444 646 529 perterriti
658 465 702 507 ex
713 441 833 528 proelio
851 465 886 508 se
907 455 1112 530 receperunt,

133 570 174 612 ne
204 572 224 612 a
251 548 419 630 militibus,
449 549 504 634 qui
533 570 576 612 ex
597 556 688 612 tanta
710 548 845 612 victoria
867 546 1028 611 licentiam
1051 548 1113 612 sibi

134 648 381 736 assumpsissent
386 650 596 714 immoderate
609 649 766 735 peccandi
771 651 969 735 impunitatis
981 660 1113 735 propter

133 757 292 819 maximas
314 775 366 818 res
388 763 497 839 gestas
519 775 585 838 spe,
609 755 669 838 ipsi
692 774 820 838 quoque
842 753 1112 818 interficerentur.

100 878 124 915 10
133 859 248 943 Itaque
276 860 297 921 ii
326 879 435 922 omnes
464 859 621 942 Scipionis
648 857 781 940 milites,
816 879 890 921 cum
911 857 1010 921 fidem
1033 857 1112 924 Cae-

134 964 215 1025 saris
238 961 455 1046 implorarent,
480 964 681 1046 inspectante
703 963 772 1046 ipso
795 960 936 1026 Caesare
959 971 992 1025 et
1014 986 1033 1026 a
1056 964 1112 1026 mi-

133 1062 241 1127 litibus
264 1063 469 1148 deprecante,
493 1066 539 1127 eis
561 1065 607 1128 uti
632 1073 814 1149 parcerent,
842 1062 885 1127 ad
911 1085 1012 1128 uuum
1034 1075 1111 1129 sunt

134 1168 303 1232 interfecti.

220 1270 270 1333 86.
288 1268 408 1334 Caesar
423 1272 515 1334 trinis
527 1272 641 1334 castris
653 1272 772 1356 potitus
784 1271 960 1355 occisisque
971 1269 1113 1336 hostium

133 1373 306 1440 nmihbus
334 1374 518 1459 fugatisque
541 1365 758 1459 compluribus
781 1397 815 1439 se
843 1377 966 1460 recepit
989 1393 1011 1440 Ι,
1033 1376 1113 1439 mili-

134 1478 220 1543 tibus
249 1479 390 1560 amissis,
420 1479 531 1564 paucis
555 1480 670 1542 sauciis
698 1480 732 1542 in
754 1487 861 1542 castra
884 1487 916 1541 et
939 1481 1047 1542 statim
1070 1500 1114 1542 ex

114 1584 248 1646 2itinere
260 1593 335 1647 ante
356 1582 509 1669 oppidum
521 1584 688 1667 Thapsum
704 1584 844 1647 constitit
860 1581 1112 1667 elephantosque

135 1704 183 1752 Lx
208 1695 337 1752 ornatos
360 1695 566 1771 armatosque
590 1683 676 1772 [cum
690 1685 835 1750 turribus
851 1688 1113 1771 ornamentisque

135 1787 232 1876 capit]
260 1800 371 1876 captos
401 1799 477 1854 ante
501 1790 655 1875 oppidum
685 1793 858 1854 instructos
882 1792 1054 1868 constituit,
1079 1784 1113 1854 id

135 1897 196 1959 hoe
219 1893 359 1975 consilio,
391 1896 418 1957 si
441 1903 549 1977 posset
571 1893 735 1978 Vergilius
759 1896 878 1978 quique
902 1916 975 1958 cum
998 1915 1035 1957 eo
1059 1893 1112 1958 ob-

134 1998 324 2063 sidebantur
346 1999 393 2060 rei
408 1996 492 2059 male
507 2006 618 2079 gestae
641 2019 772 2060 suorum
795 1996 912 2062 indicio
936 1999 1113 2082 pertinacia

114 2102 260 2166 sdeduci.
307 2098 435 2163 Deinde
464 2102 531 2184 ipse
555 2099 734 2183 Vergilium
757 2100 931 2185 appellavit
952 2103 1113 2165 invitavit-

135 2229 197 2292 que
221 2206 262 2270 ad
285 2203 481 2268 deditionem
504 2225 659 2288 suamque
682 2204 846 2269 lenitatem
862 2215 894 2268 et
911 2204 1114 2269 clementiam

135 2309 406 2374 commemoravit.
459 2308 566 2390 Quem
599 2318 771 2394 postquam
805 2308 1033 2372 animadvertit
1066 2331 1113 2373 re-

114 2435 288 2500 rsponsum
312 2410 459 2476 sibinen
483 2412 572 2494 dare,
596 2412 638 2476 ab
662 2412 779 2499 oppido
795 2412 950 2476 discessit.
979 2413 1113 2506 Postero

136 2517 188 2581 die
212 2517 322 2582 divina
350 2540 386 2581 re
414 2518 501 2581 facta
524 2519 671 2581 contione
701 2518 860 2581 advocata
883 2520 915 2580 in
939 2527 1114 2602 conspectu

137 2621 371 2706 oppidanorum
404 2621 519 2684 milites
554 2620 715 2684 collaudat
744 2629 911 2705 totumque
934 2623 1114 2685 exercitum

138 2735 326 2789 veteranum
341 2725 483 2806 donavit,
499 2727 644 2809 praemia
658 2725 829 2788 fortissimo
846 2727 961 2809 cuique
977 2747 1016 2788 ac
1030 2723 1115 2788 bene

115 2832 272 2894 emerenti
294 2851 352 2914 pro
368 2837 523 2912 suggestu
538 2826 651 2891 tribuit
666 2851 705 2891 ac
727 2829 835 2891 statim
858 2827 933 2890 inde
949 2827 1114 2913 digressus
1159 2818 1161 2822 ⁸

135 2932 249 2998 Rebilo
284 2931 474 3018 proconsule
509 2953 582 2996 cum
604 2948 644 2994 111
673 2930 715 2994 ad
738 2930 905 3014 Thapsum
934 2930 1114 3015 legionibus

136 3046 169 3101 et
183 3035 241 3100 On.
258 3037 401 3102 Domitio
424 3058 498 3100 cum
522 3033 649 3099 duabus
671 3034 840 3115 Thisdrac,
864 3035 920 3098 ubi
943 3033 1114 3100 Considius

136 3151 295 3227 praeerat,
319 3140 362 3205 ad
385 3138 599 3204 obsidendum
621 3138 749 3220 relictis,
765 3139 810 3202 M.
828 3138 968 3202 Messala
983 3140 1114 3204 Uticam

137 3255 212 3309 ante
234 3245 410 3329 praemisso
427 3263 501 3306 cum
516 3243 671 3326 equitatu,
695 3244 764 3327 ipse
786 3241 900 3306 eodem
922 3243 983 3305 iter
1005 3242 1113 3306 facere

138 3348 311 3413 contendit.

223 3452 274 3517 87.
319 3452 454 3537 Equites
480 3451 610 3515 interim
638 3450 811 3536 Scipionis,
840 3451 895 3534 qui
923 3471 966 3513 ex
994 3449 1114 3535 proelio

116 3557 282 3637 agar-an*
437 3554 569 3623 ”stiam
588 3572 704 3623 versus
725 3556 787 3620 iter
810 3553 969 3634 facerent,
1004 3575 1115 3639 perve-
