2376 3924
468 244 545 295 etr.
566 246 639 296 1-s.
983 248 1045 314 173

150 437 179 499 3.
229 434 317 500 Urbs
355 434 550 502 fertilissima
586 447 619 502 et
652 440 870 525 copiosissima
904 442 1047 506 omnium

65 560 174 602 rerum
196 547 371 625 apparatus
400 540 605 625 suggerebat.
650 544 717 629 Ipsi
739 542 884 606 homines
906 544 1047 628 ingenio-

66 643 181 706 sissimi
209 651 306 727 atque
335 644 525 725 acutissimi,
561 666 645 729 quae
674 669 693 710 a
722 647 838 709 nostris
867 645 938 710 fieri
959 647 1047 713 vide-

64 752 148 827 rant,
172 768 211 809 ea
234 744 374 809 sollertia
396 745 597 829 efficiebant,
621 757 657 812 ut
679 751 779 812 nostri
802 747 928 812 illorum
951 773 1049 836 opera

64 851 178 913 imitati
200 848 404 931 viderentur,
434 858 467 914 et
489 870 548 914 sua
570 860 684 935 sponte
707 850 808 915 multa
830 852 1046 937 reperiebant,

65 974 193 1037 unoque
226 962 371 1038 tempore
405 961 438 1016 et
470 962 597 1017 nostras
627 956 820 1019 munitiones
850 955 1047 1021 infestabant

64 1066 97 1120 et
119 1079 194 1121 suas
217 1055 445 1120 defendebant.
491 1056 601 1142 Atque
630 1057 712 1122 haec
735 1059 896 1143 principes
918 1061 952 1124 in
975 1082 1069 1125 con-2

64 1160 139 1225 siliis
168 1159 435 1246 contionibusque
463 1159 647 1244 agitabant:
681 1160 835 1247 populum
862 1163 1046 1229 Romanum

63 1265 218 1349 paulatim
239 1267 273 1328 in
296 1263 562 1328 consuetudinem
584 1267 653 1330 eius
675 1268 768 1350 regni
791 1267 971 1352 occupandi
993 1291 1045 1333 ve-

63 1372 141 1432 nire.
187 1370 305 1432 Paucis
339 1369 431 1431 annis
466 1376 563 1432 antea
585 1367 762 1434 Gabinium
796 1392 871 1435 cum
899 1374 1068 1438 exercitus

63 1474 161 1536 fuisso
189 1474 221 1535 in
249 1470 417 1555 Aegypt03
452 1471 641 1557 Pompeium
675 1494 710 1537 se
744 1496 787 1538 ex
819 1474 898 1559 fuga
931 1476 1046 1542 eodem

63 1578 238 1661 recepisse,
285 1573 458 1639 Caesarem
490 1572 624 1640 'venisse
669 1598 743 1642 cum
780 1581 894 1665 copiis,
939 1602 1045 1667 neque

63 1689 166 1745 morte
181 1681 316 1765 Pompei
330 1681 505 1765 quicquam
527 1681 717 1767 profectum,
742 1704 805 1769 quo
828 1685 934 1748 minus
957 1685 1045 1770 apud

63 1808 97 1849 se
121 1783 241 1849 Caesar
263 1793 526 1849 commoraretur.
572 1785 679 1867 Quem
701 1789 728 1851 si
750 1809 815 1852 non
837 1787 1069 1884 expulissent„

62 1891 206 1954 futuram
245 1910 287 1952 ex
329 1909 431 1972 regno
477 1891 690 1974 provinciam3
736 1890 834 1977 idque
882 1891 1046 1978 agendum

62 2003 203 2058 mature:
251 2014 392 2078 namque
437 2014 511 2058 eum
544 1992 753 2059 interclusum
800 1995 1046 2080 tempestatibus

62 2106 193 2183 propter
227 2098 303 2160 anni
336 2105 463 2181 tempus
496 2097 642 2182 recipere
674 2100 892 2162 transmarina
925 2100 1046 2164 auxilia

62 2223 127 2264 non
160 2221 262 2283 posse.

147 2303 176 2364 4.
211 2302 346 2366 Interim
368 2301 565 2366 dissensione
589 2312 659 2367 orta
682 2305 765 2367 inter
787 2301 966 2387 Achillam,
991 2308 1046 2390 qui

61 2416 216 2471 veterano
239 2406 396 2470 exercitui
418 2414 578 2491 praeerat,
602 2415 635 2470 et
645 2404 817 2488 Arsinoen,
840 2409 927 2491 regis
942 2409 1045 2473 Ptole-

62 2512 147 2573 maei
158 2511 316 2572 minorem
335 2508 443 2590 liliam,
460 2516 609 2594 utsupra
625 2508 881 2573 demonstratum
897 2520 954 2593 est,
972 2534 1046 2577 cum

61 2623 197 2698 uterque
219 2614 348 2699 utrique
370 2611 577 2678 insidiaretur
599 2622 633 2678 et
655 2634 815 2677 summam
836 2615 961 2700 imperii
976 2616 1044 2701 ipse

62 2717 206 2783 obtinere
228 2717 334 2798 vellet,
358 2726 575 2803 praeoccupat
588 2716 728 2782 Arsinoe
751 2740 809 2802 per
829 2717 1045 2803 Ganymeden

62 2821 256 2903 eunuchum,
280 2821 452 2885 nutricium
469 2842 572 2903 suum,
596 2829 694 2905 atque
706 2819 869 2886 Achillam
882 2822 1042 2888 interficit.

60 2927 133 2989 Hoc
156 2926 260 2988 occiso
283 2925 352 2988 sine
374 2923 437 2988 ullo
460 2924 545 2988 socio
569 2932 602 2988 et
624 2923 756 2990 custode
778 2926 850 3010 ipsa
872 2947 966 2992 omne
987 2929 1066 2993 im·²

62 3032 188 3117 perium
211 3027 394 3112 obtinebat3
423 3030 586 3093 exercitus
609 3028 795 3115 Ganymedi
817 3029 965 3096 traditur.
1010 3031 1043 3096 Is

61 3143 211 3220 suscepto
235 3132 340 3198 officio
356 3131 561 3217 largitionem
578 3133 612 3196 in
627 3131 744 3198 milites
759 3143 859 3218 auget
873 3133 1043 3220 etreliqua

60 3241 131 3325 pari
154 3236 322 3321 diligentia
344 3236 558 3301 administrat.

145 3339 175 3405 5.
209 3339 413 3406 Alexandria
441 3347 491 3405 cst
518 3340 586 3405 fere
614 3349 684 3407 tots
705 3341 841 3407 suffossa
863 3362 1042 3428 specusque

60 3443 161 3509 habet
184 3469 203 3509 a
225 3442 297 3509 Nilo
328 3445 543 3529 pertinentes,
577 3443 696 3530 quibus
723 3466 810 3530 aqua
837 3445 872 3511 in
898 3446 1043 3531 privatas

61 3545 173 3612 domos
212 3547 393 3631 inducitur,
433 3567 517 3635 quae
554 3546 711 3636 paulatim
747 3549 851 3637 spatio
887 3549 1041 3635 temporis
