2376 3924
164 223 225 291 176
461 224 571 274 sunm
590 225 840 276 snnxsunsnu

161 413 330 480 xundrinis
363 413 567 480 velocitatem
606 413 814 500 locorumque
853 423 886 480 et
922 417 1149 486 aedificiorum

141 519 315 587 enotitiam.
359 518 429 583 Hcs
451 519 625 604 praecipue
646 520 681 583 in
702 519 838 584 victoria
859 519 1031 587 insolentes
1054 545 1148 610 prae-

162 643 312 687 cursuros
335 631 367 686 et
395 620 466 686 loca
493 621 670 688 excelsiora
700 633 797 709 atque
827 624 976 690 aedificia
1009 647 1148 714 occupa-

160 737 265 810 turos3
311 727 356 790 ita
393 726 472 811 fuga
510 725 714 812 navibusque
751 736 876 792 nostros
915 727 1147 814 prohibituros.

161 829 301 895 Proinde
325 831 392 894 eius
415 828 537 894 consilii
563 829 828 896 obliviscerentur
856 841 954 918 atque
983 835 1070 898 omni
1096 858 1148 899 ra-

161 936 247 999 tione
269 954 340 998 esse
363 931 560 998 vincendum
583 936 772 1018 cogitarent.

247 1037 276 1100 9.
300 1036 374 1101 Hac
390 1039 534 1102 oratione
549 1037 637 1123 apud
653 1059 727 1102 suos
750 1038 862 1104 habita
885 1048 983 1125 atque
999 1043 1147 1108 omnium

161 1139 323 1206 mentibus
356 1142 505 1206 excitatis
535 1140 592 1206 dat
619 1141 859 1206 centurionibus
892 1146 1074 1228 negotium,
1109 1156 1148 1212 ut

161 1245 292 1331 reliquis
330 1243 481 1331 operibus
518 1246 707 1310 intermissis
744 1244 787 1310 ad
823 1245 992 1313 fodiendos
1029 1257 1147 1336 puteos

161 1352 304 1415 animum
326 1349 494 1414 conferant
515 1369 598 1414 neve
621 1369 719 1433 quam
747 1358 873 1435 partem
895 1353 1044 1416 nocturni
1066 1361 1146 1418 tem-

140 1455 247 1540 aporis
269 1454 492 1518 intermittant.
539 1451 612 1533 Quo
635 1462 784 1537 suscepto
806 1455 935 1537 negotio
958 1462 1056 1540 atque
1080 1477 1146 1522 om·

160 1561 250 1624 nium
273 1559 387 1623 animis
410 1557 452 1622 ad
480 1555 625 1621 laborem
646 1557 785 1621 incitatis
812 1579 932 1642 magns
962 1577 1026 1622 una
1048 1569 1146 1624 nocte

160 1663 210 1726 vis
237 1683 340 1746 aquae
370 1659 472 1725 dulcis
500 1661 633 1724 iuventa
661 1668 719 1725 est.
762 1660 814 1726 Ita
837 1663 979 1747 operosis
1001 1661 1145 1729 Alexan·

161 1765 328 1830 drinorum
340 1762 633 1829 machinationibus
655 1766 870 1852 maximisque
894 1764 1064 1833 conatibus
1079 1789 1146 1832 non

141 1869 249 1955 slongi
271 1870 424 1954 temporis
447 1867 557 1933 labore
580 1890 750 1934 occursum
773 1879 830 1934 est.
864 1871 913 1935 Εο
936 1869 1037 1935 biduo
1059 1869 1145 1957 legio

40 2038 43 2042 ,
162 1991 298 2038 xxxvn.
322 1995 365 2038 ex
386 1972 545 2038 dediticiis
567 1976 772 2060 Pompeianis
799 1972 952 2040 militibus
981 1995 1056 2040 cum
1078 1975 1145 2040 fru-

161 2085 286 2159 mento,
321 2078 433 2159 armis,
468 2075 554 2160 telis,
582 2079 749 2142 tormentis
772 2079 921 2164 imposita
942 2079 977 2143 in
997 2100 1103 2144 naves
1125 2102 1146 2145 a

3 2208 5 2219 ·
35 2224 39 2231 -
160 2181 303 2246 Domitio
326 2178 460 2246 Calvino
488 2181 530 2246 ad
559 2180 652 2246 litora
673 2179 806 2246 Africae
829 2180 924 2268 paulo
946 2203 1046 2267 supra
1068 2182 1144 2248 Ale·

139 2283 333 2350 rxandriam
355 2283 464 2349 delata
486 2292 543 2348 est.
588 2285 661 2349 Hae
684 2304 785 2349 naves
813 2305 907 2367 euro,
941 2287 996 2373 qui
1024 2285 1144 2352 multos

160 2389 229 2454 dies
245 2388 446 2453 continenter
460 2386 571 2470 flabat,
594 2396 723 2473 portum
739 2408 855 2473 capere
870 2387 1142 2474 prohibebantur-3

160 2493 217 2558 scd
239 2491 309 2556 loca
332 2501 407 2558 sunt
428 2493 560 2578 egregia
583 2493 669 2556 omni
690 2490 744 2555 illa
765 2492 896 2577 regione
918 2490 962 2557 ad
983 2492 1144 2559 tenendas

160 2619 305 2662 ancoras.
350 2597 395 2662 Hi
423 2618 496 2661 cum
520 2595 576 2660 diu
603 2597 821 2660 retinerentur
848 2604 946 2681 atque
968 2617 1076 2682 aquae
1098 2599 1143 2663 in·

161 2703 233 2786 opis
255 2709 488 2787 premerentur,
511 2701 640 2784 navigio
664 2701 807 2764 actuario
830 2697 1005 2765 Caesarem
1018 2699 1144 2767 faciunt

161 2806 339 2869 certiorem.

248 2905 296 2970 10.
331 2905 467 2990 Caesar,
497 2916 533 2973 ut
561 2928 620 2993 per
641 2929 675 2971 se
699 2905 865 2971 consilium
888 2914 1035 2990 caperet,
1063 2906 1144 2993 quid

159 3010 345 3076 faciendum
359 3010 535 3095 videretur,
558 3034 676 3077 navem
692 3009 879 3076 conscendit
900 3019 998 3096 atque
1013 3031 1145 3077 omnem

161 3115 295 3180 classem
329 3136 363 3178 se
397 3117 488 3200 sequi
520 3117 612 3180 iussit
639 3114 733 3180 nullis
760 3115 878 3179 nostris
905 3112 1060 3179 militibus
1087 3116 1144 3181 im·

160 3220 286 3305 positis,
316 3216 417 3304 quod,
447 3240 520 3284 cum
543 3218 667 3304 longius
691 3217 785 3303 paulo
808 3216 1006 3300 discederet,
1039 3221 1145 3285 muni·

138 3325 262 3387 ²ti0nes
301 3321 427 3388 nudare
466 3320 605 3386 nolebat.
661 3321 808 3407 Cumque
844 3319 888 3386 ad
924 3341 999 3384 eum
1035 3318 1146 3389 locum

161 3428 362 3509 accessisset,
391 3427 447 3513 qui
469 3425 649 3512 appellatur
671 3424 901 3508 Chersonesus,
932 3423 1146 3513 aquandique

160 3552 258 3594 causa
280 3531 419 3614 remiges
440 3531 474 3594 in
496 3538 617 3594 terram
640 3530 850 3614 exposuisset,
873 3525 1015 3593 nonnulli
1037 3549 1084 3595 ex
1105 3550 1147 3599 co
