<?xml version="1.0" encoding="UTF-8"?>
<!DOCTYPE html PUBLIC "-//W3C//DTD XHTML 1.0 Transitional//EN"
    "http://www.w3.org/TR/xhtml1/DTD/xhtml1-transitional.dtd">
<html xmlns="http://www.w3.org/1999/xhtml" xml:lang="en" lang="en">
 <head>
  <title>
</title>
<meta http-equiv="Content-Type" content="text/html;charset=utf-8" />
  <meta name='ocr-system' content='tesseract 3.04.00' />
  <meta name='ocr-capabilities' content='ocr_page ocr_carea ocr_par ocr_line ocrx_word'/>
</head>
<body>
  <div class='ocr_page' id='page_1' title='image "./ciuliicaesarisc00hoffgoog/ciuliicaesarisc00hoffgoog_0400.png"; bbox 0 0 2376 3924; ppageno 0'>
   <div class='ocr_carea' id='block_1_1' title="bbox 388 234 1087 288">
    <p class='ocr_par' dir='ltr' id='par_1_1' title="bbox 388 234 1087 288">
     <span class='ocr_line' id='line_1_1' title="bbox 388 234 1087 288; baseline -0.006 0"><span class='ocrx_word' id='word_1_1' title='bbox 388 235 438 287; x_wconf 78' lang='lat' dir='ltr'>AD</span> <span class='ocrx_word' id='word_1_2' title='bbox 455 235 559 288; x_wconf 70' lang='lat' dir='ltr'>Banu.</span> <span class='ocrx_word' id='word_1_3' title='bbox 576 234 670 286; x_wconf 74' lang='lat' dir='ltr'>mer.</span> <span class='ocrx_word' id='word_1_4' title='bbox 690 235 798 284; x_wconf 77' lang='lat'>1‘1-24.</span> <span class='ocrx_word' id='word_1_5' title='bbox 974 234 1087 284; x_wconf 85' lang='lat' dir='ltr'>LXXXI</span> 
     </span>
    </p>
   </div>
   <div class='ocr_carea' id='block_1_2' title="bbox 65 424 1086 3601">
    <p class='ocr_par' dir='ltr' id='par_1_2' title="bbox 105 424 1086 1358">
     <span class='ocr_line' id='line_1_2' title="bbox 107 424 1086 497; baseline -0.006 -17"><span class='ocrx_word' id='word_1_6' title='bbox 107 433 157 482; x_wconf 89' lang='lat' dir='ltr'>iam</span> <span class='ocrx_word' id='word_1_7' title='bbox 176 428 286 490; x_wconf 89' lang='lat' dir='ltr'>monui,</span> <span class='ocrx_word' id='word_1_8' title='bbox 305 426 375 479; x_wconf 89' lang='lat' dir='ltr'>illud</span> <span class='ocrx_word' id='word_1_9' title='bbox 394 424 477 497; x_wconf 70' lang='lat' dir='ltr'>Quod</span> <span class='ocrx_word' id='word_1_10' title='bbox 494 427 593 476; x_wconf 89' lang='lat' dir='ltr'>misere</span> <span class='ocrx_word' id='word_1_11' title='bbox 611 424 744 487; x_wconf 75' lang='lat' dir='ltr'><strong>abundat,</strong></span> <span class='ocrx_word' id='word_1_12' title='bbox 763 438 851 489; x_wconf 89' lang='lat' dir='ltr'>neque</span> <span class='ocrx_word' id='word_1_13' title='bbox 871 425 979 474; x_wconf 80' lang='lat' dir='ltr'>defendi</span> <span class='ocrx_word' id='word_1_14' title='bbox 999 431 1086 490; x_wconf 88' lang='lat' dir='ltr'>potest</span> 
     </span>
     <span class='ocr_line' id='line_1_3' title="bbox 107 510 1085 581; baseline -0.006 -15"><span class='ocrx_word' id='word_1_15' title='bbox 107 516 185 578; x_wconf 92' lang='lat' dir='ltr'>locis,</span> <span class='ocrx_word' id='word_1_16' title='bbox 214 513 311 581; x_wconf 85' lang='lat' dir='ltr'>quales</span> <span class='ocrx_word' id='word_1_17' title='bbox 336 510 499 578; x_wconf 82' lang='lat' dir='ltr'>Oudendorp</span> <span class='ocrx_word' id='word_1_18' title='bbox 522 511 557 561; x_wconf 87' lang='lat' dir='ltr'>ad</span> <span class='ocrx_word' id='word_1_19' title='bbox 580 511 607 561; x_wconf 93' lang='lat' dir='ltr'>b.</span> <span class='ocrx_word' id='word_1_20' title='bbox 631 526 653 560; x_wconf 91' lang='lat' dir='ltr'>c.</span> <span class='ocrx_word' id='word_1_21' title='bbox 673 511 728 572; x_wconf 85' lang='lat'>111,</span> <span class='ocrx_word' id='word_1_22' title='bbox 750 512 829 572; x_wconf 78' lang='lat'>17,6</span> <span class='ocrx_word' id='word_1_23' title='bbox 856 511 1007 576; x_wconf 81' lang='lat' dir='ltr'>adscripsit.</span> <span class='ocrx_word' id='word_1_24' title='bbox 1039 513 1085 560; x_wconf 92' lang='lat' dir='ltr'>ubi</span> 
     </span>
     <span class='ocr_line' id='line_1_4' title="bbox 108 597 1083 667; baseline -0.006 -14"><span class='ocrx_word' id='word_1_25' title='bbox 108 603 175 653; x_wconf 91' lang='lat' dir='ltr'>enim</span> <span class='ocrx_word' id='word_1_26' title='bbox 202 615 353 667; x_wconf 81' lang='lat' dir='ltr'><strong>pronomen</strong></span> <span class='ocrx_word' id='word_1_27' title='bbox 376 597 451 667; x_wconf 70' lang='lat' dir='ltr'>quod</span> <span class='ocrx_word' id='word_1_28' title='bbox 473 599 519 650; x_wconf 83' lang='lat' dir='ltr'>vel</span> <span class='ocrx_word' id='word_1_29' title='bbox 541 597 592 651; x_wconf 77' lang='lat' dir='ltr'>boc</span> <span class='ocrx_word' id='word_1_30' title='bbox 619 598 758 648; x_wconf 85' lang='lat' dir='ltr'>abundare</span> <span class='ocrx_word' id='word_1_31' title='bbox 781 599 898 659; x_wconf 82' lang='lat' dir='ltr'>videtur,</span> <span class='ocrx_word' id='word_1_32' title='bbox 928 599 1083 648; x_wconf 85' lang='lat' dir='ltr'>adiunctum</span> 
     </span>
     <span class='ocr_line' id='line_1_5' title="bbox 108 684 1082 755; baseline -0.006 -16"><span class='ocrx_word' id='word_1_33' title='bbox 108 693 145 739; x_wconf 90' lang='lat' dir='ltr'>est</span> <span class='ocrx_word' id='word_1_34' title='bbox 167 689 222 755; x_wconf 86' lang='lat' dir='ltr'>ipsi</span> <span class='ocrx_word' id='word_1_35' title='bbox 244 686 329 737; x_wconf 83' lang='lat' dir='ltr'>verbo</span> <span class='ocrx_word' id='word_1_36' title='bbox 353 686 482 751; x_wconf 84' lang='lat' dir='ltr'>primario</span> <span class='ocrx_word' id='word_1_37' title='bbox 508 701 541 736; x_wconf 86' lang='lat' dir='ltr'>ex</span> <span class='ocrx_word' id='word_1_38' title='bbox 565 700 618 752; x_wconf 89' lang='lat' dir='ltr'>quo</span> <span class='ocrx_word' id='word_1_39' title='bbox 636 684 737 750; x_wconf 88' lang='lat' dir='ltr'>pendet</span> <span class='ocrx_word' id='word_1_40' title='bbox 755 686 889 735; x_wconf 88' lang='lat' dir='ltr'>sententia</span> <span class='ocrx_word' id='word_1_41' title='bbox 909 701 956 748; x_wconf 87' lang='lat' dir='ltr'>per</span> <span class='ocrx_word' id='word_1_42' title='bbox 975 685 1082 734; x_wconf 85' lang='lat' dir='ltr'>infiniti-</span> 
     </span>
     <span class='ocr_line' id='line_1_6' title="bbox 106 772 1082 839; baseline -0.005 -14"><span class='ocrx_word' id='word_1_43' title='bbox 106 791 166 825; x_wconf 85' lang='lat' dir='ltr'>vum</span> <span class='ocrx_word' id='word_1_44' title='bbox 185 773 336 837; x_wconf 86' lang='lat' dir='ltr'>enuntiata,</span> <span class='ocrx_word' id='word_1_45' title='bbox 355 772 492 839; x_wconf 83' lang='lat' dir='ltr'>quasillo</span> <span class='ocrx_word' id='word_1_46' title='bbox 510 773 668 837; x_wconf 86' lang='lat' dir='ltr'>pronomine</span> <span class='ocrx_word' id='word_1_47' title='bbox 687 773 865 837; x_wconf 85' lang='lat' dir='ltr'>praecipitnr;</span> <span class='ocrx_word' id='word_1_48' title='bbox 885 787 1016 834; x_wconf 83' lang='lat' dir='ltr'>nusquam</span> <span class='ocrx_word' id='word_1_49' title='bbox 1037 788 1082 820; x_wconf 86' lang='lat' dir='ltr'>au-</span> 
     </span>
     <span class='ocr_line' id='line_1_7' title="bbox 105 858 1082 927; baseline -0.006 -16"><span class='ocrx_word' id='word_1_50' title='bbox 105 867 156 912; x_wconf 91' lang='lat' dir='ltr'>tem</span> <span class='ocrx_word' id='word_1_51' title='bbox 175 875 325 927; x_wconf 89' lang='lat' dir='ltr'>pronomen</span> <span class='ocrx_word' id='word_1_52' title='bbox 343 861 496 911; x_wconf 84' lang='lat' dir='ltr'>seiunctum</span> <span class='ocrx_word' id='word_1_53' title='bbox 515 864 556 909; x_wconf 88' lang='lat' dir='ltr'>est</span> <span class='ocrx_word' id='word_1_54' title='bbox 575 874 591 909; x_wconf 93' lang='lat' dir='ltr'>a</span> <span class='ocrx_word' id='word_1_55' title='bbox 609 859 692 908; x_wconf 84' lang='lat' dir='ltr'>verbo</span> <span class='ocrx_word' id='word_1_56' title='bbox 712 874 744 907; x_wconf 90' lang='lat' dir='ltr'>ea</span> <span class='ocrx_word' id='word_1_57' title='bbox 763 860 822 922; x_wconf 82' lang='lat' dir='ltr'>ipsa</span> <span class='ocrx_word' id='word_1_58' title='bbox 840 858 983 916; x_wconf 84' lang='lat' dir='ltr'>sententia,</span> <span class='ocrx_word' id='word_1_59' title='bbox 1003 873 1082 922; x_wconf 67' lang='lat' dir='ltr'>(piram</span> 
     </span>
     <span class='ocr_line' id='line_1_8' title="bbox 106 944 1082 1013; baseline -0.005 -15"><span class='ocrx_word' id='word_1_60' title='bbox 106 962 280 1013; x_wconf 89' lang='lat' dir='ltr'>praemonere</span> <span class='ocrx_word' id='word_1_61' title='bbox 299 946 389 997; x_wconf 89' lang='lat' dir='ltr'>debet.</span> <span class='ocrx_word' id='word_1_62' title='bbox 419 946 547 1012; x_wconf 85' lang='lat' dir='ltr'>displicet</span> <span class='ocrx_word' id='word_1_63' title='bbox 564 961 671 1011; x_wconf 87' lang='lat' dir='ltr'>quoque</span> <span class='ocrx_word' id='word_1_64' title='bbox 690 947 718 994; x_wconf 91' lang='lat' dir='ltr'>in</span> <span class='ocrx_word' id='word_1_65' title='bbox 738 944 848 1009; x_wconf 84' lang='lat' dir='ltr'>vulgata</span> <span class='ocrx_word' id='word_1_66' title='bbox 868 945 991 1002; x_wconf 86' lang='lat' dir='ltr'>lectione,</span> <span class='ocrx_word' id='word_1_67' title='bbox 1012 946 1082 1009; x_wconf 90' lang='lat' dir='ltr'>quod</span> 
     </span>
     <span class='ocr_line' id='line_1_9' title="bbox 105 1029 1081 1099; baseline -0.004 -15"><span class='ocrx_word' id='word_1_68' title='bbox 105 1034 216 1099; x_wconf 87' lang='lat' dir='ltr'>abrupte</span> <span class='ocrx_word' id='word_1_69' title='bbox 236 1032 329 1083; x_wconf 89' lang='lat' dir='ltr'>addita</span> <span class='ocrx_word' id='word_1_70' title='bbox 346 1038 387 1083; x_wconf 92' lang='lat' dir='ltr'>est</span> <span class='ocrx_word' id='word_1_71' title='bbox 409 1047 524 1097; x_wconf 87' lang='lat' dir='ltr'>sequens</span> <span class='ocrx_word' id='word_1_72' title='bbox 543 1033 678 1082; x_wconf 85' lang='lat' dir='ltr'>sententia</span> <span class='ocrx_word' id='word_1_73' title='bbox 697 1029 802 1084; x_wconf 80' lang='lat' dir='ltr'>Caesar</span> <span class='ocrx_word' id='word_1_74' title='bbox 821 1029 905 1081; x_wconf 77' lang='lat' dir='ltr'>circuit</span> <span class='ocrx_word' id='word_1_75' title='bbox 923 1035 993 1091; x_wconf 69' lang='lat' dir='ltr'>cett..</span> <span class='ocrx_word' id='word_1_76' title='bbox 1014 1048 1081 1095; x_wconf 88' lang='lat' dir='ltr'>quae</span> 
     </span>
     <span class='ocr_line' id='line_1_10' title="bbox 105 1117 1081 1183; baseline -0.003 -13"><span class='ocrx_word' id='word_1_77' title='bbox 105 1127 191 1171; x_wconf 90' lang='lat' dir='ltr'>tamen</span> <span class='ocrx_word' id='word_1_78' title='bbox 216 1120 324 1169; x_wconf 87' lang='lat' dir='ltr'>interno</span> <span class='ocrx_word' id='word_1_79' title='bbox 347 1118 458 1169; x_wconf 84' lang='lat' dir='ltr'>vinculo</span> <span class='ocrx_word' id='word_1_80' title='bbox 486 1134 546 1167; x_wconf 89' lang='lat' dir='ltr'>cum</span> <span class='ocrx_word' id='word_1_81' title='bbox 574 1117 799 1167; x_wconf 81' lang='lat' dir='ltr'>antecedentibus</span> <span class='ocrx_word' id='word_1_82' title='bbox 827 1118 986 1166; x_wconf 86' lang='lat' dir='ltr'>continetur.</span> <span class='ocrx_word' id='word_1_83' title='bbox 1018 1133 1081 1183; x_wconf 84' lang='lat' dir='ltr'>qua-</span> 
     </span>
     <span class='ocr_line' id='line_1_11' title="bbox 105 1203 1080 1274; baseline -0.006 -18"><span class='ocrx_word' id='word_1_84' title='bbox 105 1211 209 1272; x_wconf 87' lang='lat' dir='ltr'>propter</span> <span class='ocrx_word' id='word_1_85' title='bbox 235 1204 306 1255; x_wconf 90' lang='lat' dir='ltr'>illud</span> <span class='ocrx_word' id='word_1_86' title='bbox 327 1203 409 1274; x_wconf 72' lang='lat' dir='ltr'>Quod</span> <span class='ocrx_word' id='word_1_87' title='bbox 436 1204 572 1255; x_wconf 81' lang='lat' dir='ltr'>causalem</span> <span class='ocrx_word' id='word_1_88' title='bbox 601 1204 764 1269; x_wconf 83' lang='lat' dir='ltr'>particulam</span> <span class='ocrx_word' id='word_1_89' title='bbox 792 1218 850 1252; x_wconf 90' lang='lat' dir='ltr'>esse</span> <span class='ocrx_word' id='word_1_90' title='bbox 879 1209 952 1253; x_wconf 90' lang='lat' dir='ltr'>ratus</span> <span class='ocrx_word' id='word_1_91' title='bbox 980 1206 1080 1253; x_wconf 79' lang='lat' dir='ltr'>inserto</span> 
     </span>
     <span class='ocr_line' id='line_1_12' title="bbox 105 1290 697 1358; baseline -0.008 -14"><span class='ocrx_word' id='word_1_92' title='bbox 105 1291 185 1344; x_wconf 79' lang='lat' dir='ltr'>etiarn</span> <span class='ocrx_word' id='word_1_93' title='bbox 203 1296 266 1358; x_wconf 91' lang='lat' dir='ltr'>post</span> <span class='ocrx_word' id='word_1_94' title='bbox 284 1290 375 1358; x_wconf 75' lang='lat' dir='ltr'>coepit</span> <span class='ocrx_word' id='word_1_95' title='bbox 393 1292 542 1342; x_wconf 89' lang='lat' dir='ltr'>sententias</span> <span class='ocrx_word' id='word_1_96' title='bbox 562 1291 697 1340; x_wconf 83' lang='lat' dir='ltr'>coniunxi.</span> 
     </span>
    </p>

    <p class='ocr_par' dir='ltr' id='par_1_3' title="bbox 65 1375 1079 2651">
     <span class='ocr_line' id='line_1_13' title="bbox 204 1375 1079 1445; baseline 0.001 -18"><span class='ocrx_word' id='word_1_97' title='bbox 204 1394 228 1428; x_wconf 93' lang='lat' dir='ltr'>c.</span> <span class='ocrx_word' id='word_1_98' title='bbox 247 1379 289 1440; x_wconf 81' lang='lat'>23,</span> <span class='ocrx_word' id='word_1_99' title='bbox 307 1379 337 1427; x_wconf 79' lang='lat'>2:</span> <span class='ocrx_word' id='word_1_100' title='bbox 364 1376 409 1430; x_wconf 85' lang='lat' dir='ltr'>bic</span> <span class='ocrx_word' id='word_1_101' title='bbox 436 1377 512 1430; x_wconf 86' lang='lat' dir='ltr'>dura</span> <span class='ocrx_word' id='word_1_102' title='bbox 540 1376 571 1428; x_wconf 90' lang='lat' dir='ltr'>in</span> <span class='ocrx_word' id='word_1_103' title='bbox 598 1392 679 1443; x_wconf 81' lang='lat' dir='ltr'>opere</span> <span class='ocrx_word' id='word_1_104' title='bbox 705 1376 798 1428; x_wconf 84' lang='lat' dir='ltr'>uestri</span> <span class='ocrx_word' id='word_1_105' title='bbox 825 1375 944 1429; x_wconf 87' lang='lat' dir='ltr'>distenti</span> <span class='ocrx_word' id='word_1_106' title='bbox 971 1377 1079 1445; x_wconf 71' lang='lat' dir='ltr'>essentl]</span> 
     </span>
     <span class='ocr_line' id='line_1_14' title="bbox 105 1456 1079 1530; baseline -0.006 -14"><span class='ocrx_word' id='word_1_107' title='bbox 105 1462 177 1516; x_wconf 81' lang='lat' dir='ltr'>dum</span> <span class='ocrx_word' id='word_1_108' title='bbox 196 1464 284 1526; x_wconf 79' lang='lat' dir='ltr'>codd,</span> <span class='ocrx_word' id='word_1_109' title='bbox 310 1464 392 1530; x_wconf 80' lang='lat' dir='ltr'>vulgo</span> <span class='ocrx_word' id='word_1_110' title='bbox 410 1479 492 1516; x_wconf 77' lang='lat' dir='ltr'>cnut.</span> <span class='ocrx_word' id='word_1_111' title='bbox 523 1464 556 1512; x_wconf 84' lang='lat' dir='ltr'>ci.</span> <span class='ocrx_word' id='word_1_112' title='bbox 576 1456 792 1528; x_wconf 80' lang='lat' dir='ltr'>‘Zeitpartilreln’</span> <span class='ocrx_word' id='word_1_113' title='bbox 810 1462 820 1491; x_wconf 68' lang='lat'><em>²</em></span> <span class='ocrx_word' id='word_1_114' title='bbox 839 1480 864 1528; x_wconf 93' lang='lat' dir='ltr'>p.</span> <span class='ocrx_word' id='word_1_115' title='bbox 884 1464 941 1512; x_wconf 78' lang='lat'>172.</span> <span class='ocrx_word' id='word_1_116' title='bbox 969 1492 1002 1499; x_wconf 91' lang='lat'>-</span> <span class='ocrx_word' id='word_1_117' title='bbox 1030 1464 1079 1511; x_wconf 76' lang='lat' dir='ltr'>ila:</span> 
     </span>
     <span class='ocr_line' id='line_1_15' title="bbox 103 1548 1078 1619; baseline -0.007 -16"><span class='ocrx_word' id='word_1_118' title='bbox 103 1565 148 1604; x_wconf 88' lang='lat' dir='ltr'>nec</span> <span class='ocrx_word' id='word_1_119' title='bbox 175 1549 440 1604; x_wconf 74' lang='lat' dir='ltr'>desistentibus</span> <span class='ocrx_word' id='word_1_120' title='bbox 467 1550 593 1619; x_wconf 70' lang='lat' dir='ltr'>icastris]</span> <span class='ocrx_word' id='word_1_121' title='bbox 622 1549 821 1602; x_wconf 74' lang='lat' dir='ltr'>desistentibus</span> <span class='ocrx_word' id='word_1_122' title='bbox 848 1548 895 1612; x_wconf 86' lang='lat' dir='ltr'>(sc.</span> <span class='ocrx_word' id='word_1_123' title='bbox 923 1550 957 1598; x_wconf 89' lang='lat' dir='ltr'>ab</span> <span class='ocrx_word' id='word_1_124' title='bbox 987 1552 1078 1612; x_wconf 80' lang='lat' dir='ltr'>opere)</span> 
     </span>
     <span class='ocr_line' id='line_1_16' title="bbox 104 1635 1079 1704; baseline -0.004 -18"><span class='ocrx_word' id='word_1_125' title='bbox 104 1639 195 1704; x_wconf 87' lang='lat' dir='ltr'>scripsi</span> <span class='ocrx_word' id='word_1_126' title='bbox 214 1654 263 1703; x_wconf 91' lang='lat' dir='ltr'>pro</span> <span class='ocrx_word' id='word_1_127' title='bbox 281 1637 381 1688; x_wconf 86' lang='lat' dir='ltr'>tradito</span> <span class='ocrx_word' id='word_1_128' title='bbox 401 1636 601 1690; x_wconf 76' lang='lat' dir='ltr'>detinentibus.</span> <span class='ocrx_word' id='word_1_129' title='bbox 621 1638 696 1686; x_wconf 90' lang='lat' dir='ltr'>Koch</span> <span class='ocrx_word' id='word_1_130' title='bbox 710 1638 778 1685; x_wconf 85' lang='lat' dir='ltr'>Mus.</span> <span class='ocrx_word' id='word_1_131' title='bbox 792 1636 877 1684; x_wconf 82' lang='lat' dir='ltr'>Rhea.</span> <span class='ocrx_word' id='word_1_132' title='bbox 891 1635 974 1695; x_wconf 81' lang='lat' dir='ltr'>xvll,</span> <span class='ocrx_word' id='word_1_133' title='bbox 991 1652 1016 1699; x_wconf 90' lang='lat' dir='ltr'>p.</span> <span class='ocrx_word' id='word_1_134' title='bbox 1029 1638 1079 1683; x_wconf 77' lang='lat'>480</span> 
     </span>
     <span class='ocr_line' id='line_1_17' title="bbox 104 1722 1079 1793; baseline -0.003 -17"><span class='ocrx_word' id='word_1_135' title='bbox 104 1722 312 1793; x_wconf 70' lang='lat' dir='ltr'>defuyt’enitbus</span> <span class='ocrx_word' id='word_1_136' title='bbox 330 1731 516 1790; x_wconf 80' lang='lat' dir='ltr'>proposuerat,</span> <span class='ocrx_word' id='word_1_137' title='bbox 536 1725 606 1789; x_wconf 89' lang='lat' dir='ltr'>quod</span> <span class='ocrx_word' id='word_1_138' title='bbox 626 1725 723 1772; x_wconf 87' lang='lat' dir='ltr'>Dinter</span> <span class='ocrx_word' id='word_1_139' title='bbox 742 1725 849 1787; x_wconf 82' lang='lat' dir='ltr'>recepit.</span> <span class='ocrx_word' id='word_1_140' title='bbox 870 1751 903 1759; x_wconf 94' lang='lat'>—</span> <span class='ocrx_word' id='word_1_141' title='bbox 922 1723 945 1787; x_wconf 68' lang='grc' dir='ltr'>ξ.</span> <span class='ocrx_word' id='word_1_142' title='bbox 965 1723 995 1769; x_wconf 82' lang='lat'>5:</span> <span class='ocrx_word' id='word_1_143' title='bbox 1017 1737 1079 1772; x_wconf 83' lang='lat' dir='ltr'>cunt</span> 
     </span>
     <span class='ocr_line' id='line_1_18' title="bbox 102 1808 1078 1878; baseline -0.005 -16"><span class='ocrx_word' id='word_1_144' title='bbox 102 1808 158 1862; x_wconf 83' lang='lat' dir='ltr'>eius</span> <span class='ocrx_word' id='word_1_145' title='bbox 176 1825 294 1878; x_wconf 76' lang='lat' dir='ltr'>compar</span> <span class='ocrx_word' id='word_1_146' title='bbox 308 1810 448 1877; x_wconf 74' lang='lat' dir='ltr'>proelium</span> <span class='ocrx_word' id='word_1_147' title='bbox 466 1808 560 1874; x_wconf 73' lang='lat' dir='ltr'>facere</span> <span class='ocrx_word' id='word_1_148' title='bbox 579 1808 731 1878; x_wconf 67' lang='lat' dir='ltr'>coepisset]</span> <span class='ocrx_word' id='word_1_149' title='bbox 751 1812 790 1859; x_wconf 87' lang='lat' dir='ltr'>sic</span> <span class='ocrx_word' id='word_1_150' title='bbox 809 1813 862 1859; x_wconf 85' lang='lat' dir='ltr'>iam</span> <span class='ocrx_word' id='word_1_151' title='bbox 883 1826 942 1859; x_wconf 87' lang='lat' dir='ltr'>cum</span> <span class='ocrx_word' id='word_1_152' title='bbox 957 1810 1078 1858; x_wconf 77' lang='lat' dir='ltr'>Kraneia</span> 
     </span>
     <span class='ocr_line' id='line_1_19' title="bbox 102 1897 1079 1963; baseline 0.001 -18"><span class='ocrx_word' id='word_1_153' title='bbox 102 1901 126 1946; x_wconf 89' lang='lat' dir='ltr'>et</span> <span class='ocrx_word' id='word_1_154' title='bbox 147 1897 280 1947; x_wconf 83' lang='lat' dir='ltr'>Dflbnero</span> <span class='ocrx_word' id='word_1_155' title='bbox 306 1898 417 1962; x_wconf 89' lang='lat' dir='ltr'>scripsi;</span> <span class='ocrx_word' id='word_1_156' title='bbox 447 1898 475 1945; x_wconf 89' lang='lat' dir='ltr'>in</span> <span class='ocrx_word' id='word_1_157' title='bbox 500 1898 588 1961; x_wconf 88' lang='lat' dir='ltr'>priore</span> <span class='ocrx_word' id='word_1_158' title='bbox 613 1897 730 1945; x_wconf 89' lang='lat' dir='ltr'>editione</span> <span class='ocrx_word' id='word_1_159' title='bbox 750 1897 944 1963; x_wconf 88' lang='lat' dir='ltr'>Nipperdeium</span> <span class='ocrx_word' id='word_1_160' title='bbox 970 1904 1079 1946; x_wconf 88' lang='lat' dir='ltr'>secutus</span> 
     </span>
     <span class='ocr_line' id='line_1_20' title="bbox 101 1980 1078 2050; baseline 0.002 -17"><span class='ocrx_word' id='word_1_161' title='bbox 101 1980 211 2050; x_wconf 75' lang='lat' dir='ltr'>impar</span> <span class='ocrx_word' id='word_1_162' title='bbox 238 1987 301 2048; x_wconf 81' lang='lat' dir='ltr'>poet</span> <span class='ocrx_word' id='word_1_163' title='bbox 328 1997 443 2050; x_wconf 77' lang='lat' dir='ltr'>compar</span> <span class='ocrx_word' id='word_1_164' title='bbox 470 1984 644 2032; x_wconf 84' lang='lat' dir='ltr'>inserueram.</span> <span class='ocrx_word' id='word_1_165' title='bbox 676 1999 722 2047; x_wconf 87' lang='lat' dir='ltr'>pro</span> <span class='ocrx_word' id='word_1_166' title='bbox 748 1981 808 2034; x_wconf 81' lang='lat' dir='ltr'>cius</span> <span class='ocrx_word' id='word_1_167' title='bbox 832 1982 965 2049; x_wconf 73' lang='lat' dir='ltr'>abicis,</span> <span class='ocrx_word' id='word_1_168' title='bbox 996 1983 1034 2035; x_wconf 92' lang='lat' dir='ltr'>hl</span> <span class='ocrx_word' id='word_1_169' title='bbox 1052 1983 1078 2035; x_wconf 76' lang='lat' dir='ltr'>is</span> 
     </span>
     <span class='ocr_line' id='line_1_21' title="bbox 100 2068 1077 2134; baseline 0.005 -17"><span class='ocrx_word' id='word_1_170' title='bbox 100 2070 208 2132; x_wconf 81' lang='lat' dir='ltr'>babent,</span> <span class='ocrx_word' id='word_1_171' title='bbox 227 2068 310 2134; x_wconf 89' lang='lat' dir='ltr'>idque</span> <span class='ocrx_word' id='word_1_172' title='bbox 329 2074 392 2118; x_wconf 81' lang='lat' dir='ltr'>ante</span> <span class='ocrx_word' id='word_1_173' title='bbox 405 2068 598 2133; x_wconf 87' lang='lat' dir='ltr'>Nipperdeium</span> <span class='ocrx_word' id='word_1_174' title='bbox 611 2068 783 2131; x_wconf 75' lang='lat' dir='ltr'>vulgabatur.</span> <span class='ocrx_word' id='word_1_175' title='bbox 801 2097 836 2106; x_wconf 95' lang='lat'><em>-</em></span> <span class='ocrx_word' id='word_1_176' title='bbox 854 2070 877 2134; x_wconf 69' lang='grc' dir='ltr'>ξ.</span> <span class='ocrx_word' id='word_1_177' title='bbox 892 2072 920 2119; x_wconf 73' lang='grc' dir='ltr'>ὅτ</span> <span class='ocrx_word' id='word_1_178' title='bbox 938 2070 974 2121; x_wconf 88' lang='lat' dir='ltr'>in</span> <span class='ocrx_word' id='word_1_179' title='bbox 992 2070 1077 2122; x_wconf 78' lang='lat' dir='ltr'>leuius</span> 
     </span>
     <span class='ocr_line' id='line_1_22' title="bbox 65 2153 1077 2224; baseline 0 -15"><span class='ocrx_word' id='word_1_180' title='bbox 65 2202 67 2209; x_wconf 54' lang='lat'>.</span> <span class='ocrx_word' id='word_1_181' title='bbox 99 2153 286 2221; x_wconf 78' lang='lat' dir='ltr'>concidentis,</span> <span class='ocrx_word' id='word_1_182' title='bbox 310 2153 541 2207; x_wconf 88' lang='lat' dir='ltr'>centurionis</span> <span class='ocrx_word' id='word_1_183' title='bbox 564 2169 602 2206; x_wconf 87' lang='lat' dir='ltr'>ac</span> <span class='ocrx_word' id='word_1_184' title='bbox 625 2153 695 2206; x_wconf 85' lang='lat' dir='ltr'>ciri</span> <span class='ocrx_word' id='word_1_185' title='bbox 718 2153 845 2221; x_wconf 73' lang='lat' dir='ltr'>fartis,</span> <span class='ocrx_word' id='word_1_186' title='bbox 869 2155 996 2224; x_wconf 73' lang='lat' dir='ltr'>irtsr&#39;puia</span> <span class='ocrx_word' id='word_1_187' title='bbox 1015 2173 1077 2209; x_wconf 77' lang='lat' dir='ltr'>estin</span> 
     </span>
     <span class='ocr_line' id='line_1_23' title="bbox 98 2240 1076 2311; baseline -0.002 -17"><span class='ocrx_word' id='word_1_188' title='bbox 98 2240 253 2309; x_wconf 80' lang='lat' dir='ltr'>complures</span> <span class='ocrx_word' id='word_1_189' title='bbox 277 2240 520 2302; x_wconf 83' lang='lat' dir='ltr'>aduersariorum,</span> <span class='ocrx_word' id='word_1_190' title='bbox 549 2255 715 2293; x_wconf 74' lang='lat' dir='ltr'>coricursunt</span> <span class='ocrx_word' id='word_1_191' title='bbox 733 2240 877 2311; x_wconf 66' lang='lat' dir='ltr'>facerent]</span> <span class='ocrx_word' id='word_1_192' title='bbox 906 2244 945 2291; x_wconf 87' lang='lat' dir='ltr'>sic</span> <span class='ocrx_word' id='word_1_193' title='bbox 964 2244 1076 2306; x_wconf 85' lang='lat' dir='ltr'>Nipper-</span> 
     </span>
     <span class='ocr_line' id='line_1_24' title="bbox 98 2327 1077 2395; baseline 0.001 -17"><span class='ocrx_word' id='word_1_194' title='bbox 98 2329 148 2394; x_wconf 85' lang='lat' dir='ltr'>dey</span> <span class='ocrx_word' id='word_1_195' title='bbox 161 2334 289 2394; x_wconf 87' lang='lat' dir='ltr'>corrupta</span> <span class='ocrx_word' id='word_1_196' title='bbox 301 2329 430 2378; x_wconf 89' lang='lat' dir='ltr'>librorum</span> <span class='ocrx_word' id='word_1_197' title='bbox 444 2330 528 2377; x_wconf 88' lang='lat' dir='ltr'>verba</span> <span class='ocrx_word' id='word_1_198' title='bbox 545 2327 610 2379; x_wconf 84' lang='lat' dir='ltr'>hius</span> <span class='ocrx_word' id='word_1_199' title='bbox 628 2328 801 2381; x_wconf 74' lang='lat' dir='ltr'>coaccidentis</span> <span class='ocrx_word' id='word_1_200' title='bbox 822 2328 954 2395; x_wconf 78' lang='lat' dir='ltr'>temporis</span> <span class='ocrx_word' id='word_1_201' title='bbox 974 2329 1077 2394; x_wconf 71' lang='lat' dir='ltr'>adriaci</span> 
     </span>
     <span class='ocr_line' id='line_1_25' title="bbox 97 2413 1077 2480; baseline 0 -14"><span class='ocrx_word' id='word_1_202' title='bbox 97 2413 182 2479; x_wconf 73' lang='lat' dir='ltr'>fortis</span> <span class='ocrx_word' id='word_1_203' title='bbox 202 2418 264 2468; x_wconf 81' lang='lat' dir='ltr'>ceti.</span> <span class='ocrx_word' id='word_1_204' title='bbox 296 2415 440 2465; x_wconf 88' lang='lat' dir='ltr'>emendare</span> <span class='ocrx_word' id='word_1_205' title='bbox 465 2414 579 2472; x_wconf 82' lang='lat' dir='ltr'>studuit3</span> <span class='ocrx_word' id='word_1_206' title='bbox 607 2432 666 2466; x_wconf 89' lang='lat' dir='ltr'>esse</span> <span class='ocrx_word' id='word_1_207' title='bbox 684 2422 773 2466; x_wconf 89' lang='lat' dir='ltr'>tamen</span> <span class='ocrx_word' id='word_1_208' title='bbox 794 2417 864 2480; x_wconf 86' lang='lat' dir='ltr'>qnod</span> <span class='ocrx_word' id='word_1_209' title='bbox 884 2417 911 2462; x_wconf 89' lang='lat' dir='ltr'>in</span> <span class='ocrx_word' id='word_1_210' title='bbox 931 2416 1021 2463; x_wconf 83' lang='lat' dir='ltr'>verbis</span> <span class='ocrx_word' id='word_1_211' title='bbox 1045 2414 1077 2466; x_wconf 83' lang='lat' dir='ltr'>iu</span> 
     </span>
     <span class='ocr_line' id='line_1_26' title="bbox 97 2499 1076 2568; baseline -0.003 -14"><span class='ocrx_word' id='word_1_212' title='bbox 97 2499 272 2553; x_wconf 82' lang='lat' dir='ltr'>centurionis</span> <span class='ocrx_word' id='word_1_213' title='bbox 298 2529 333 2538; x_wconf 90' lang='lat'>—</span> <span class='ocrx_word' id='word_1_214' title='bbox 360 2499 488 2568; x_wconf 78' lang='lat' dir='ltr'>iusipnia</span> <span class='ocrx_word' id='word_1_215' title='bbox 515 2516 682 2553; x_wconf 79' lang='lat' dir='ltr'>coricursune</span> <span class='ocrx_word' id='word_1_216' title='bbox 709 2501 803 2565; x_wconf 78' lang='lat' dir='ltr'>faeere</span> <span class='ocrx_word' id='word_1_217' title='bbox 831 2501 986 2564; x_wconf 84' lang='lat' dir='ltr'>displiceat,</span> <span class='ocrx_word' id='word_1_218' title='bbox 1018 2502 1076 2551; x_wconf 86' lang='lat' dir='ltr'>iure</span> 
     </span>
     <span class='ocr_line' id='line_1_27' title="bbox 97 2587 1075 2651; baseline 0.002 -14"><span class='ocrx_word' id='word_1_219' title='bbox 97 2588 201 2637; x_wconf 88' lang='lat' dir='ltr'>monuit</span> <span class='ocrx_word' id='word_1_220' title='bbox 219 2588 331 2637; x_wconf 88' lang='lat' dir='ltr'>Kraner.</span> <span class='ocrx_word' id='word_1_221' title='bbox 362 2589 475 2636; x_wconf 83' lang='lat' dir='ltr'>Diibner</span> <span class='ocrx_word' id='word_1_222' title='bbox 494 2589 618 2638; x_wconf 88' lang='lat' dir='ltr'>codicum</span> <span class='ocrx_word' id='word_1_223' title='bbox 638 2588 721 2638; x_wconf 87' lang='lat' dir='ltr'>verba</span> <span class='ocrx_word' id='word_1_224' title='bbox 745 2603 824 2636; x_wconf 88' lang='lat' dir='ltr'>cruce</span> <span class='ocrx_word' id='word_1_225' title='bbox 849 2587 958 2651; x_wconf 82' lang='lat' dir='ltr'>adpicta</span> <span class='ocrx_word' id='word_1_226' title='bbox 983 2588 1075 2640; x_wconf 87' lang='lat' dir='ltr'>edidit.</span> 
     </span>
    </p>

    <p class='ocr_par' dir='ltr' id='par_1_4' title="bbox 93 2671 1075 3601">
     <span class='ocr_line' id='line_1_28' title="bbox 200 2671 1075 2733; baseline 0.003 -9"><span class='ocrx_word' id='word_1_227' title='bbox 200 2690 224 2724; x_wconf 91' lang='lat' dir='ltr'>c.</span> <span class='ocrx_word' id='word_1_228' title='bbox 242 2674 283 2733; x_wconf 80' lang='grc'>24,</span> <span class='ocrx_word' id='word_1_229' title='bbox 305 2675 332 2720; x_wconf 87' lang='lat'>1:</span> <span class='ocrx_word' id='word_1_230' title='bbox 350 2672 417 2725; x_wconf 86' lang='lat' dir='ltr'>haec</span> <span class='ocrx_word' id='word_1_231' title='bbox 435 2688 479 2725; x_wconf 84' lang='lat' dir='ltr'>res</span> <span class='ocrx_word' id='word_1_232' title='bbox 497 2673 656 2726; x_wconf 71' lang='lat' dir='ltr'>neccessario</span> <span class='ocrx_word' id='word_1_233' title='bbox 676 2671 827 2724; x_wconf 86' lang='lat' dir='ltr'>devocabat</span> <span class='ocrx_word' id='word_1_234' title='bbox 845 2688 916 2725; x_wconf 89' lang='lat' dir='ltr'>eura</span> <span class='ocrx_word' id='word_1_235' title='bbox 934 2673 974 2725; x_wconf 91' lang='lat' dir='ltr'>ad</span> <span class='ocrx_word' id='word_1_236' title='bbox 993 2673 1075 2727; x_wconf 81' lang='lat' dir='ltr'>dinti-</span> 
     </span>
     <span class='ocr_line' id='line_1_29' title="bbox 95 2756 1075 2828; baseline -0.001 -16"><span class='ocrx_word' id='word_1_237' title='bbox 95 2759 219 2812; x_wconf 84' lang='lat' dir='ltr'>eandum</span> <span class='ocrx_word' id='word_1_238' title='bbox 242 2761 280 2810; x_wconf 81' lang='lat' dir='ltr'>ut</span> <span class='ocrx_word' id='word_1_239' title='bbox 305 2756 507 2828; x_wconf 73' lang='lat' dir='ltr'>descenderet]</span> <span class='ocrx_word' id='word_1_240' title='bbox 539 2761 578 2808; x_wconf 91' lang='lat' dir='ltr'>sic</span> <span class='ocrx_word' id='word_1_241' title='bbox 603 2766 632 2807; x_wconf 92' lang='lat' dir='ltr'>ut</span> <span class='ocrx_word' id='word_1_242' title='bbox 656 2767 737 2808; x_wconf 88' lang='lat' dir='ltr'>antea</span> <span class='ocrx_word' id='word_1_243' title='bbox 762 2760 910 2810; x_wconf 90' lang='lat' dir='ltr'>secundum</span> <span class='ocrx_word' id='word_1_244' title='bbox 934 2761 950 2815; x_wconf 78' lang='lat' dir='ltr'><strong>f</strong></span> <span class='ocrx_word' id='word_1_245' title='bbox 970 2763 1075 2828; x_wconf 87' lang='lat' dir='ltr'>scripsi.</span> 
     </span>
     <span class='ocr_line' id='line_1_30' title="bbox 94 2844 1074 2912; baseline 0.004 -15"><span class='ocrx_word' id='word_1_246' title='bbox 94 2848 178 2912; x_wconf 83' lang='lat' dir='ltr'>vulgo</span> <span class='ocrx_word' id='word_1_247' title='bbox 203 2844 354 2897; x_wconf 86' lang='lat' dir='ltr'>devocabat</span> <span class='ocrx_word' id='word_1_248' title='bbox 372 2849 409 2897; x_wconf 89' lang='lat' dir='ltr'>ut</span> <span class='ocrx_word' id='word_1_249' title='bbox 431 2845 469 2898; x_wconf 90' lang='lat' dir='ltr'>ad</span> <span class='ocrx_word' id='word_1_250' title='bbox 488 2845 681 2898; x_wconf 81' lang='lat' dir='ltr'>dimicandum</span> <span class='ocrx_word' id='word_1_251' title='bbox 701 2845 885 2901; x_wconf 82' lang='lat' dir='ltr'>descenderet.</span> <span class='ocrx_word' id='word_1_252' title='bbox 916 2852 993 2901; x_wconf 85' lang='lat' dir='ltr'>abest</span> <span class='ocrx_word' id='word_1_253' title='bbox 1010 2868 1074 2902; x_wconf 84' lang='lat' dir='ltr'>vcro</span> 
     </span>
     <span class='ocr_line' id='line_1_31' title="bbox 94 2932 1075 2993; baseline 0.003 -8"><span class='ocrx_word' id='word_1_254' title='bbox 94 2936 133 2985; x_wconf 78' lang='lat' dir='ltr'>ui</span> <span class='ocrx_word' id='word_1_255' title='bbox 155 2933 190 2983; x_wconf 84' lang='lat' dir='ltr'>ab</span> <span class='ocrx_word' id='word_1_256' title='bbox 216 2932 293 2992; x_wconf 84' lang='lat' dir='ltr'>ahl,</span> <span class='ocrx_word' id='word_1_257' title='bbox 321 2939 347 2982; x_wconf 88' lang='lat' dir='ltr'>et</span> <span class='ocrx_word' id='word_1_258' title='bbox 368 2934 543 2982; x_wconf 87' lang='lat' dir='ltr'>verisimilius</span> <span class='ocrx_word' id='word_1_259' title='bbox 570 2939 624 2993; x_wconf 88' lang='lat' dir='ltr'>est,</span> <span class='ocrx_word' id='word_1_260' title='bbox 653 2933 723 2984; x_wconf 84' lang='lat' dir='ltr'>banc</span> <span class='ocrx_word' id='word_1_261' title='bbox 748 2937 872 2987; x_wconf 87' lang='lat' dir='ltr'>voculam</span> <span class='ocrx_word' id='word_1_262' title='bbox 897 2941 968 2990; x_wconf 89' lang='lat' dir='ltr'>inter</span> <span class='ocrx_word' id='word_1_263' title='bbox 990 2941 1075 2989; x_wconf 86' lang='lat' dir='ltr'>verba</span> 
     </span>
     <span class='ocr_line' id='line_1_32' title="bbox 95 3016 1074 3091; baseline 0 -20"><span class='ocrx_word' id='word_1_264' title='bbox 95 3016 274 3086; x_wconf 83' lang='lat' dir='ltr'>dimicartd]u</span> <span class='ocrx_word' id='word_1_265' title='bbox 294 3017 483 3086; x_wconf 88' lang='lat' dir='ltr'>d[escenderet</span> <span class='ocrx_word' id='word_1_266' title='bbox 502 3021 642 3071; x_wconf 85' lang='lat' dir='ltr'>excidisse.</span> <span class='ocrx_word' id='word_1_267' title='bbox 660 3051 695 3060; x_wconf 96' lang='lat'><em>-</em></span> <span class='ocrx_word' id='word_1_268' title='bbox 712 3024 736 3083; x_wconf 71' lang='lat'>§-</span> <span class='ocrx_word' id='word_1_269' title='bbox 750 3026 778 3072; x_wconf 79' lang='lat' dir='ltr'>t:</span> <span class='ocrx_word' id='word_1_270' title='bbox 799 3024 899 3091; x_wconf 75' lang='lat' dir='ltr'>quibus</span> <span class='ocrx_word' id='word_1_271' title='bbox 912 3040 999 3091; x_wconf 66' lang='lat' dir='ltr'>neoris,</span> <span class='ocrx_word' id='word_1_272' title='bbox 1017 3041 1074 3076; x_wconf 80' lang='lat' dir='ltr'>non</span> 
     </span>
     <span class='ocr_line' id='line_1_33' title="bbox 95 3103 1073 3178; baseline 0.002 -22"><span class='ocrx_word' id='word_1_273' title='bbox 95 3103 186 3157; x_wconf 81' lang='lat' dir='ltr'>uirtus</span> <span class='ocrx_word' id='word_1_274' title='bbox 205 3103 295 3155; x_wconf 88' lang='lat' dir='ltr'>saluti</span> <span class='ocrx_word' id='word_1_275' title='bbox 313 3103 380 3169; x_wconf 74' lang='lat' dir='ltr'>fuit.</span> <span class='ocrx_word' id='word_1_276' title='bbox 404 3121 456 3171; x_wconf 77' lang='lat' dir='ltr'>quo</span> <span class='ocrx_word' id='word_1_277' title='bbox 476 3105 611 3168; x_wconf 81' lang='lat' dir='ltr'>subsidio,</span> <span class='ocrx_word' id='word_1_278' title='bbox 630 3108 688 3161; x_wconf 84' lang='lat' dir='ltr'>uisi</span> <span class='ocrx_word' id='word_1_279' title='bbox 708 3108 934 3178; x_wconf 78' lang='lat' dir='ltr'>advesperasset,</span> <span class='ocrx_word' id='word_1_280' title='bbox 962 3126 980 3160; x_wconf 95' lang='lat' dir='ltr'>a</span> <span class='ocrx_word' id='word_1_281' title='bbox 998 3125 1073 3174; x_wconf 75' lang='lat' dir='ltr'>pau-</span> 
     </span>
     <span class='ocr_line' id='line_1_34' title="bbox 95 3189 1073 3265; baseline -0.001 -22"><span class='ocrx_word' id='word_1_282' title='bbox 95 3189 219 3243; x_wconf 88' lang='lat' dir='ltr'>cioribus</span> <span class='ocrx_word' id='word_1_283' title='bbox 236 3191 344 3242; x_wconf 85' lang='lat' dir='ltr'>nostris</span> <span class='ocrx_word' id='word_1_284' title='bbox 366 3191 451 3260; x_wconf 77' lang='lat' dir='ltr'>[auerti</span> <span class='ocrx_word' id='word_1_285' title='bbox 470 3193 591 3264; x_wconf 72' lang='lat' dir='ltr'>auxilio]</span> <span class='ocrx_word' id='word_1_286' title='bbox 605 3194 717 3262; x_wconf 80' lang='lat' dir='ltr'>priuati</span> <span class='ocrx_word' id='word_1_287' title='bbox 735 3197 852 3265; x_wconf 85' lang='lat' dir='ltr'>csseut.]]</span> <span class='ocrx_word' id='word_1_288' title='bbox 872 3196 972 3246; x_wconf 84' lang='lat' dir='ltr'>seclusi</span> <span class='ocrx_word' id='word_1_289' title='bbox 990 3195 1073 3242; x_wconf 83' lang='lat' dir='ltr'>verba</span> 
     </span>
     <span class='ocr_line' id='line_1_35' title="bbox 94 3275 1072 3346; baseline -0.002 -18"><span class='ocrx_word' id='word_1_290' title='bbox 94 3275 170 3328; x_wconf 72' lang='lat' dir='ltr'>omiti</span> <span class='ocrx_word' id='word_1_291' title='bbox 195 3275 319 3343; x_wconf 78' lang='lat' dir='ltr'>auxilio,</span> <span class='ocrx_word' id='word_1_292' title='bbox 346 3280 374 3327; x_wconf 88' lang='lat' dir='ltr'>in</span> <span class='ocrx_word' id='word_1_293' title='bbox 398 3281 510 3346; x_wconf 90' lang='lat' dir='ltr'>reliquis</span> <span class='ocrx_word' id='word_1_294' title='bbox 534 3298 597 3331; x_wconf 91' lang='lat' dir='ltr'>vero</span> <span class='ocrx_word' id='word_1_295' title='bbox 623 3283 746 3333; x_wconf 88' lang='lat' dir='ltr'>codicum</span> <span class='ocrx_word' id='word_1_296' title='bbox 765 3283 910 3332; x_wconf 88' lang='lat' dir='ltr'>consensui</span> <span class='ocrx_word' id='word_1_297' title='bbox 928 3281 1072 3328; x_wconf 90' lang='lat' dir='ltr'>obsecutus</span> 
     </span>
     <span class='ocr_line' id='line_1_36' title="bbox 94 3360 1070 3434; baseline 0 -21"><span class='ocrx_word' id='word_1_298' title='bbox 94 3380 160 3413; x_wconf 91' lang='lat' dir='ltr'>sum.</span> <span class='ocrx_word' id='word_1_299' title='bbox 193 3360 275 3430; x_wconf 89' lang='lat' dir='ltr'>(unus</span> <span class='ocrx_word' id='word_1_300' title='bbox 294 3379 313 3417; x_wconf 85' lang='lat' dir='ltr'>a</span> <span class='ocrx_word' id='word_1_301' title='bbox 332 3364 422 3430; x_wconf 78' lang='lat' dir='ltr'>quod</span> <span class='ocrx_word' id='word_1_302' title='bbox 440 3365 568 3418; x_wconf 83' lang='lat' dir='ltr'>subsidio</span> <span class='ocrx_word' id='word_1_303' title='bbox 587 3365 689 3434; x_wconf 86' lang='lat' dir='ltr'>habet.)</span> <span class='ocrx_word' id='word_1_304' title='bbox 719 3373 799 3416; x_wconf 85' lang='lat' dir='ltr'>antea</span> <span class='ocrx_word' id='word_1_305' title='bbox 819 3382 879 3415; x_wconf 92' lang='lat' dir='ltr'>cum</span> <span class='ocrx_word' id='word_1_306' title='bbox 898 3363 1070 3427; x_wconf 78' lang='lat' dir='ltr'>Nipperdcio,</span> 
     </span>
     <span class='ocr_line' id='line_1_37' title="bbox 94 3448 1071 3516; baseline 0.004 -16"><span class='ocrx_word' id='word_1_307' title='bbox 94 3465 209 3516; x_wconf 90' lang='lat' dir='ltr'>quocum</span> <span class='ocrx_word' id='word_1_308' title='bbox 230 3450 311 3498; x_wconf 89' lang='lat' dir='ltr'>etiam</span> <span class='ocrx_word' id='word_1_309' title='bbox 329 3451 435 3500; x_wconf 89' lang='lat' dir='ltr'>Kraner</span> <span class='ocrx_word' id='word_1_310' title='bbox 454 3456 480 3499; x_wconf 90' lang='lat' dir='ltr'>et</span> <span class='ocrx_word' id='word_1_311' title='bbox 498 3451 611 3501; x_wconf 80' lang='lat' dir='ltr'>Dtibner</span> <span class='ocrx_word' id='word_1_312' title='bbox 628 3453 763 3512; x_wconf 87' lang='lat' dir='ltr'>fecerunt,</span> <span class='ocrx_word' id='word_1_313' title='bbox 791 3451 951 3514; x_wconf 89' lang='lat' dir='ltr'>scripseram</span> <span class='ocrx_word' id='word_1_314' title='bbox 971 3448 1071 3514; x_wconf 77' lang='lat' dir='ltr'>quibus</span> 
     </span>
     <span class='ocr_line' id='line_1_38' title="bbox 93 3532 1070 3601; baseline 0.003 -12"><span class='ocrx_word' id='word_1_315' title='bbox 93 3550 173 3589; x_wconf 87' lang='lat' dir='ltr'>mous</span> <span class='ocrx_word' id='word_1_316' title='bbox 197 3549 255 3586; x_wconf 76' lang='lat' dir='ltr'>riori</span> <span class='ocrx_word' id='word_1_317' title='bbox 277 3534 370 3588; x_wconf 87' lang='lat' dir='ltr'>uirtus</span> <span class='ocrx_word' id='word_1_318' title='bbox 394 3532 483 3586; x_wconf 84' lang='lat' dir='ltr'>saluti</span> <span class='ocrx_word' id='word_1_319' title='bbox 504 3533 564 3596; x_wconf 81' lang='lat' dir='ltr'>fuit</span> <span class='ocrx_word' id='word_1_320' title='bbox 587 3533 760 3589; x_wconf 85' lang='lat' dir='ltr'>subsidio.</span> <span class='ocrx_word' id='word_1_321' title='bbox 791 3533 881 3601; x_wconf 79' lang='lat' dir='ltr'>quod</span> <span class='ocrx_word' id='word_1_322' title='bbox 907 3532 965 3587; x_wconf 90' lang='lat' dir='ltr'>uisi</span> <span class='ocrx_word' id='word_1_323' title='bbox 988 3537 1070 3592; x_wconf 87' lang='lat' dir='ltr'>adue·</span> 
     </span>
    </p>
   </div>
   <div class='ocr_carea' id='block_1_3' title="bbox 144 3639 920 3688">
    <p class='ocr_par' dir='ltr' id='par_1_5' title="bbox 144 3639 920 3688">
     <span class='ocr_line' id='line_1_39' title="bbox 144 3639 920 3688; baseline -0.009 0"><span class='ocrx_word' id='word_1_324' title='bbox 144 3646 231 3688; x_wconf 84' lang='lat' dir='ltr'>Caesar.</span> <span class='ocrx_word' id='word_1_325' title='bbox 245 3645 274 3686; x_wconf 80' lang='grc' dir='ltr'>Π,</span> <span class='ocrx_word' id='word_1_326' title='bbox 906 3639 920 3688; x_wconf 86' lang='lat' dir='ltr'>f</span> 
     </span>
    </p>
   </div>
   <div class='ocr_carea' id='block_1_4' title="bbox 0 0 1192 3924">
    <p class='ocr_par' dir='ltr' id='par_1_6' title="bbox 0 0 1192 3924">
     <span class='ocr_line' id='line_1_40' title="bbox 0 0 1192 3924; baseline 0 5"><span class='ocrx_word' id='word_1_327' title='bbox 0 0 1192 3924; x_wconf 95' lang='lat' dir='ltr'> </span> 
     </span>
    </p>
   </div>
  </div>
 </body>
</html>
