2376 3924
424 231 819 285 murmurare-s
1045 234 1111 299 {ge

132 419 270 485 dedisse
290 419 428 486 obsides
448 442 553 509 atque
573 425 610 486 iu
626 422 728 487 tidem
741 440 898 508 receptas
912 446 998 491 esse.
1020 424 1110 491 idem

130 523 297 589 fecerunt.

216 628 249 692 4.
264 626 567 694 Cursumilitrbus
573 652 635 716 pro
643 648 742 694 tanto
752 629 920 696 laborent
931 634 1109 718 patientia.

131 735 189 820 qui
204 731 414 799 brumalibus
428 732 549 798 diebus
564 733 743 798 itineribus
764 733 984 803 difficillimis,
1005 736 1108 820 frigo·

131 837 227 902 ribus
254 835 481 901 intolerandis
508 836 759 901 studiosissime
787 858 1043 922 permanserant
1073 840 1108 903 in

130 941 259 1023 labore,
281 941 430 1006 ducatos
452 944 639 1009 sestertios.
663 941 919 1007 centurionibus
941 958 991 1006 tot
1014 940 1107 1006 milis

129 1068 300 1112 nummum
314 1045 465 1131 praedae
478 1047 613 1110 nomine
627 1045 854 1111 condonanda
868 1044 1048 1130 pollicetur
1061 1043 1108 1110 le·

131 1149 356 1235 gionibusque
378 1151 413 1214 in
434 1149 577 1214 hiberna
600 1151 752 1214 remissis
775 1152 847 1234 ipse
863 1172 901 1214 se
915 1151 1036 1235 recipit
1052 1148 1108 1215 die

130 1253 412 1321 xmssrbracte.
423 1253 478 1319 Ibi
489 1277 566 1319 cum
578 1256 631 1319 ius
644 1254 782 1333 diceret,
794 1254 966 1337 Bituriges
978 1254 1130 1321 adeunti

131 1357 265 1442 legatos
286 1360 427 1423 mittunt
448 1359 615 1423 auxilium
637 1359 779 1444 petitum
793 1370 913 1422 contra
929 1356 1107 1431 Carnutes,

130 1484 215 1548 quos
242 1461 400 1527 intulisse
431 1461 557 1527 bellum
591 1461 657 1527 sibi
691 1461 930 1547 querebantur.
965 1461 1040 1544 Qus
1069 1484 1129 1529 res

130 1568 280 1651 cognita,
306 1588 384 1632 eum
411 1566 485 1633 dies
514 1589 580 1632 non
604 1567 750 1653 amplius
774 1566 890 1631 decem
913 1575 947 1631 et
970 1576 1047 1632 octo
1070 1566 1106 1631 in

131 1669 282 1736 hibernis
310 1679 401 1735 esset
428 1682 593 1753 moratus,
624 1669 776 1754 legiones
806 1687 894 1736 xlm.
924 1680 958 1734 et
986 1683 1033 1734 t'L
1061 1692 1104 1735 ex

130 1773 281 1840 hibernis
296 1774 341 1841 ab
355 1774 466 1841 Arare
480 1777 605 1860 educit,
629 1799 713 1862 quas
732 1775 780 1840 ibi
797 1774 983 1841 collocatas
999 1773 1105 1862 expli·

130 1877 262 1943 caudae
283 1882 333 1945 rei
354 1881 598 1946 frumentariae
619 1901 725 1945 causa
745 1880 918 1965 superiore
940 1900 1105 1945 commen·

128 1983 218 2048 tario
235 1982 501 2049 demonstratum
515 1993 583 2065 est3
605 1985 655 2047 ita
674 2003 750 2046 eum
767 1981 898 2046 duabus
914 1979 1107 2066 legionibus

129 2086 176 2151 ad
196 2086 444 2173 persequendos
466 2085 636 2153 Carnutes
660 2086 894 2172 proficiscitur.

214 2190 246 2254 5.
268 2189 353 2256 Cum
367 2191 457 2256 fama
472 2193 644 2256 exercitus
666 2189 712 2255 ud
726 2190 840 2254 hostes
858 2198 947 2254 esset
962 2187 1105 2274 perlata,

128 2292 327 2359 calamitate
347 2302 536 2359 ceterorum
558 2295 653 2360 ducti
668 2291 836 2359 Carnutes
860 2291 1002 2357 desertis
1019 2292 1105 2356 vicis

129 2398 336 2485 oppidisque,
365 2421 452 2484 quae
480 2397 680 2463 tolerandae
706 2396 826 2462 hiemis
853 2417 958 2461 causa
980 2395 1104 2460 eonsti-

128 2503 211 2567 tutis
234 2510 372 2587 repente
396 2501 528 2585 exiguis
552 2502 597 2567 ad
620 2502 858 2566 necessitatem
875 2499 1039 2566 aedificiis
1055 2498 1105 2563 in·

128 2603 287 2670 colebant
302 2605 422 2691 (nuper
436 2607 524 2670 enim
542 2605 667 2670 devicti
682 2602 856 2690 complura
873 2602 996 2689 oppida
1010 2601 1105 2668 dimi·

129 2713 267 2792 serant),
294 2707 438 2793 dispersi
453 2709 658 2795 profugiunt.
682 2706 810 2774 Caesar
832 2715 1042 2794 erumpentes
1066 2727 1125 2773 eot

127 2813 275 2877 maxime
297 2819 446 2896 tempore
463 2813 647 2877 acerrimas
663 2819 884 2897 tempestates
900 2832 975 2876 eum
992 2809 1104 2876 subire

127 2913 1105 3002 militesnollet,inoppidoCarnutumGenebocastraponit

128 3027 230 3104 atque
252 3019 287 3082 in
310 3026 403 3084 tecta
417 3021 542 3105 partim
560 3017 746 3104 Gallorum,
769 3020 894 3106 partim
918 3041 1003 3106 quae
1027 3040 1104 3085 con·

128 3123 226 3187 ieetis
234 3120 391 3189 celeriter
403 3125 599 3190 stramentis
612 3124 834 3189 tentoriorum
847 3122 1103 3207 integendorum

128 3227 241 3310 gratia
257 3224 391 3290 collectis
407 3235 504 3293 erant
528 3227 756 3311 inaedificata,
779 3228 904 3294 milites
925 3228 1102 3312 compegit.

127 3328 268 3415 Equites
281 3338 394 3395 tamen
407 3340 440 3397 et
453 3332 653 3398 auxiliarios
666 3332 797 3418 pedites
810 3333 844 3396 in
859 3352 972 3397 omnes
988 3338 1124 3415 pertusa

127 3435 243 3520 mittit,
267 3455 494 3522 quascumque
515 3437 642 3522 petisse
667 3434 868 3501 dicebantur
886 3434 1018 3516 hostes3
1041 3455 1104 3498 nec
1178 3420 1184 3529 l

127 3537 271 3623 frustra3
292 3560 373 3605 nam
387 3538 582 3626 plerumque
597 3560 722 3624 magna
737 3538 866 3626 praeda
880 3538 980 3625 potiti
995 3537 1103 3603 nostri
