2376 3924
154 192 215 257 173
467 191 519 240 ns
535 190 658 241 88880
676 190 837 240 0888880

152 381 269 468 diripit
299 392 402 468 atque
428 381 591 466 incendit,
624 381 787 468 praedam
813 380 980 446 militibus
1011 381 1129 465 donat,

151 487 338 552 exercitum
365 485 526 570 Ligerem
553 486 705 551 traducit
736 496 838 571 atque
870 487 906 550 in
934 484 1129 569 Biturigum

149 591 234 656 fines
255 593 421 677 pervenit.
1129 583 1132 587 ¹

255 695 305 761 12.
317 696 591 780 Vercingetorix,
602 693 660 759 ubi
676 694 719 759 de
730 691 890 758 Caesaris
904 692 1056 758 adventu
1070 717 1127 760 co·

150 801 279 883 gnovit,
295 801 547 886 oppugnatione
562 798 696 864 destitit
710 807 812 883 atque
834 796 969 862 obviam
984 798 1126 863 Caesari

127 904 382 988 ’proficiscitur
395 901 457 967 Ille
473 902 631 989 oppidum
645 900 836 984 Biturigum
855 903 1002 986 positum
1017 903 1052 965 in
1068 903 1126 967 via

126 1005 384 1071 ³Noviodunum
407 1026 602 1092 oppugnare
616 1007 823 1071 instituerat.
846 1004 921 1086 Quo
943 1027 986 1070 ex
1002 1004 1124 1091 oppido

148 1131 225 1175 cum
247 1109 354 1193 legati
377 1109 514 1174 adeum
533 1111 707 1175 venissent
723 1117 864 1191 oratum,
887 1119 925 1172 ut
940 1107 1006 1173 sibi
1029 1111 1124 1192 igno-

148 1223 257 1280 sceret
281 1236 427 1299 suaeque
448 1216 542 1280 vitae
564 1213 767 1297 consuleret,
788 1223 827 1278 ut
849 1213 1025 1279 celeritate
1046 1213 1124 1278 reli·

147 1339 232 1405 quas
255 1340 309 1383 res
328 1319 520 1403 conficeret,
542 1340 608 1406 qua
630 1317 792 1405 pleraque
815 1328 890 1383 erat
909 1327 1122 1400 consecutus,

147 1444 241 1488 arma
263 1423 420 1500 conferri,
443 1444 546 1509 equos
574 1422 727 1509 produci,
756 1421 891 1487 obsides
919 1421 994 1487 dari
1019 1422 1123 1489 iubet.

123 1527 248 1594 «Parte
260 1528 328 1592 iam
341 1526 495 1592 obsidum
511 1525 651 1608 tradita,
667 1548 742 1591 cum
757 1525 888 1611 reliqua
903 1525 1122 1592 administra·

146 1639 272 1714 rentur,
288 1629 541 1695 centurionibus
554 1638 588 1694 et
599 1630 718 1717 paucis
729 1627 894 1694 militibus
907 1631 1123 1716 intromissis,

146 1736 204 1820 qui
226 1757 322 1800 arma
345 1736 561 1820 iumentaque
583 1735 832 1819 conquirerent,
862 1734 1032 1820 equitatus
1063 1734 1122 1801 ho·

145 1839 246 1904 stium
267 1837 385 1924 procul
408 1838 502 1903 visus
526 1846 588 1920 est,
610 1839 668 1923 qui
691 1857 813 1921 agmen
828 1837 1121 1923 Vercingetorigis

122 1951 385 2009 santecesserat.
410 1942 518 2024 Quem
538 1941 739 2030 simulatque
760 1942 921 2028 oppidani
936 1964 1120 2029 conspexe-

143 2056 347 2136 mutatque
370 2047 405 2111 in
429 2068 521 2132 spem
544 2046 665 2112 auxilii
680 2057 855 2131 venerunt,
879 2046 1026 2114 clamore
1043 2046 1120 2113 sub-

144 2152 214 2217 lato
243 2174 336 2217 arma
366 2173 497 2237 capere,
527 2160 645 2237 portas
674 2150 845 2234 claudere,
872 2173 1002 2217 murum
1029 2173 1120 2216 com-

120 2255 235 2343 rplere
258 2265 452 2343 coeperunt.
497 2254 721 2321 Centuriones
749 2257 784 2320 in
815 2254 948 2341 oppido,
977 2277 1052 2321 cum
1075 2279 1120 2322 ex

144 2361 392 2443 significatione
426 2357 602 2425 Gallorum
630 2361 708 2425 novi
738 2357 868 2444 aliquid
896 2358 940 2424 ab
968 2361 1010 2424 iis
1038 2360 1119 2425 iniri

142 2462 276 2528 consilii
288 2463 549 2547 intellexissent,
565 2462 691 2547 gladiis
706 2462 878 2527 destrictis
890 2470 1006 2548 portas
1020 2483 1116 2528 occu·

140 2579 308 2654 paverunt
332 2590 475 2655 suosque
499 2590 612 2634 omncs
637 2567 822 2633 incolumes
845 2575 1054 2654 receperunt.

246 2671 295 2738 13.
319 2673 446 2740 Caesar
469 2696 512 2738 ex
535 2673 659 2738 castris
684 2673 869 2758 equitatum
892 2671 990 2737 educi
1012 2670 1116 2756 iubet,

139 2777 305 2862 proelium
322 2786 477 2864 equestre
493 2778 689 2860 committit,
713 2775 947 2841 laborantibus
963 2777 1031 2840 iam
1048 2777 1115 2841 suis

140 2877 328 2946 Germanos
354 2883 482 2968 equites
506 2881 642 2946 circiter
664 2895 748 2943 cccc
764 2878 943 2965 submittit,
967 2901 1050 2967 quos
1072 2879 1117 2946 ab

117 2985 236 3050 sinitio
261 2984 386 3051 habere
410 3007 523 3051 secum
551 2986 758 3050 instituerat.
801 2983 928 3050 Eorum
956 2985 1116 3069 impetum
1145 3053 1147 3057 ,

141 3087 232 3155 Galli
256 3090 422 3155 sustinere
444 3112 510 3155 non
534 3095 715 3175 potueruut
738 3097 840 3174 atque
855 3089 890 3153 in
906 3086 1022 3171 fugam
1037 3107 1115 3151 con-

138 3193 218 3259 iecti
230 3191 344 3257 multis
362 3193 496 3258 amissis
513 3214 549 3258 se
562 3191 607 3256 ad
619 3212 740 3275 agmen
757 3201 966 3278 receperunt.
983 3189 1114 3272 Quibus

137 3296 324 3384 profligatis
348 3318 464 3362 rursus
488 3294 647 3381 oppidani
669 3298 841 3381 perterriti
856 3295 1113 3382 comprehensos

138 3423 205 3486 eos,
225 3421 364 3487 quorum
377 3421 477 3485 opera
493 3397 623 3484 plebem
640 3401 846 3465 concitatam
859 3398 1113 3484 existimabant,

138 3504 182 3571 ad
205 3503 386 3572 Caesarem
408 3502 639 3590 perduxerunt
668 3523 810 3589 seseque
838 3504 868 3568 ei
898 3500 1112 3569 dediderunt,
