2378 3922
94 230 147 280 XII
394 227 605 280 ADNOTATIO
626 227 771 279 CRITIOA

96 425 251 484 corruptum
281 434 340 468 esse
365 420 508 468 statuimus
538 434 571 468 ex
598 415 906 495 constratisque²);
941 416 990 466 has
1019 418 1072 466 iam

96 521 180 556 naves
199 507 361 556 constratas
386 503 450 554 illas
474 503 570 569 longas
589 519 656 565 esse,
683 502 716 552 de
741 504 839 569 quibus
858 518 880 552 c.
899 503 933 552 29
951 502 1075 564 refertur,

95 607 150 641 non
168 597 208 641 est
226 589 297 656 quod
315 589 439 654 pluribus
457 581 593 654 aperiam?

199 710 222 742 c.
241 694 282 755 23,
295 693 325 741 3:
338 691 480 744 mentetua
493 695 613 760 cupuote
624 706 701 744 mure
713 689 936 760 continebaturfl
955 694 1075 760 cupuate

96 779 193 844 scripsi
219 795 267 844 pro
295 776 435 846 artpustia,
464 778 536 843 quod
564 778 641 828 codd.
664 778 803 843 praebent.
833 779 910 828 mitto
937 793 1075 843 quaerere,

96 879 159 913 num
180 866 289 914 omnino
316 869 421 914 montes
450 863 567 932 aupuatc'
594 864 648 914 dici
676 863 794 929 possint3
822 869 851 914 at
877 868 950 914 certe
976 880 1009 914 ex
1025 863 1076 913 tali

96 951 225 1000 montium
246 956 343 1000 natura
361 949 480 1000 nondum
498 950 659 1010 ediceretur,
678 965 727 1000 cur
744 941 786 999 ‘ex
804 948 872 1000 locis
891 949 1076 1014 superioribus

95 1037 124 1084 in
148 1035 213 1085 litus
239 1036 322 1086 telum
348 1035 422 1102 adigi
444 1033 579 1100 potuerit?
609 1036 661 1086 boc
687 1041 745 1086 tum
772 1035 878 1086 demum
906 1036 1034 1100 aperitur,
1052 1035 1076 1084 si

96 1136 170 1171 mare
188 1121 324 1171 montibus
344 1124 496 1189 coequato
515 1122 712 1182 continebatur,
731 1122 771 1171 ita
782 1127 813 1171 ut
825 1122 879 1186 ipsi
896 1121 971 1172 litori
989 1121 1075 1170 immi-

98 1212 202 1258 nerent.

200 1310 222 1343 c.
241 1294 284 1355 26,
307 1297 333 1342 l:
349 1291 642 1362 perturbaretur}
661 1293 695 1343 de
713 1291 765 1343 hoc
782 1297 926 1358 praesente
938 1293 1075 1355 historico,

95 1380 168 1446 quod
187 1378 281 1445 optimi
292 1379 356 1428 libri
368 1379 479 1442 habent,
491 1379 555 1430 vide
568 1379 640 1445 quod
651 1380 781 1430 adnotavi
799 1380 827 1428 in
846 1378 941 1429 libello
952 1372 1076 1428 ‘Studien

97 1466 146 1516 auf
162 1466 223 1515 dem
243 1465 356 1516 Gebiete
380 1465 428 1516 der
451 1467 500 1516 lat.
520 1464 629 1532 Syntax‘
648 1482 673 1531 p.
693 1467 727 1516 30
745 1483 771 1515 n.
790 1467 836 1530 403
861 1467 944 1532 vulgo
960 1468 1075 1532 pertur-

98 1532 240 1587 babantur
259 1534 357 1586 editur.

200 1655 222 1688 c.
241 1640 282 1700 27,
300 1640 329 1688 4:
348 1638 517 1692 remiserunt
539 1643 570 1692 et
588 1637 620 1692 iu
639 1638 764 1707 peteuda
784 1653 855 1706 paee
879 1637 939 1691 eius
957 1637 1000 1690 rcc'
1019 1637 1077 1691 cul·

93 1738 164 1790 pam
181 1724 213 1776 iu
231 1723 442 1778 multitudinem
464 1725 643 1778 tonuerunt
664 1730 691 1778 et
708 1754 743 1765 —
760 1729 793 1778 ut
816 1724 1007 1793 ipceoaccretur
1027 1739 1077 1792 pe·

96 1805 240 1880 t'e'ceruut]
267 1827 328 1861 cum
346 1811 512 1877 Nipperdeio
536 1815 646 1877 etpost
669 1809 838 1864 remiserunt
855 1812 975 1861 inserere
993 1810 1078 1860 malui

96 1913 179 1963 quarn
207 1899 322 1963 abrupto
350 1897 430 1947 modo
459 1913 491 1947 ex
517 1898 608 1948 verbis
635 1897 667 1949 iu
687 1896 811 1964 petenda
830 1911 903 1963 pace
920 1912 1018 1948 novam
1036 1898 1077 1946 in-

97 1983 189 2047 cipere
208 1985 379 2033 sententiam.

200 2083 283 2147 ott,
304 2088 333 2135 1:
354 2086 489 2155 [uooc'tatc
512 2084 638 2154 pupuue]
663 2085 771 2148 inclusi,
797 2102 857 2136 curn
882 2092 974 2151 aperte
995 2087 1076 2137 inter·

97 2175 294 2236 pretamentum
314 2174 349 2222 sit
363 2174 507 2223 verborum
527 2170 628 2238 quibus
645 2170 735 2224 rebus.

199 2275 230 2324 B.
251 2275 282 2325 G.
300 2278 332 2338 V,
352 2279 375 2338 1,
394 2278 423 2326 2:
451 2275 490 2328 od
517 2290 604 2328 onera
631 2290 669 2328 ac
698 2273 909 2328 multitudinem
929 2303 964 2313 -
982 2277 1077 2326 traus-

94 2359 287 2431 portuudaut]
317 2377 350 2414 uc
369 2361 518 2413 Schneider
542 2377 574 2411 ex
601 2361 781 2411 deterioribus
809 2361 914 2425 aliquot
938 2359 1077 2410 codicibus

97 2449 213 2512 recepit;
238 2449 332 2512 optimi
349 2448 413 2497 libri
432 2446 475 2500 acl
493 2445 572 2500 mult.
590 2446 699 2509 habent,
719 2447 791 2513 quod
809 2447 937 2512 Nipperd.
956 2445 1077 2496 retinuit.

201 2566 226 2603 c.
243 2551 268 2613 2,
286 2551 316 2601 3:
344 2548 566 2618 [transmissum]
593 2565 610 2600 a
637 2551 743 2600 Faerno
771 2549 890 2599 deletum
920 2564 953 2598 ex
983 2564 1076 2599 recen·

97 2635 212 2684 tionibus
232 2635 382 2686 editoribus
400 2652 470 2686 unus
489 2636 594 2702 Frigell
613 2642 642 2686 ut
660 2637 808 2701 genuimrm
826 2635 947 2684 retinuit.

201 2737 224 2773 e.
243 2723 266 2783 7,
285 2723 314 2770 8:
333 2719 380 2773 tue
403 2720 473 2773 tanc
495 2725 642 2773 revocatus
664 2719 795 2773 resistere
819 2734 852 2773 ac
876 2733 905 2772 oe
926 2733 1013 2772 mareu
1032 2718 1078 2772 dc-

96 2803 212 2870 feudere
240 2821 409 2874 suorumque
434 2806 517 2872 fidene
544 2806 695 2875 implorare
723 2804 830 2875 coepit]
864 2822 926 2856 cum
949 2807 978 2856 in
1003 2811 1078 2856 ante·

98 2891 257 2942 cedentibus
275 2898 415 2944 narratum
433 2895 476 2954 sit,
490 2892 633 2945 Caesarem
647 2893 850 2958 Dumnorigem,
869 2893 893 2942 si
904 2892 959 2941 vim
977 2891 1079 2942 faceret

98 2993 186 3042 neque
204 2983 319 3043 pareret,
338 2978 454 3030 interfici
477 2980 599 3041 iussisse,
623 2981 703 3029 etiam
728 2984 810 3044 patet,
834 2983 992 3044 sequentem
1016 2991 1078 3026 sen·

200 3185 217 3235 1)
232 3184 299 3225 Miror
313 3195 350 3225 cur
364 3183 447 3224 Kraner
465 3184 488 3224 ot
502 3183 579 3225 Dinter
597 3182 755 3231 adnotaverint,
773 3194 807 3224 mc
820 3194 846 3224 ex
859 3180 936 3224 llocbii
955 3179 1079 3223 coniectura

98 3253 262 3304 constratisque
277 3251 399 3303 scripsisse.
422 3250 515 3302 primurn
533 3251 590 3292 enirn
604 3252 712 3302 volumen,
731 3250 895 3292 commentarios
909 3249 1006 3292 debello
1020 3248 1076 3290 Gall.

98 3321 219 3372 continens,
240 3320 311 3362 medita
333 3322 416 3362 aestate
434 3332 453 3361 a.
476 3319 619 3362 uncccnvl
638 3319 721 3372 publici
743 3317 799 3360 iuris
821 3318 865 3360 feci
888 3319 1009 3370 (praelatus
1032 3329 1079 3358 sum

100 3389 193 3440 ,Graecii
206 3389 255 3430 Kal.
271 3390 329 3431 Sext.
350 3401 370 3429 a.
390 3387 562 3440 Mocccnvr);
584 3388 661 3430 Kocbii
683 3399 734 3429 vero
754 3386 950 3429 animadversiones
971 3386 998 3428 ad
1021 3387 1078 3428 locos

97 3458 180 3508 aliquot
194 3457 332 3500 Caesarianos
352 3457 448 3499 Incertae
468 3459 519 3499 sunt
540 3457 670 3499 novissimae
690 3455 750 3497 Tomi
763 3455 799 3496 xl.
820 3456 875 3497 llus.
896 3457 963 3498 Rhen.
979 3454 1078 3505 sectIoni,

98 3538 153 3578 qnae
167 3526 230 3568 Initio
244 3526 328 3567 demum
342 3526 393 3567 anni
408 3524 496 3566 1857111
510 3526 580 3568 lucem
595 3524 683 3578 prodiit⁴
