2376 3924
156 221 196 284 72
455 221 505 270 DE
524 221 645 270 BELLO
668 219 827 270 GALLICO

156 412 359 497 expugnatis
380 409 606 496 compluribus
623 409 779 493 navibus,
802 431 877 473 cum
894 410 989 473 circi
1006 408 1134 473 nulium

156 516 361 599 reperiretur
384 514 565 596 auxilium,
589 515 670 598 fuga
693 512 837 579 salutem
860 523 975 599 petere
997 522 1134 577 conten·

133 616 288 685 aderunt.
312 618 361 682 Ac
385 620 452 682 iam
476 620 648 684 conversis
673 619 707 682 in
731 627 956 703 campartem
979 614 1134 698 navibus,

156 744 219 807 000
243 731 363 787 ventus
386 721 528 805 ferebat,
551 729 651 787 tanta
674 719 785 786 subito
809 719 954 785 malacia
979 741 1018 783 ac
1041 728 1134 783 tran-

156 824 307 910 quiliitas
325 827 468 908 exstitit,
490 834 527 889 ut
544 847 580 888 se
597 848 640 889 ex
655 824 729 889 loco
745 846 954 889 commovere
977 846 1043 888 non
1060 844 1132 908 pos·

133 938 240 994 ssent.
276 927 371 1007 Quae
394 928 527 1013 quidem
551 952 605 993 res
629 928 674 993 ad
696 930 868 1013 negotium
891 928 1135 992 conficiendum

133 1034 300 1098 amaxime
324 1033 386 1096 fuit
411 1042 615 1119 opportuna:
638 1056 716 1098 nam
747 1032 899 1117 singulas
924 1033 1032 1098 nostri
1057 1053 1135 1096 con·

137 1138 278 1200 sectati
302 1147 600 1221 expugnaverunt,
624 1146 661 1202 ut
684 1160 874 1224 perpaucae
898 1138 1051 1203 exomni
1076 1158 1135 1200 nu·

155 1262 247 1305 mero
270 1241 380 1305 noctis
398 1241 589 1305 interventu
611 1240 656 1306 ad
672 1251 796 1307 terram
811 1243 1037 1327 pervenerint,
1059 1261 1136 1303 cum

157 1343 200 1408 ab
216 1344 300 1409 hora
321 1345 391 1409 fere
408 1353 530 1430 quarta
547 1367 652 1431 usque
668 1345 713 1410 ad
730 1345 809 1410 solis
833 1368 991 1411 occasum
1006 1364 1135 1430 pugna-

157 1458 259 1513 retur.

114 1634 131 1655 l
246 1550 294 1615 16.
326 1551 400 1631 Quo
429 1551 555 1639 proelio
585 1552 710 1618 bellum
733 1553 938 1619 Venetorum
966 1554 1136 1640 totiusque

135 1677 237 1720 corae
266 1656 456 1720 maritimae
485 1656 675 1720 confectum
711 1664 771 1721 est.
817 1657 903 1722 Nam
930 1678 1006 1723 cum
1029 1659 1137 1721 omnis

158 1761 324 1843 iuventus,
349 1782 463 1826 omnes
487 1762 589 1824 etiam
613 1762 781 1843 gravioris
798 1763 934 1844 aetatis,
958 1762 992 1825 in
1017 1761 1138 1847 quibus

158 1862 286 1948 aliquid
309 1863 441 1929 consiiii
458 1873 516 1929 aut
535 1864 713 1948 dignitatis
736 1865 809 1948 fuit,
835 1887 872 1929 00
897 1875 1139 1955 convenerant,

158 1974 228 2029 tum
243 1966 380 2030 navium
396 1966 486 2052 quod
501 1965 625 2052 ubique
637 1967 747 2032 fuerat
767 1967 801 2031 in
818 1989 920 2033 unum
935 1967 1137 2034 100000000-

137 2077 296 2150 egerant3
317 2067 438 2154 quibus
462 2070 595 2133 amissis
612 2068 732 2155 reliqui
748 2091 856 2155 neque
872 2092 937 2156 quo
954 2094 990 2137 se
1011 2073 1138 2158 recipe·

158 2179 243 2253 rent,
256 2192 363 2256 neque
371 2171 651 2257 quemadmodum
664 2172 787 2258 oppida
796 2173 1024 2259 defenderent,
1037 2174 1138 2240 habe-

159 2276 252 2341 bant.
280 2277 400 2363 Itaque
424 2300 609 2365 saeuaque
633 2279 744 2343 omnia
768 2278 908 2344 Caesari
927 2279 1138 2345 dediderunt.

135 2380 197 2447 cIn
214 2401 297 2465 quos
313 2402 351 2444 eo
369 2381 507 2463 gravius
523 2379 651 2446 Caesar
666 2381 910 2448 vindicandum
926 2383 1058 2466 statuit,
1074 2404 1140 2469 quo

160 2482 358 2567 diligentius
382 2485 417 2548 in
440 2484 605 2571 reliquum
622 2495 751 2572 tempus
769 2506 789 2548 a
805 2483 963 2550 barbaris
979 2487 1032 2551 ius
1049 2485 1140 2570 lega-

158 2596 268 2652 torum
298 2599 567 2654 conservaretur.
604 2589 724 2675 Itaque
752 2590 839 2654 omni
870 2599 990 2654 senatu
1017 2600 1139 2656 necato

159 2690 306 2776 reliquos
330 2690 392 2756 sub
416 2713 541 2757 corona
569 2692 735 2757 vendidit.

248 2792 296 2858 17.
326 2794 415 2860 Dum
446 2795 530 2860 haec
560 2796 593 2859 in
619 2794 761 2860 Venetis
790 2804 969 2879 geruntur,
994 2795 1140 2878 Quintus

160 2898 308 2962 Titurius
323 2897 469 2964 Sabinus
483 2922 558 2964 cum
571 2900 612 2964 iis
625 2900 741 2985 copiis,
758 2920 842 2985 quas
855 2896 1031 2966 aansare
1043 2922 1139 2966 acce-

138 3012 265 3089 200000,
290 3003 325 3065 in
348 3002 431 3066 fines
456 3002 670 3068 Venellorum
693 3004 857 3088 pervenit.
896 3002 960 3068 His
983 3015 1141 3091 praeerat

160 3106 341 3171 Viridovix
349 3127 389 3170 ac
400 3127 561 3172 summam
575 3107 707 3192 imperii
716 3105 854 3172 tenebat
868 3127 983 3173 earum
996 3110 1141 3173 omnium

160 3211 347 3293 civitatum,
364 3230 450 3294 quae
463 3208 668 3294 defecerant,
685 3234 727 3276 ex
740 3212 861 3297 quibus
874 3215 1059 3279 exercitum
1071 3233 1141 3277 ma·

139 3334 312 3399 300000οθ
335 3316 450 3401 copias
474 3324 650 3398 coegerat3
680 3325 781 3402 atque
804 3318 856 3383 his
880 3319 997 3405 paucis
1022 3316 1140 3383 diebus

160 3416 733 3505 AulerciEburovicesLexoviique
746 3431 867 3489 senatu
880 3444 938 3487 suo
952 3420 1141 3505 interfecto,

162 3522 251 3608 quod
268 3530 424 3588 auctores
442 3521 520 3590 belli
537 3546 612 3589 esse
623 3521 797 3612 nolebant,
812 3535 928 3613 portas
944 3524 1143 3593 clauserunt
