2376 3924
93 226 117 274 X
394 222 607 276 ADNO'PATIO
626 224 771 275 calmet

92 408 153 462 ‘wie
176 411 263 463 aucb’.
294 418 413 463 ceterum
440 412 563 463 conferas
590 427 659 478 quae
684 412 760 463 Neue
779 413 851 479 (Lat.
868 412 1005 463 Formenl.
1024 413 1064 465 11²

92 516 118 564 p.
138 498 197 564 635)
216 498 249 549 de
267 514 319 549 usu
336 498 485 549 dictionum
509 512 615 565 quoque
633 513 730 552 ansus
753 504 781 550 et
804 512 911 566 quoquo
929 512 1027 552 uersus
1046 507 1075 551 et

93 584 166 650 apud
177 585 320 650 scriptores
331 584 494 634 vetustiores
504 585 568 634 etin
581 584 718 650 lapidibus
729 585 875 650 congessit.
892 584 1072 636 recentiorum

94 670 227 720 editorum
244 671 359 731 Kraner‚
377 669 498 734 Dlibuer,
517 671 622 734 Uiator,
645 670 749 721 Holder
772 687 833 721 cum
851 671 1016 737 Nipperdeio
1034 671 1072 722 fe·

97 761 200 820 cerunt,
217 755 322 822 Frigell
340 768 447 822 quoquo
465 770 562 809 uersas
581 756 673 807 edidit.

198 858 222 892 o.
241 842 283 903 24,
302 841 332 890 δε
360 856 422 894 cunt
446 855 500 895 sua
525 841 704 895 cunctatione
728 842 823 910 [atquc
846 842 979 909 cautione
997 841 1074 895 timi·

95 925 199 995 aines]
222 926 314 979 tostas
338 931 451 979 nostros
474 926 577 980 utititas
598 926 752 980 alacriores
771 927 810 981 ad
825 927 1015 996 annuendum
1032 926 1072 993 cf·

94 1011 245 1082 fecissent]
269 1013 425 1078 Nipperdey
443 1019 471 1063 et
482 1013 605 1078 plerique
623 1013 752 1079 deinceps
765 1014 883 1065 editores
896 1014 928 1067 R.
941 1013 1073 1080 Stephani

95 1105 255 1166 receperunt
265 1100 449 1149 coniecturam
461 1097 628 1165 opinione
640 1097 789 1152 timoris.
807 1105 835 1151 at
848 1115 908 1150 cum
922 1100 1073 1151 rectissime

94 1186 196 1236 dictum
215 1186 250 1235 sit
262 1183 422 1250 optuionem
436 1182 546 1236 timoris
555 1183 690 1251 praedem
700 1212 736 1224 -
747 1183 912 1250 confirmare
923 1211 958 1225 -
970 1199 1075 1254 auperc

94 1272 131 1337 (b.
151 1270 182 1321 G.
205 1270 353 1332 111‚17,c.
380 1271 458 1336 18,1.
482 1270 514 1331 V,
532 1272 574 1333 bl,
592 1267 629 1337 4),
657 1285 751 1322 vereor
781 1275 811 1321 ut
840 1269 946 1337 logicae
973 1271 1074 1321 rationi

93 1356 256 1422 respondeat
274 1357 410 1407 ablativus
422 1356 471 1406 ille
489 1354 620 1423 opinione
639 1354 749 1408 ttnmris
767 1353 888 1421 aliquem
906 1355 1075 1409 alacriorem

94 1442 133 1496 aot
150 1442 340 1512 nuntiandum
356 1442 459 1508 foena.
477 1444 505 1492 in
523 1443 613 1508 priore
632 1442 749 1492 editione
762 1443 894 1492 librorum
912 1443 1074 1508 scripturam

94 1530 186 1580 sanari
209 1545 288 1595 posse
316 1536 474 1594 putaveram
501 1528 625 1579 eicienda
652 1528 786 1594 particula
814 1531 911 1595 atqnct
938 1528 987 1578 sed
1013 1528 1075 1580 loco

93 1617 191 1666 iterum
218 1616 371 1679 iterumque
398 1617 542 1680 perputato
568 1613 623 1663 iam
649 1613 717 1664 rnihi
742 1628 903 1679 persuasum
930 1620 972 1666 est
989 1615 1076 1666 verba

94 1701 226 1768 spissioris
245 1699 409 1762 timidiores,
429 1716 500 1766 quae
517 1705 545 1751 et
562 1700 698 1765 superflua
713 1705 776 1749 sunt
794 1705 822 1751 et
838 1700 1073 1751 ratiocinationem

95 1788 231 1853 quandam
248 1787 373 1853 produnt,
392 1787 427 1837 ab
445 1787 591 1852 interprete
605 1785 721 1852 quodam
735 1785 871 1851 adscripta
890 1801 962 1851 esse;
980 1787 1074 1853 itaque

94 1888 127 1923 ea
145 1873 252 1924 seclusi.

196 1959 228 2007 Β.
250 1956 282 2008 G.
300 1957 364 2020 1111,
384 1962 407 2023 1,
427 1960 456 2008 9:
484 1973 556 2011 cnm
574 1973 593 2009 a
607 1957 708 2025 pueris
734 1956 812 2010 nutto
830 1957 925 2024 officio
944 1961 997 2010 aut
1015 1956 1072 2010 dis-

93 2041 201 2110 ciplina
219 2041 376 2107 assuefacti
400 2042 472 2096 tuitii
495 2043 607 2096 omuino
625 2046 726 2096 corttra
747 2043 917 2097 nominatam
935 2041 1074 2113 faciant]

94 2129 171 2180 codd.
190 2127 455 2195 qnod...faoiant
479 2129 593 2189 habent;
622 2129 669 2180 sed
689 2145 749 2180 cum
768 2130 797 2179 in
816 2129 1005 2196 descriptione,
1024 2129 1074 2180 ubi

95 2214 203 2278 Caesar,
223 2229 293 2280 quae
312 2213 345 2263 de
356 2214 505 2264 Sueborum
523 2215 644 2265 moribus
663 2220 802 2280 comperta
818 2215 922 2279 habuit,
941 2231 1002 2267 cum
1019 2214 1073 2266 fide

93 2300 223 2350 historica
240 2300 375 2365 proponit,
393 2299 471 2350 locus
490 2315 550 2350 esse
566 2306 684 2366 nequent
697 2303 877 2363 coniecturae,
891 2300 999 2366 qualem
1012 2316 1074 2352 sen·

92 2387 179 2436 tentia
194 2384 268 2450 quod
278 2423 284 2436 .
294 2423 301 2437 .
313 2423 319 2437 .
330 2384 444 2450 faciant
456 2386 615 2450 contineret,
630 2402 691 2436 cum
702 2386 865 2452 Nipperdeio
884 2401 957 2439 cum
970 2384 1073 2455 (qnam)

95 2472 200 2536 scripsi.

197 2573 219 2610 c.
238 2560 262 2619 2,
281 2560 312 2608 t:
334 2555 492 2626 [Gstntant]
506 2557 606 2609 inclusi
616 2564 726 2609 auctore
738 2559 830 2625 Hugio
842 2559 912 2611 Mus.
926 2558 976 2608 Rb.
986 2558 1075 2623 XVII,

94 2660 119 2708 p.
138 2643 197 2693 319.
215 2672 248 2680 -
267 2644 304 2693 ib.
329 2658 443 2711 parca
470 2659 532 2693 oum
550 2643 715 2709 Nipperdoiu
740 2658 773 2693 ex
796 2644 977 2695 deterioribus
995 2644 1073 2696 libris

95 2728 282 2794 recipiendum
310 2745 369 2780 esse
388 2729 467 2789 duxi;
490 2743 606 2795 praua
630 2729 711 2790 enirn,
735 2733 765 2778 ut
790 2728 834 2779 edi
856 2729 933 2792 solet,
952 2731 1075 2780 iumenta

94 2815 149 2864 dici
167 2819 314 2880 nequeunt,
337 2830 407 2881 quae
434 2817 558 2881 quamvis
581 2814 712 2865 deformia
734 2815 871 2866 cotidiana
890 2821 980 2866 tamen
999 2831 1073 2867 exer·

95 2901 222 2951 citatione
250 2900 351 2954 summi
378 2900 452 2966 uinta
479 2898 595 2952 laboris.
621 2914 715 2967 praua
742 2916 775 2951 ex
793 2900 909 2952 Holderi
933 2901 1055 2952 codicibu

93 2987 201 3036 nonnisi
220 2987 266 3051 qui
278 2987 388 3037 literula
400 2989 435 3037 B¹
448 2985 712 3052 comprehenduntur
729 2993 822 3053 aperte
834 2987 979 3052 praebent3
991 2988 1045 3038 lect

93 3088 158 3121 vero
177 3072 300 3122 codicum
313 3073 442 3138 principis
455 3072 576 3123 familiae
597 3070 720 3139 (praua
731 3074 827 3139 Bong„
842 3071 918 3141 frua
936 3073 1045 3125 Moissat

93 3158 183 3222 potius
202 3157 363 3208 documento
381 3163 430 3222 est,
444 3173 459 3207 e
474 3158 632 3223 compendio
645 3158 715 3209 male
727 3160 817 3210 soluto
830 3159 898 3209 illud
914 3174 1038 3226 prunay

95 3257 191 3310 parata
210 3243 335 3294 effectum
354 3259 422 3295 esse.

196 3345 219 3379 c.
238 3333 262 3393 3,
281 3332 310 3381 3:
333 3329 406 3396 Ubii,
424 3343 542 3396 quorum
559 3328 618 3394 fuit
635 3328 737 3383 ciuitas
755 3329 851 3398 anapia
870 3335 953 3397 atque
970 3330 1003 3397 {lc

97 3419 176 3467 ...et
191 3413 290 3483 nauto,
317 3431 400 3483 quam
422 3418 491 3468 sunt
517 3413 640 3467 ciusdem
661 3414 780 3484 pencris,
806 3415 843 3484 [et
860 3414 987 3483 cetesill

92 3498 205 3569 itiones]
229 3501 297 3552 haec
314 3501 407 3564 verba,
426 3516 495 3568 quae
513 3499 563 3551 alii
585 3499 666 3551 aliter
685 3515 782 3554 sanare
801 3502 970 3565 studuerunt,
