2376 3924
384 246 494 296 ursan
511 246 561 312 111,
582 246 658 297 ons.
677 247 787 296 ιιι-46.
1014 247 1074 311 123

95 435 164 499 fere
187 434 302 499 milites
325 445 381 499 aut
404 457 445 498 ex
469 437 587 499 coactis
607 444 664 500 aut
686 458 727 499 ex
751 434 940 501 centonibus
963 445 1019 501 aut
1034 459 1076 501 ex

95 539 190 603 coriis
220 540 346 602 tunicas
375 547 432 602 aut
460 539 636 622 tegimenta
666 538 826 622 fecerant,
863 539 980 624 quibus
1013 539 1077 604 tela

95 645 247 706 vitarent.
408 725 411 730 ι

181 745 234 810 45.
270 747 309 810 In
332 746 528 832 occupandis
551 747 720 832 praesidiis
743 768 863 832 magna
885 747 919 810 vi
941 757 1077 830 uterquc

98 848 280 915 nitebatur:
315 847 445 932 Caesar,
468 859 618 936 utquam
641 852 866 934 angustissime
888 850 1078 936 Pompeium

97 956 291 1037 contineret3
316 954 497 1040 Pompeius,
520 963 677 1039 utquam
699 953 853 1040 plurimos
869 952 964 1019 colles
981 976 1079 1038 quam

96 1059 240 1122 maximo
255 1058 392 1121 circuitu
408 1066 589 1142 oocuparet,
606 1056 786 1143 crebraque
802 1055 843 1122 ob
859 1079 932 1121 eam
948 1079 1079 1123 causam

97 1160 219 1248 proclia
233 1158 365 1225 fiebant.
388 1161 429 1224 In
444 1160 493 1224 his
516 1182 591 1244 oum
612 1159 695 1244 legio
707 1159 857 1225 Caesaris
878 1183 966 1226 nona
988 1184 1101 1247 prae-2

98 1265 216 1329 sidium
246 1263 413 1351 quoddam
442 1265 666 1350 occupavisset
695 1275 727 1329 et
756 1266 881 1329 munire
912 1267 1079 1351 coepisset,

97 1371 173 1433 huic
196 1369 264 1432 loco
287 1369 504 1454 propinquum
520 1374 552 1431 et
567 1370 764 1432 contrarium
780 1367 892 1431 collem
908 1369 1080 1455 Pompeius

100 1474 270 1558 occupavit
284 1481 475 1558 nostrosque
499 1494 595 1558 opere
618 1470 790 1558 prohibere
813 1474 918 1558 coepit
941 1481 982 1555 et,
1007 1495 1102 1538 cuma

101 1600 166 1641 una
189 1598 231 1640 ex
253 1585 345 1662 parte
361 1598 461 1662 prope
478 1597 618 1661 aequum
633 1575 758 1640 aditum
773 1574 918 1658 haberet,
942 1579 1081 1661 primum

101 1680 273 1764 sagittariis
295 1679 576 1766 funditoribusque
605 1681 834 1762 circumiectis,
863 1689 975 1764 postea
1003 1680 1082 1744 levis

101 1790 284 1847 armaturae
317 1806 437 1869 magna
473 1782 677 1847 multitudine
716 1785 814 1847 missa
851 1785 1082 1869 tormentisque

100 1887 231 1974 prolatis
264 1892 457 1955 munitiones
491 1888 704 1976 impediebat3
743 1911 850 1976 neque
885 1898 956 1953 crat
988 1887 1081 1953 facile

100 1995 218 2059 nostris
239 2015 305 2060 uno
328 2003 472 2081 tempore
496 2017 702 2081 propugnare
726 2004 759 2060 et
780 1997 915 2063 munire.
951 1991 1106 2087 Caesar74

101 2120 175 2162 cum
197 2119 272 2162 suos
295 2120 338 2161 ex
360 2098 508 2164 omnibus
531 2096 677 2184 partibus
698 2098 862 2164 vulnerari
878 2097 1014 2180 videret,
1037 2118 1084 2161 re·

101 2204 209 2286 cipere
232 2223 267 2266 se
289 2204 381 2269 iussit
403 2212 436 2267 et
458 2202 526 2267 loco
549 2203 718 2268 excedere.
763 2204 846 2268 Erat
874 2225 931 2287 per
960 2200 1084 2265 declive

101 2311 260 2389 receptus.
306 2304 356 2370 Illi
378 2314 487 2372 autem
509 2307 571 2372 hoc
593 2309 700 2372 acrius
720 2306 887 2371 instabant
908 2326 1013 2390 neque
1037 2324 1107 2368 reo

102 2408 196 2494 gredi
218 2417 345 2474 nostros
360 2407 576 2495 patiebantur,
600 2409 687 2496 quod
702 2411 816 2474 timore
832 2407 964 2472 adducti
980 2407 1085 2472 locuni

102 2512 285 2598 relinquere
308 2510 513 2578 videbantur.
559 2514 688 2579 Dicitur
717 2534 755 2577 eo
777 2521 921 2597 tempore
945 2510 1107 2596 glorianso

105 2615 193 2700 apud
215 2637 290 2680 suos
312 2615 485 2702 Pompeius
508 2616 644 2680 dixisse:
678 2638 743 2680 non
765 2636 917 2679 recusare
940 2636 984 2697 se,
1008 2617 1085 2698 quin

103 2718 222 2784 nullius
242 2739 321 2798 usus
343 2721 520 2805 imperator
542 2721 793 2801 existimaretur,
818 2719 845 2782 si
860 2719 928 2782 sine
943 2719 1085 2782 maximo

105 2823 299 2888 detrimento
332 2819 473 2910 legiones
499 2822 649 2888 Caesaris
677 2844 747 2887 sese
776 2823 972 2908 recepissent
1000 2821 1085 2904 inde,
1143 2902 1145 2905 Ι

103 2947 167 3012 quo
190 2934 312 2992 temere
332 2937 442 2994 essent
464 2948 665 3014 progressae.

129 3074 131 3078 -
187 3030 240 3095 46.
278 3029 399 3097 Caesar
427 3033 571 3117 receptui
599 3053 730 3096 suorum
758 3033 875 3095 timens
908 3039 1013 3096 crates
1045 3028 1087 3093 ad

107 3142 290 3200 extremum
304 3136 463 3201 tumulum
474 3144 587 3200 contra
599 3135 725 3200 hostem
740 3135 877 3220 proferri
889 3146 921 3199 et
932 3134 1087 3202 adversas

106 3237 221 3320 locari,
254 3241 341 3305 intra
368 3239 429 3304 has
456 3237 612 3305 mediocri
641 3239 809 3303 latitudine
843 3238 962 3302 fossam
995 3237 1088 3300 tectis

108 3341 263 3408 militibus
298 3342 416 3409 obduci
447 3344 540 3408 iussit
573 3342 742 3427 locumque
775 3344 808 3406 in
842 3362 952 3405 omncs
980 3349 1088 3424 partes

107 3467 206 3532 quam
238 3447 385 3516 maxime¹
413 3444 572 3531 impediri.
616 3446 691 3532 Ipse
725 3444 848 3508 idoneis
882 3441 958 3506 locis
985 3440 1108 3505 fundi-a

105 3559 193 3614 tores
221 3549 391 3631 instruxit,
421 3556 458 3613 ut
480 3548 641 3634 praesidio
663 3549 780 3611 nostris
803 3568 837 3611 se
860 3546 1088 3630 recipientibus
