2376 3924
381 228 491 281 maan
509 230 558 292 ιιι,
575 228 651 283 cae.
670 230 780 280 ro-rs.
1016 231 1076 295 121

97 421 219 499 venire,
255 417 452 482 frumentum
486 431 765 503 commeatumque
798 417 840 482 ab
870 416 950 484 Asia
980 429 1077 505 atque

97 519 245 585 omnibus
260 521 455 606 regionibus,
472 543 552 606 quas
563 521 705 603 tenebat,
722 525 916 607 comportari
930 525 1075 609 imperat.

97 623 217 688 Caesar
238 624 363 708 longius
386 623 505 689 bellum
527 623 660 690 ductum
694 627 731 690 iri
759 627 947 690 existimans
975 637 1008 692 et
1036 628 1099 694 des

97 727 216 791 Italicis
240 727 472 792 commeatibus
491 728 678 815 desperans,
702 729 791 814 quod
806 738 897 793 tanta
913 728 1076 813 diligentia

97 835 203 897 omnia
237 832 330 898 litora
363 857 383 898 a
416 835 620 920 Pompeianis
654 832 859 916 tenebantur,
895 831 1077 918 classesque

97 938 207 1020 ipsius,
239 959 319 1022 quas
350 938 455 1003 hieme
478 942 511 1003 in
534 937 651 1022 Sicilia,
680 937 796 1020 Gallia,
827 936 922 1002 Italia
944 937 1075 1020 fecerat,

98 1038 324 1123 morabantur,
358 1044 391 1105 in
414 1043 550 1127 Epirum
579 1044 625 1105 rei
654 1041 885 1106 frumentariae
913 1062 1012 1107 causa
1035 1042 1075 1123 Q.

98 1141 227 1207 Tillium
260 1154 293 1208 et
326 1145 364 1208 L.
400 1143 590 1208 Canuleium
623 1145 765 1229 legatum
788 1146 889 1227 misit,
925 1144 1098 1230 quodquer

97 1246 159 1310 hae
192 1249 340 1332 regiones
374 1247 511 1312 aberant
543 1248 684 1332 longius,
722 1248 798 1313 locis
832 1251 928 1314 certis
960 1248 1077 1315 horrea

97 1353 261 1414 constituit
288 1361 503 1438 vecturasque
531 1352 683 1417 frumenti
717 1353 858 1416 finitimis
892 1351 1076 1418 civitatibus

96 1456 275 1540 descripsit.
332 1456 416 1520 Item
452 1457 545 1522 Lisso
587 1456 816 1541 Parthinisque
853 1465 886 1520 et
928 1454 1099 1521 omnibusa

97 1557 234 1622 castellis
268 1558 355 1642 quod
390 1569 475 1624 esset
511 1560 663 1624 frumenti
701 1560 847 1644 conquiri
884 1561 984 1624 iussit.
1037 1557 1078 1623 Id

97 1669 169 1724 erat
191 1663 406 1747 perexiguum
428 1685 502 1727 cum
525 1665 623 1750 ipsius
646 1665 717 1748 agri
739 1672 865 1745 natura,
893 1662 980 1748 quod
1003 1673 1078 1727 sunt

96 1762 167 1828 loca
199 1787 315 1852 aspera
348 1790 386 1832 ac
419 1778 590 1833 montuosa
624 1790 663 1833 ac
695 1768 885 1854 plerumque
915 1768 1076 1834 frumento

96 1877 231 1934 utuntur
263 1872 444 1957 importato,
480 1881 549 1937 tum
579 1871 667 1958 quod
689 1872 863 1958 Pompeius
895 1872 977 1937 haec
1005 1895 1076 1959 pro-

95 1972 224 2039 viderat
257 1985 290 2040 et
322 1975 541 2062 superioribus
574 1975 687 2042 diebus
722 1975 864 2062 praedae
897 1976 966 2041 loco
1000 1977 1076 2043 Par-

96 2076 201 2142 thinos
234 2079 395 2146 habuerat
432 2081 694 2166 frumentumque
735 2102 828 2144 omne
862 2083 1077 2168 conquisitum

96 2180 236 2264 spoliatis
260 2185 447 2270 effossisque
469 2206 581 2249 eorum
604 2182 752 2249 domibus
775 2206 833 2271 per
854 2188 977 2269 equites
993 2207 1075 2250 com-

96 2295 251 2368 portarat.

181 2391 233 2456 43.
258 2390 384 2474 Quibus
399 2391 497 2459 rebus
513 2395 648 2479 cognitis
664 2391 785 2457 Caesar
808 2391 975 2457 consilium
991 2394 1076 2477 capit

96 2515 139 2556 ex
168 2493 227 2558 loci
257 2505 383 2560 natura.
427 2496 532 2563 Erant
561 2498 648 2561 enim
671 2498 792 2560 circum
815 2504 921 2561 castra
943 2495 1076 2580 Pompei

97 2597 246 2682 permulti
269 2598 347 2664 editi
369 2608 467 2685 atque
489 2602 595 2686 asperi
618 2598 725 2665 colles.
747 2599 817 2664 Hos
833 2601 972 2684 primum
988 2621 1077 2684 prae

96 2702 185 2765 sidiis
208 2705 311 2767 tenuit
333 2703 528 2790 castellaque
549 2703 594 2768 ibi
617 2705 801 2768 communit.
834 2689 939 2784 'Inda
962 2709 998 2766 ut
1013 2701 1096 2768 looi²

96 2807 251 2890 cuiusque
284 2815 401 2871 natura
435 2805 570 2891 ferebat,
605 2828 648 2870 ex
682 2804 811 2871 castello
844 2807 878 2872 iu
910 2804 1076 2872 castellum

96 2908 253 2995 perducta
276 2911 452 2974 munitione
467 2907 710 2975 circumvallare
726 2909 916 2994 Pompeium
930 2909 1075 2992 instituit,

96 3013 177 3076 haec
200 3023 359 3098 spectans,
384 3012 470 3098 quod
494 3021 632 3098 angusta
647 3035 682 3077 re
697 3012 909 3078 frumentaria
923 3012 1076 3080 utebatur

96 3116 248 3202 quodque
260 3117 432 3202 Pompeius
454 3116 659 3181 multitudine
682 3117 826 3202 equitum
848 3115 988 3200 valebat,
1012 3140 1076 3203 quo

95 3222 219 3284 minore
242 3220 383 3306 periculo
406 3219 549 3306 undique
572 3220 770 3285 frumentum
796 3230 1075 3306 commeatumque

96 3326 252 3389 exercitui
281 3333 471 3409 supportare
499 3333 622 3410 posset,
653 3324 763 3407 simul,
793 3325 841 3388 uti
869 3322 1097 3408 pabulationes

95 3428 285 3513 Pompeium
318 3426 503 3513 prohiberet
540 3429 784 3513 equitatumque
822 3428 890 3491 eius
927 3426 969 3491 ad
1006 3441 1076 3492 rem

92 3515 275 3615 gerendam
296 3531 441 3597 inutilem
464 3532 622 3616 efficeret,
653 3533 764 3615 tertio,
794 3538 830 3595 ut
853 3532 1097 3596 auctoritatem
