2376 3924
92 242 193 292 LXXll
405 241 615 294 ADNOTATIO
634 242 778 311 celrici

93 429 196 481 cotidie
215 428 334 497 teyioues
352 429 384 481 iu
402 444 531 496 consputo
550 429 685 483 deducere
703 434 786 496 etque
810 445 880 497 opus
903 431 997 496 facere
1014 433 1074 485 uoi-

94 516 203 583 lurnque
227 521 253 569 et
276 516 384 581 fossuri
404 533 456 583 per
481 517 603 570 irrediuut
626 532 755 584 euripum
775 517 875 570 ducere
894 517 1074 571 aduersario-

94 619 209 669 rumque
227 601 442 655 excursionibus
460 603 529 655 iter
548 602 658 668 officere
670 617 728 655 riou
740 602 931 674 intermittit]
950 605 1074 671 plerique

96 689 213 740 editores
225 689 289 740 inde
302 689 337 739 ub
350 691 506 741 Vascosuno
525 689 594 742 iter
613 690 786 754 deleverunt;
805 692 852 740 vix
871 697 952 754 recte,
971 693 1076 756 opinor.

94 777 267 827 :recusutivus
287 778 358 827 enim
382 793 443 828 cum
466 775 611 842 officiendi
628 777 713 827 verbo
732 783 903 827 constructus
922 793 976 826 non
996 777 1075 827 modo

96 862 162 912 locis
190 862 362 914 Lucretinnis
392 862 547 913 defenditur
573 862 615 929 (V,
642 864 708 912 ⁷76:
740 875 825 930 quoue
851 861 933 915 ruodo
957 865 1075 928 posseut

95 947 192 1014 offecto
211 946 315 1000 lumine
333 946 416 1013 obire,
436 947 467 997 ct.
487 947 523 1009 ll,
544 948 600 998 166.
618 947 665 1008 IV,
679 948 749 1012 763),
767 963 862 998 verum
880 948 964 998 etiam
981 962 1076 996 neces-

96 1035 184 1084 sarius
203 1032 323 1095 videtur,
352 1049 405 1099 quo
430 1034 517 1083 iustus
541 1033 674 1084 efficiatur
692 1049 796 1084 sensns.
826 1049 887 1084 cum
910 1034 981 1084 enim
999 1034 1077 1084 vario

96 1121 176 1170 modo
192 1119 301 1182 Caesar,
321 1121 401 1170 etium
421 1135 483 1170 oum
501 1120 604 1171 vallum
629 1126 655 1170 et
677 1120 777 1171 fossum
800 1135 849 1185 per
868 1120 986 1170 medium
1005 1135 1076 1169 curn·

96 1222 160 1271 pum
185 1206 312 1268 duxisset,
336 1206 552 1257 adversariorum
577 1207 783 1257 excursionibus
802 1205 913 1272 officere
936 1205 1076 1271 potuisset,

98 1291 188 1342 addito
208 1291 315 1342 demum
334 1291 382 1342 illo
401 1291 455 1344 iter
477 1291 606 1356 efficitur,
634 1292 779 1344 Caesarem
802 1293 858 1343 illis
881 1291 1079 1342 munitionibus

98 1378 295 1444 prohibiturum
314 1378 406 1441 fuisse,
426 1381 569 1445 quominus
589 1380 762 1430 excursiones
782 1378 887 1430 fierent

203 1506 226 1539 o.
244 1490 285 1550 ot,
304 1490 334 1538 t:
363 1489 463 1555 quibus
486 1489 568 1542 rebus
591 1489 684 1542 Varus
708 1505 742 1542 eu
762 1489 917 1559 persupa
938 1486 1078 1557 copuitis]

100 1590 262 1640 quamquam
281 1575 438 1640 Nipperdey
461 1575 537 1625 nulla
561 1575 690 1626 librorum
716 1577 848 1626 varietate
872 1575 1023 1641 significata
1045 1590 1080 1629 ex

96 1660 228 1728 perfusis
247 1660 377 1722 ediderat,
395 1665 486 1711 tamen
504 1661 533 1710 in
552 1678 592 1727 pr.
606 1661 669 1712 edit.
689 1662 837 1712 secundum
857 1663 915 1713 cod.
934 1662 998 1715 feto
1013 1676 1080 1729 per-

100 1744 171 1814 fuyo
190 1747 359 1811 scripseram,
378 1746 511 1812 pluralem
530 1762 671 1797 numerum
687 1746 818 1816 perfupio
837 1754 946 1814 propter
963 1765 1080 1814 sequens

100 1832 220 1901 coquitis
243 1849 260 1883 u
283 1833 403 1883 librariis
426 1833 544 1898 positum
567 1849 626 1884 esse
646 1835 812 1884 existimans.
842 1835 964 1886 Diibneri
983 1823 1081 1885 deinde

101 1921 219 1971 editione
238 1919 350 1970 edoctus
369 1936 427 1970 sum
446 1921 528 1971 ctiam
546 1920 666 1986 reliquos
685 1921 768 1971 libros
786 1921 887 1972 habere
905 1936 940 1974 ex
954 1919 1081 1989 persuqo

104 2013 132 2071 (u
147 2006 272 2075 perfupo
290 2006 327 2068 bl,
349 2022 432 2056 unum
451 2007 530 2057 modo
548 2007 644 2057 Dresd.
664 2009 688 2057 2.
706 2008 837 2072 praebere
855 2022 889 2060 esc
905 2005 1046 2076 perfusis.

205 2136 228 2170 o.
246 2121 288 2180 63,
306 2119 335 2167 4:
363 2122 532 2185 recuperato
556 2117 747 2186 quinqueremi
772 2118 843 2186 [cuni
866 2118 927 2172 suis
952 2117 1082 2171 oneru‘bus

104 2204 235 2274 epibatis]
249 2209 333 2272 utque
344 2204 429 2256 etiarn
441 2203 564 2257 bostium
576 2203 759 2274 custodibus]
771 2205 879 2256 inclusa
889 2206 975 2256 verba
987 2205 1081 2270 spuria

105 2310 164 2344 esse
183 2300 256 2343 recte
275 2293 379 2342 monuit
399 2291 504 2342 Gemoll
524 2307 586 2341 ann.
605 2292 671 2357 plril.
691 2291 776 2341 CXIX
794 2308 819 2357 p.
838 2291 896 2342 270.

208 2414 229 2446 o.
248 2397 291 2461 64,
311 2399 339 2445 1:
358 2394 390 2448 ob
406 2394 569 2463 periurii
583 2392 797 2464 perfidiore]
817 2396 856 2445 sic
874 2401 904 2445 ut
922 2399 1003 2446 antea
1021 2410 1084 2445 uum

104 2483 268 2549 Nipperdeio
294 2481 489 2534 secundum.b
512 2487 539 2531 et
562 2481 667 2547 aliquot
691 2481 840 2532 deteriores
864 2481 949 2531 libros
970 2480 1083 2544 scripsi;

104 2571 186 2634 vulgo
206 2568 237 2621 ob
254 2567 416 2635 periurium
433 2565 645 2634 perfidiamque.
677 2581 696 2620 a
720 2565 929 2634 opperiurturu,
956 2563 1084 2631 toperi-

105 2660 172 2707 urtu
191 2656 300 2705 hubent.

209 2775 231 2808 c.
251 2759 292 2817 66,
315 2762 340 2806 1:
370 2754 497 2825 [Vffll]
521 2757 674 2822 quinarium
701 2771 840 2806 numerum
860 2755 1003 2806 delendum
1024 2770 1084 2807 esse

107 2847 211 2894 monuit
228 2844 383 2908 Nipperdey
401 2860 426 2908 p.
445 2845 505 2894 219.

210 2963 233 2995 o.
257 2948 303 3005 69,
327 2948 360 2995 4:
391 2945 445 2998 iter
474 2943 669 3014 inceptum]
702 2947 741 2995 sic
772 2945 849 2996 codd.
878 2951 987 3011 praeter
1012 2945 1032 2998 b
1059 2949 1087 2995 ot

110 3035 205 3085 Dresd.
223 3037 247 3093 t,
272 3034 318 3097 qui
337 3037 445 3099 cepturi
463 3032 571 3083 hubent.
603 3036 729 3098 coepturi
748 3031 910 3097 Nipperdey,
928 3031 1034 3080 Dintor.
1051 3056 1088 3069 -

109 3122 132 3187 ς.
152 3122 180 3169 5:
208 3134 379 3187 equosque
406 3121 502 3184 scripsi
528 3136 575 3185 pro
603 3133 739 3185 eosque·
767 3120 812 3168 vix
836 3119 906 3170 enim
931 3116 1087 3182 intellegas,

109 3207 174 3273 quid
197 3207 334 3272 singulare
358 3207 454 3269 tuerit,
482 3207 506 3256 si
523 3205 657 3257 Numidae
680 3206 750 3256 levis
768 3209 922 3256 armaturae
941 3203 1008 3254 sutis
1026 3215 1087 3253 esse

111 3295 311 3344 existimassent
329 3306 394 3359 cos,
413 3309 451 3343 so.
463 3292 593 3355 Iulianos,
612 3292 709 3343 iaculis
723 3292 928 3342 convulnerare.
948 3305 1008 3340 crum
1021 3303 1087 3338 vero

109 3397 130 3429 c.
150 3382 192 3442 71,
210 3380 226 3428 3
246 3384 381 3441 narretur,
404 3377 516 3428 mirifice
535 3378 650 3428 hostium
670 3378 758 3427 levem
777 3382 942 3427 armaturam
961 3375 1088 3427 Caesaris

109 3466 255 3515 exereitum
274 3467 384 3516 anxium
403 3469 485 3530 atque
503 3464 651 3514 sollicitum
675 3465 817 3526 habuisse,
845 3458 918 3529 ‘quin
937 3471 965 3514 st
982 3464 1088 3529 equitus

109 3551 263 3601 deterrebat
284 3551 417 3616 proelium
441 3551 511 3600 inire
532 3553 683 3616 propter
708 3564 872 3615 equorum
890 3547 1089 3616 interitum,
