2376 3924
480 239 556 290 cnr.
575 238 685 290 ss-sa
1010 238 1074 304 263

93 430 247 494 referret:
282 451 315 493 se
347 437 482 512 restare,
516 437 553 493 ut
575 429 708 515 reliqua,
741 451 825 514 quae
847 430 953 515 vellet,
984 453 1074 516 pera-

96 542 197 617 geret,
221 536 327 597 viator
351 541 520 618 praeterea
543 532 584 596 ab
607 531 691 598 Iuba
714 533 757 599 ad
780 556 855 598 eum
878 543 926 599 est
948 537 1073 616 missus,

98 638 153 720 qui
177 635 300 700 diceret
323 636 474 700 audiente
491 636 641 717 Saserna,
667 636 765 701 ‘vetat
787 646 819 700 te
841 660 902 701 rex
918 630 1074 722 colloqui’.

94 740 167 821 Quo
190 741 303 803 nuntio
327 741 517 825 perterritus
540 739 688 805 discessit
710 748 743 804 et
764 740 850 805 dicto
865 740 1000 805 audiens
1015 741 1096 805 fuit-³

94 845 172 927 regi.
218 844 289 908 Usu
317 844 444 906 venisse
471 841 533 908 hoc
562 845 624 908 civi
652 845 798 907 Romano
826 853 859 908 et
886 846 924 922 ei,
956 847 1011 928 qui
1033 843 1075 908 ab
1147 898 1150 903 ⁴

96 946 213 1032 populo
236 948 383 1010 Romano
407 946 545 1011 honores
568 949 755 1033 accepisset,
789 947 940 1012 incolumi
971 947 1075 1031 patria

94 1050 295 1134 fortunisque
312 1050 460 1115 omnibus
476 1050 578 1115 lubae
594 1050 734 1115 barbaro
751 1053 855 1136 potius
872 1050 1075 1115 obedientem

93 1154 201 1235 fuisse,
226 1175 325 1238 quam
349 1162 405 1217 aut
429 1155 586 1239 Scipionis
610 1155 850 1240 obtemperasse
877 1155 989 1219 nuntio
1019 1162 1075 1217 aut

94 1259 195 1320 caesis
234 1257 379 1321 ciusdem
417 1260 518 1341 partis
555 1257 680 1322 civibus
724 1257 917 1322 incolumem
954 1258 1073 1321 revert'

93 1359 201 1423 mallo!
238 1357 347 1443 Atque
371 1362 469 1424 etiam
491 1361 661 1445 superbius
683 1361 786 1426 lubae
808 1361 930 1425 sactum
952 1381 1017 1423 non
1039 1360 1096 1422 in4

93 1464 137 1526 M.
156 1462 332 1546 Aquinum,
355 1462 518 1527 hominem
532 1486 653 1528 novum
669 1485 870 1550 parvumque
887 1471 1070 1527 senatorem

94 1567 151 1630 sed
179 1569 211 1629 in
241 1567 432 1649 Scipionem,
467 1566 629 1631 hominem
656 1567 710 1630 illa
737 1566 867 1649 familia,
902 1565 1068 1649 dignitate,

94 1669 269 1734 honoribus
292 1677 519 1754 praestantem.
557 1671 708 1754 Namque
731 1692 805 1735 cum
828 1671 934 1754 Scipio
958 1666 1097 1754 sagulo⁵

94 1795 256 1858 purpureo
272 1781 348 1837 ante
363 1776 449 1858 regis
464 1773 641 1838 adventum
655 1776 703 1838 uti
718 1773 828 1838 solitus
843 1782 937 1855 esset,
954 1772 1071 1837 dicitur

93 1875 176 1941 Iuba
199 1899 272 1940 cum
295 1898 332 1940 eo
363 1879 467 1962 egisse
493 1898 558 1941 non
587 1885 734 1963 oportere
762 1877 850 1941 illum
881 1876 995 1941 eodem
1022 1877 1069 1940 uti

93 1982 221 2063 vestitu,
246 1989 343 2064 atquc
366 1981 434 2066 ipse
457 1989 611 2045 uteretur.
657 1982 773 2067 Itaque
795 1981 917 2046 factum
940 1988 998 2063 est,
1033 1988 1097 2044 uto

95 2085 201 2169 Scipio
225 2083 267 2148 ad
290 2084 401 2148 album
423 2106 493 2148 sese
515 2086 670 2149 vestitum
691 2084 884 2149 transferret
906 2092 939 2148 et
961 2083 1063 2147 lubae

94 2188 215 2251 homini
237 2187 466 2273 superbissimo
489 2191 756 2273 inertissimoque‚
781 2187 1030 2273 obtemperaret.

180 2289 230 2353 58.
254 2292 389 2355 Postero
424 2291 476 2355 die
510 2293 679 2356 universas
714 2293 856 2354 omnium
889 2292 997 2374 copias
1031 2288 1075 2352 de

97 2395 211 2459 castris
245 2392 394 2457 omnibus
427 2392 571 2457 educunt
604 2401 637 2457 et
670 2392 877 2478 supercilium
910 2391 1075 2477 quoddam

96 2496 261 2561 excelsum
283 2498 369 2560 nacti
397 2518 463 2559 non
493 2495 587 2580 longe
610 2519 630 2560 a
652 2493 800 2560 Caesaris
830 2497 943 2559 castris
973 2496 1077 2559 aciem

96 2602 293 2664 constituunt
320 2586 424 2682 atque
445 2598 491 2661 ibi
521 2600 712 2663 consistunt.
759 2596 880 2662 Caesar
908 2600 985 2662 item
1007 2614 1097 2683 pro-2

97 2703 187 2768 ducit
210 2704 318 2787 copias
341 2702 553 2786 celeriterque
575 2703 613 2765 iis
636 2703 799 2766 instructis
822 2709 897 2765 ante
920 2723 995 2766 suas
1009 2722 1076 2765 mu·

96 2808 241 2888 sitiones,
269 2827 353 2890 quae
375 2814 469 2870 erant
488 2807 522 2868 in
544 2827 668 2890 campo,
697 2805 870 2887 constituit,
893 2806 962 2868 sine
978 2801 1076 2869 dubio

98 2912 287 2975 existimans
302 2910 386 2976 ultro
402 2909 617 2991 adversarios,
642 2930 716 2972 cum
738 2917 806 2972 tam
827 2908 954 2992 magnis
977 2909 1076 2992 copiis

98 3013 290 3098 auxiliisque
319 3016 405 3098 regis
436 3021 543 3077 essent
571 3011 710 3098 praediti
740 3014 984 3097 promptiusque
1006 3033 1076 3098 pro-

97 3116 257 3182 siluissent
268 3126 353 3200 ante,
370 3137 480 3181 secum
492 3137 704 3180 concursuros
716 3117 913 3201 propiusque
925 3136 1076 3180 1111111-

98 3242 198 3285 suros.
215 3221 309 3306 Equo
322 3221 559 3286 circumvectus
569 3218 775 3303 legionesque
787 3217 973 3283 cohortatus
985 3220 1098 3304 signos

98 3322 174 3388 dato
190 3345 358 3389 accessum
372 3322 513 3387 hostium
524 3320 758 3408 aucupabatur.
782 3321 857 3407 Ipse
873 3323 959 3386 enim
973 3344 994 3386 a
1011 3322 1077 3387 suis

96 3424 328 3492 munitionibus
342 3424 469 3511 longius
482 3446 549 3491 non
563 3427 633 3491 sine
646 3427 772 3491 ratione
787 3444 853 3487 111
868 3423 1077 3512 procedebat,

99 3529 186 3614 quod
203 3532 237 3595 in
252 3528 371 3617 oppido
384 3528 526 3615 Uzittae,
549 3528 638 3617 quod
652 3528 759 3617 Scipio
774 3528 916 3614 tenebat,
939 3529 1079 3597 hostium
