2376 3924
419 241 529 292 LIBER
547 241 597 302 111,
617 241 693 294 CAP.
715 246 737 292 1.
1027 240 1068 303 93

126 434 209 483 citum
229 432 360 498 effugerat
380 450 402 484 c.
423 434 533 483 ’lt-79.
570 431 700 499 Gomphis
722 437 749 484 et
766 430 911 498 Metropoli
929 432 1068 497 occupatis

127 520 233 586 reliqua
250 519 409 571 Thessaliae
434 519 534 585 oppida
557 524 665 585 praeter
681 519 820 570 Larissam
839 518 951 569 Caesari
976 534 1004 570 se
1023 517 1068 568 de·

127 605 254 656 diderunt
277 621 299 658 c.
317 607 358 658 80.
377 607 419 658 81.
439 605 635 670 ·Subsequitur
651 605 810 671 Pompeius,
840 605 974 670 Scipionis
994 621 1068 656 exer·

128 693 211 742 citum
239 692 291 742 sibi
318 693 455 760 adiungit,
482 698 620 759 tamquam
646 692 771 743 victoria
792 693 846 742 iam
876 696 1014 757 reportata
1040 694 1068 742 in

128 780 224 830 castris
242 779 354 845 Pompei
373 779 406 830 de
432 778 499 830 belli
530 779 658 846 praemiis
685 779 775 844 agitur
799 793 822 829 6.
841 779 881 828 82.
902 778 944 827 83.
997 779 1069 829 Data

129 866 245 931 denique
263 865 403 932 pugnandi
422 865 551 917 facultate
565 865 665 916 Caesar
678 865 837 930 Pompeium
855 865 891 916 ad
907 864 1069 916 Pharsalum

129 957 247 1018 superat,
265 953 360 1004 castris
372 953 484 1019 potitur,
503 952 721 1003 adversariorum
735 957 839 1017 partem
858 951 886 1000 in
904 950 1069 1002 deditionem

129 1038 229 1104 accipit
253 1055 276 1092 c.
294 1040 404 1090 81-99.
441 1040 517 1102 Quae
536 1037 599 1088 dnm
617 1037 698 1102 finnt,
722 1036 834 1088 Laelius
857 1043 964 1103 portum
982 1037 1069 1087 Brun·

129 1125 245 1176 disinum
263 1124 382 1186 obsidet,
411 1125 522 1176 Caesius
539 1129 643 1190 partem
662 1123 759 1174 classis
778 1122 972 1184 Caesarianae,
999 1139 1069 1190 qnae

130 1211 200 1278 apud
219 1210 342 1262 Siciliam
365 1212 538 1277 constiterat,
563 1210 685 1262 incendit
710 1227 733 1263 c.
754 1210 811 1259 100.
832 1211 888 1259 101.
924 1211 1069 1276 Pompeius

128 1299 174 1364 qui
202 1298 298 1348 castris
318 1313 334 1348 a
352 1297 470 1347 Caesare
498 1297 659 1363 expugnatis
683 1311 764 1364 aegre
784 1296 926 1362 effugerat,
954 1296 1070 1360 primum

127 1383 290 1450 Mitylenen,
318 1383 382 1434 inde
402 1383 537 1443 Ciliciam,
567 1383 703 1449 Cyprum,
727 1383 832 1448 Syriam
860 1383 929 1449 adit,
954 1383 1070 1448 denique

127 1471 280 1536 Aegyptum
300 1469 435 1536 confugit,
453 1469 493 1519 ibi
509 1468 627 1535 hospitio
646 1474 773 1535 exceptus
796 1470 831 1520 ab
849 1469 971 1533 Achilla,
995 1472 1070 1536 regio

128 1555 275 1620 praefecto,
294 1561 321 1605 et
339 1554 487 1620 Septimio,
514 1555 624 1606 tribuno
642 1554 772 1617 militum,
799 1554 959 1607 interficitur
978 1573 1001 1607 c.
1022 1557 1070 1606 102

128 1642 221 1690 -104,
260 1641 361 1692 Caesar
388 1641 546 1706 Pompeium
577 1641 606 1691 in
633 1641 726 1692 Asiam
755 1641 908 1703 insecutus,
940 1643 1071 1708 pecunias

127 1727 261 1793 Ephesiae
285 1731 384 1778 servat.
420 1726 571 1778 Narrantur
588 1726 722 1794 prodigia,
740 1743 810 1792 quae
828 1743 936 1793 pugnae
956 1728 1072 1779 Pharsa-

128 1814 198 1865 licae
212 1819 338 1866 eventum
351 1813 538 1880 portenderint
551 1830 574 1865 6.
588 1814 645 1866 105.
665 1812 733 1864 (inm
746 1814 937 1866 AlexandrIam
951 1815 1072 1866 venisset

129 1905 156 1950 et
182 1899 254 1967 regis
282 1905 309 1951 et
336 1900 436 1951 sororis
455 1899 615 1966 Cleopatrae
634 1901 832 1951 controversias
851 1906 922 1952 esset
940 1904 1071 1968 composi-

45 2037 48 2041 .
127 1993 217 2049 turus,
244 1985 376 2038 tumultus
401 1987 436 2038 ab
455 1986 564 2038 Achilla
587 1987 727 2038 excitatur.
763 1986 864 2038 Caesar
888 2003 952 2054 rege
970 1989 1072 2054 potitur

128 2088 151 2122 c.
166 2073 309 2123 too-109.
343 2073 484 2140 Pugnatur
501 2072 536 2123 ad
563 2078 681 2139 portum,
705 2089 789 2124 naves
808 2073 953 2125 accesere
980 2075 1071 2125 1116611-

128 2157 229 2208 duntur
246 2159 414 2208 6.110.111.
433 2157 552 2209 Pharum
570 2157 688 2209 insulam
708 2164 854 2225 expugnat,
872 2161 975 2226 regiam
985 2164 1072 2212 muni·

128 2244 248 2294 tionibus
259 2243 357 2295 flrmat.
374 2243 498 2307 Arsinoe,
511 2243 663 2294 Ptolemaei
674 2243 734 2295 filia
745 2244 839 2307 minor,
859 2261 940 2311 regno
953 2248 1073 2313 potitura

128 2328 163 2379 ad
181 2329 317 2380 Achillam
336 2330 457 2396 confugit
475 2330 576 2380 6.-112.
612 2329 690 2380 Haec
707 2329 787 2380 initia
806 2331 872 2382 belli
886 2331 1070 2387 Alexandrini.

182 2519 209 2583 1.
244 2520 412 2584 Dictatore
441 2519 582 2586 habente
612 2524 740 2588 comitia
763 2521 902 2587 Caesare
925 2523 1072 2589 consules

94 2633 246 2689 creantur
267 2623 368 2687 Iulius
391 2621 512 2688 Caesar
535 2634 568 2690 61
590 2627 626 2690 Ρ.
651 2626 821 2692 Servilius:
845 2627 871 2690 is
894 2618 979 2690 enim
1002 2637 1073 2692 erat

94 2749 208 2809 annus,
238 2748 301 2812 quo
324 2728 493 2814 perleges
516 2731 545 2794 ei
568 2729 824 2795 consulemfieri
846 2729 965 2795 1166161.
1012 2732 1094 2800 Hiss

93 2830 192 2896 rebus
208 2831 371 2916 confectis,
395 2856 469 2898 cum
491 2834 572 2898 fides
595 2843 663 2898 tota
684 2834 778 2899 Italia
801 2844 885 2899 esset
907 2839 1073 2921 angustior

94 2956 200 3020 neque
223 2934 366 3001 creditae
393 2939 549 3023 pecuniae
579 2937 795 3023 solverentur,
824 2942 1001 3022 constituit,
1036 2951 1073 3005 ut

94 3037 210 3103 arbitri
238 3039 408 3124 darentnr3
439 3063 497 3126 per
512 3063 581 3106 -eos
603 3042 720 3107 fierent
741 3045 980 3108 aestimationes
1004 3067 1073 3129 pos-

95 3146 274 3210 sessionum
306 3153 340 3209 et
367 3139 495 3227 rerum,
527 3147 639 3230 quanti
674 3167 821 3232 quaeque
855 3170 968 3212 earum
998 3157 1073 3211 ante

95 3245 216 3312 bellum
243 3249 371 3332 fuisset,
404 3257 502 3334 atque
529 3249 591 3313 hac
620 3249 833 3315 creditoribus
856 3251 1071 3314 traderentur.

95 3351 169 3416 Hoc
197 3351 300 3416 etad
327 3352 475 3415 timorem
502 3373 662 3417 novarum
690 3351 875 3417 tabularum
897 3352 1094 3419 tollendums

74 3454 382 3540 minuendumque,
405 3456 462 3540 qui
482 3454 658 3521 fere-bella
679 3465 712 3521 et
734 3455 844 3521 civiles
859 3456 1073 3524 dissensiones

96 3549 189 3649 sequi
211 3549 444 3641 consuevit'ct
456 3552 508 3623 ud
527 3548 713 3649 debitorum
732 3558 890 3625 tuendam
911 3561 1073 3626 existima·
