2376 3924
371 260 482 311 ursan
499 261 520 322 1,
541 259 606 328 cap.
619 262 730 316 aare,
997 264 1037 328 37

59 470 143 535 quos
168 452 323 515 exomni
352 455 449 537 copia
479 451 605 535 singuli
635 452 786 536 singulos
812 474 894 517 suae
918 452 1038 518 salutis

58 572 164 618 cansa
189 550 403 637 delegerant:
427 577 502 620 cum
525 556 576 621 his
601 557 635 620 in
650 556 787 642 proeliis
804 557 1039 622 versabantur.

59 655 114 722 Ad
138 679 195 722 eos
219 679 254 721 se
278 661 407 742 equites
430 659 656 744 recipiebant3
680 660 724 743 hi,
748 660 874 745 siquid
891 671 964 726 erat
982 661 1059 728 due

57 763 138 844 rins,
163 762 420 840 concurrebant,
445 766 473 828 si
497 765 553 849 qui
570 765 726 847 graviore
745 764 883 829 vulnere
900 776 1038 850 accepto

58 886 143 951 equo
158 864 342 950 deciderat,
359 866 671 950 circumsistebant3
688 869 716 932 si
733 888 797 952 quo
815 876 887 932 erat
906 867 1059 950 longiusr

58 967 292 1053 prodeundum
315 978 374 1034 aut
397 969 539 1035 celerius
564 970 809 1056 recipiendum,
843 979 941 1035 tanta
965 982 1039 1036 erat

57 1070 176 1136 horum
193 1074 438 1138 exercitatione
450 1072 618 1157 celeritas,
634 1083 671 1139 ut
684 1073 772 1138 iubis
786 1095 945 1158 equorum
961 1073 1038 1139 sub-

57 1173 163 1239 levati
187 1197 320 1241 cursum
345 1176 585 1262 adaequarent.

161 1277 213 1343 49.
237 1277 303 1344 Ubi
318 1301 392 1344 eum
405 1283 528 1345 castris
542 1303 577 1344 se
590 1289 705 1346 tenere
718 1280 846 1347 Caesar
858 1283 1038 1365 intellexit,

57 1403 99 1446 ne
113 1381 239 1447 diutius
253 1392 440 1448 commeatu
456 1383 701 1469 prohiberetur,
718 1384 808 1450 ultra
826 1408 900 1450 eum
917 1386 1037 1469 locum,

57 1487 181 1570 quoin
207 1485 281 1551 loco
305 1484 467 1552 Germani
492 1487 732 1573 consederant,
757 1489 895 1554 circiter
916 1511 1038 1575 passus

58 1598 240 1654 sexcentos
264 1588 400 1672 abhis,
436 1593 560 1656 castris
589 1591 747 1658 idoneum
775 1591 886 1657 locum
911 1592 1037 1676 delegit

57 1694 198 1777 acieque
210 1691 336 1779 triplici
345 1696 511 1760 instructa
524 1694 569 1760 ad
578 1695 768 1761 eumlocum
776 1698 879 1761 venit.
892 1696 1060 1761 Primamr

56 1806 91 1862 et
116 1796 298 1862 secundam
321 1799 429 1863 aciem
453 1801 487 1863 in
511 1801 614 1864 armis
638 1822 729 1884 esse,
764 1801 900 1864 tertiam
923 1811 1038 1866 castra

55 1901 187 1965 munire
211 1901 319 1967 iussit.
358 1902 424 1968 Hie
449 1903 542 1968 locus
572 1903 615 1969 ab
638 1903 733 1968 hoste
756 1906 893 1971 circiter
915 1921 1059 1991 passus³

56 2015 249 2091 sexcentos,
272 2009 322 2071 uti
347 2006 474 2072 dictum
498 2018 559 2091 est,
584 2009 713 2074 aberat.
747 2009 798 2073 Eo
821 2011 957 2074 circiter
979 2008 1037 2074 ho-

55 2112 183 2175 minum
205 2132 343 2177 numero
368 2111 514 2177 sedecim
543 2111 637 2177 milia
662 2111 822 2198 expedita
850 2114 1037 2178 cumomni

58 2215 211 2300 equitatu
227 2212 419 2279 Ariovistus
443 2216 547 2299 misit,
564 2237 649 2300 quae
673 2218 791 2301 copiae
814 2225 947 2281 nostros
963 2238 1036 2302 per-

57 2326 223 2383 terrerent
245 2327 278 2382 et
302 2319 487 2384 munitione
515 2317 741 2405 prohiberent.
786 2318 900 2383 Nihilo
925 2320 1059 2385 secius4

58 2419 203 2506 Caesar,
237 2430 274 2486 ut
297 2430 376 2486 ante
399 2422 641 2505 constituerat,
676 2421 761 2487 duas
791 2423 882 2486 acies
906 2422 1037 2487 hostem

56 2523 265 2611 propulsare,
292 2525 429 2590 tertiam
453 2547 535 2611 opus
558 2525 719 2612 peffioere
741 2527 851 2591 iussit.
895 2525 1059 2589 Munitisc

57 2629 181 2694 castris
207 2628 291 2695 duas
307 2630 355 2695 ibi
371 2628 523 2713 legiones
539 2630 679 2715 reliquit
696 2639 729 2693 et
744 2638 874 2714 partem
894 2627 1036 2693 auxilio-

57 2754 147 2815 rum3
181 2741 339 2818 quattuor
362 2730 509 2818 reliquas
534 2735 568 2797 in
592 2741 708 2799 castra
730 2734 859 2797 maiora
888 2730 1036 2800 reduxit.

143 2832 195 2902 50.
217 2836 375 2902 Proximo
400 2835 454 2901 die
477 2837 633 2902 instituto
651 2857 709 2902 suo
726 2832 888 2900 Caesare
913 2837 1036 2899 castris

56 2940 208 3025 utrisque
231 2941 347 3026 copias
365 2961 444 3004 suas
462 2938 579 3005 eduxit
595 2938 798 3025 paulumque
815 2961 835 3003 a
851 2938 1035 3004 maioribus

57 3044 179 3107 castris
208 3062 408 3128 progressus
439 3042 548 3108 aciem
577 3043 739 3108 instruxit
747 3059 773 3126 ,·
793 3042 948 3108 hostibus
978 3066 1035 3128 pu·

57 3144 187 3230 gnandi
209 3155 413 3232 potestatem
435 3147 527 3212 feeit.
572 3145 639 3213 Ubi
662 3156 797 3212 netum
821 3145 955 3232 quidem
979 3166 1060 3211 eost

56 3247 192 3334 prodire
215 3248 400 3332 intellexit,
436 3251 574 3316 circiter
596 3249 769 3315 meridiem
793 3253 978 3315 exercitum
1002 3252 1035 3314 in

56 3352 892 3439 castrareduxit.TumdemumAriovistuspartem
901 3375 1037 3418 suarum

57 3458 246 3543 copiarum,
273 3479 359 3543 quae
383 3466 498 3523 castra
521 3459 653 3524 minora
676 3466 904 3545 oppugnaret,
932 3458 1035 3522 misit.

56 3559 194 3627 Acriter
215 3562 383 3649 utrimque
397 3583 504 3648 usque
521 3561 566 3627 ad
581 3584 757 3650 vesperum
772 3571 959 3648 pugnatum
974 3569 1037 3626 est.
