2376 3924
389 241 500 291 menn
517 241 577 302 vu,
597 239 673 291 cnr.
688 242 711 295 1.
995 241 1052 304 171

111 448 177 498 pere
190 433 282 483 conati
300 447 400 498 magna
418 448 479 483 cum
497 432 577 482 clade
594 431 696 497 repulsi
714 435 777 482 sunt
796 446 818 480 c.
831 429 942 479 44-51.
960 431 1055 496 Itaque

113 517 216 570 Caesar
239 519 361 569 oratione
381 518 416 570 ad
439 519 541 570 milites
567 518 661 569 habita
684 517 853 569 obsidionem
872 516 954 568 solvit
971 533 995 567 c.
1013 518 1061 580 52,

114 605 155 667 53,
175 609 202 655 et
219 609 310 655 castra
326 601 356 654 in
373 604 482 656 Aeduos
500 609 591 655 movet
609 620 632 654 c.
644 603 759 670 54-563
777 604 817 653 ibi
829 603 990 668 Labienum,
1009 604 1056 668 qui

112 707 156 742 res
174 707 303 757 prospere
329 691 357 742 in
381 692 495 743 Parisiis
522 697 652 758 gesserat,
680 691 734 741 sibi
757 691 882 757 adiungit
904 706 926 740 c.
945 690 1056 740 its-62.

111 776 269 829 Aeduorum
288 777 440 844 exemplum
458 779 556 829 imitati
568 793 660 830 omnes
673 778 729 829 fere
743 776 818 828 Galli
831 775 972 840 deliciunt3
990 775 1056 826 Ver-

113 865 311 930 cingetorigem
320 880 454 915 summum
465 864 560 915 ducem
573 865 754 928 constituunt3
769 870 797 915 at
809 865 955 915 vincuntur
966 879 983 913 a
993 862 1057 913 Cae

112 965 174 1001 sare
187 952 331 1001 cot-et.
357 950 566 1018 Vercingetorix
583 950 704 1002 Alesiam
723 967 752 1002 se
772 950 877 1001 confert
896 965 1056 1014 omnemque

113 1037 233 1088 Galliam
257 1038 292 1089 ad
314 1037 417 1089 bellum
441 1042 538 1089 evocat
556 1055 579 1089 c.
597 1039 708 1090 68-11.
743 1038 823 1088 Hanc
840 1038 936 1088 urbem
955 1036 1057 1087 Caesar

113 1123 317 1188 circumvallat,
335 1124 405 1176 alias
423 1126 586 1175 munitiones
604 1130 698 1176 contra
716 1125 876 1175 exteriorem
889 1123 994 1173 hostem
1013 1137 1056 1171 ex-

113 1212 194 1261 struit
206 1227 229 1261 c.
240 1211 349 1261 ‘ea-⁷4,
374 1211 448 1263 Galli
460 1212 548 1262 socios
561 1210 703 1262 obsidione
715 1211 833 1261 liberare
846 1211 945 1273 conati,
958 1224 1057 1275 magno

114 1296 275 1349 detrimento
298 1297 468 1365 repelluntur
492 1315 515 1349 c.
540 1299 649 1349 'lo-88.
684 1297 779 1348 Alesia
802 1303 829 1347 et
850 1296 1057 1362 Vercingetorix

113 1384 248 1436 deduntur
259 1401 281 1436 c.
292 1388 338 1447 89;
357 1385 466 1449 Aeduis,
486 1387 615 1436 Arvernis
633 1387 699 1435 item
712 1385 741 1434 in
754 1384 920 1434 deditionem
939 1381 1057 1447 acceptis

115 1472 217 1525 Caesar
234 1473 356 1540 legiones
374 1475 403 1523 in
420 1474 537 1524 hiberna
554 1473 693 1524 distribuit
711 1488 735 1526 1,
747 1473 790 1524 90.

166 1680 195 1746 1.
233 1680 358 1763 Quieta
382 1678 500 1746 Gallia
524 1679 667 1764 Caesar,
696 1692 733 1747 ut
756 1681 992 1762 constituerat,
1022 1681 1055 1743 in

78 1783 216 1850 Italiam
237 1784 282 1849 ad
304 1794 491 1850 conventus
507 1783 657 1869 agendos
673 1785 908 1871 proficiscitur.
931 1782 984 1848 Ibi
1001 1804 1056 1847 co·

79 1890 212 1975 gnoscit
227 1887 268 1953 de
284 1886 396 1953 Clodii
410 1887 527 1970 caede,
543 1887 582 1951 de
595 1897 799 1975 senatusque
814 1887 969 1954 consulto
986 1909 1056 1951 eer-

78 1995 147 2058 1111
167 1993 290 2076 faetus,
313 2002 350 2058 ut
374 2015 488 2058 omnes
511 1993 660 2059 iuniores
683 1993 807 2059 Italiae
830 1994 1057 2074 coniurarent,

80 2095 248 2162 delectum
259 2105 333 2163 tota
344 2098 521 2183 provincia
533 2096 660 2163 habere
672 2099 830 2163 instituit.
863 2097 936 2162 Eae
952 2119 1005 2161 res
1022 2097 1079 2159 ins

79 2197 229 2266 Gellium
238 2199 499 2286 Transalpinam
510 2200 667 2268 celeriter
678 2201 899 2287 perferuntur.
916 2200 1057 2265 Addunt

79 2305 144 2391 ipsi
168 2314 200 2369 et
223 2304 392 2389 effingunt
408 2304 597 2371 rumoribus
615 2302 719 2388 Galli,
743 2305 833 2391 quod
849 2327 903 2369 res
919 2325 1058 2388 poscere

77 2406 270 2487 videbatur,
292 2410 432 2475 retineri
447 2409 577 2475 urbano
593 2418 687 2475 motu
701 2407 882 2474 Caesarem
898 2429 1005 2492 neque
1022 2408 1056 2471 in

77 2512 185 2578 tantis
212 2510 480 2578 dissensionibus
510 2513 555 2579 ad
584 2514 771 2578 exercitum
798 2513 914 2577 venire
947 2532 1057 2596 posse.

77 2614 155 2682 Hac
179 2614 315 2703 impulsi
337 2618 528 2699 occasione,
551 2618 608 2703 qui
631 2618 699 2682 iam
715 2626 795 2682 ante
812 2639 848 2681 se
863 2614 978 2701 populi
993 2614 1080 2678 Ros

77 2721 171 2787 mani
200 2720 340 2807 imperio
370 2718 541 2787 subiectos
577 2721 748 2805 dolerent,
782 2720 922 2785 liberius
958 2727 1058 2804 etque

78 2823 244 2892 audacius
261 2822 409 2890 debello
432 2824 576 2891 consilia
600 2826 686 2890 inire
709 2826 884 2911 incipiunt.
912 2822 1081 2888 Indictis4

77 2930 169 2995 inter
191 2950 228 2994 se
249 2928 420 3014 principes
445 2926 580 2994 Gallice
603 2927 756 2993 conciliis
780 2927 994 2993 silvestribus
1017 2948 1058 2990 ac

76 3033 217 3099 remotis
246 3029 330 3097 locis
354 3040 538 3118 queruntur
562 3031 604 3097 de
625 3031 773 3099 Acconis
802 3041 925 3115 morte,
959 3052 1058 3116 posse

77 3137 168 3204 huno
190 3156 308 3203 casum
330 3135 376 3202 sd
398 3137 489 3222 ipsos
512 3137 665 3203 recidere
689 3136 937 3219 demonstrant,
960 3137 1079 3199 mise-⁵
1176 3178 1184 3197 ,

77 3250 199 3308 rentur
214 3260 424 3306 communem
440 3238 575 3307 Galliae
591 3241 775 3324 fortunam,
792 3240 946 3306 omnibus
961 3237 1057 3324 polli-

77 3342 299 3412 citetionibus
315 3366 356 3409 sc
371 3345 531 3430 praemiis
549 3343 746 3431 deposcunt,
762 3346 819 3430 qui
830 3343 911 3410 belli
924 3343 1059 3407 initium

77 3448 259 3517 1111111111
276 3448 327 3515 sui
343 3450 466 3535 capitis
482 3447 632 3535 periculo
648 3446 797 3513 Galliam
813 3450 848 3512 in
864 3447 1057 3513 libertatem

79 3552 265 3621 vindicent.
278 3553 446 3638 Imprimis
459 3554 626 3618 rationem
638 3575 713 3617 esse
723 3550 916 3617 habendam
929 3550 1080 3632 dicunt,o
