2376 3924
129 214 168 279 ιθ
422 214 472 265 aa
491 213 612 266 annno
631 212 792 267 osnmco

124 414 160 471 et
182 416 301 492 postea
323 409 358 472 in
381 406 425 473 Μ.
441 405 559 473 Crassi
580 405 701 489 fuerat,
729 427 804 471 cum
827 405 1109 492 exploratoribus

125 512 362 597 praemittitur.

226 614 278 680 22.
301 615 413 682 Prima
436 615 522 698 luce,
545 636 620 681 cum
636 636 783 680 summus
799 636 893 681 mons
909 639 930 681 a
944 615 1107 687 Labieno

125 728 305 804 teneretur,
320 722 393 806 ipse
409 719 453 784 ab
470 719 616 785 bostium
634 719 759 784 castris
775 741 841 784 non
857 718 992 804 longius
1007 723 1108 791 mille

124 833 157 889 et
179 825 374 911 quingentis
389 822 546 910 passibus
563 822 710 903 abesset,
734 844 851 908 neque,
867 832 904 889 ut
921 834 1041 910 postea
1059 851 1108 895 ex

123 929 270 1013 captivis
293 928 467 1013 comperit,
490 936 550 991 aut
573 928 677 1013 ipsius
694 925 861 991 adventus
877 938 937 992 aut
952 927 1106 997 Labieni

99 1032 278 1115 scognitus
307 1039 412 1114 esset,
447 1029 628 1096 Considius
657 1050 741 1114 equo
770 1029 918 1095 admisso
949 1031 994 1096 ad
1023 1056 1106 1101 eum

120 1136 279 1216 accurrit,
303 1133 387 1199 dicit
410 1141 567 1217 montem,
597 1154 695 1219 quem
718 1156 739 1197 a
761 1131 915 1199 Labieno
938 1141 1104 1222 occupari

120 1238 275 1321 voluerit,
299 1236 343 1302 ab
366 1236 519 1302 hostibus
542 1239 669 1302 teneri:
693 1236 816 1302 idaea
834 1235 976 1304 Gallicis
994 1243 1104 1307 armis

96 1352 222 1429 satque
245 1343 435 1427 insignibus
464 1344 674 1427 cognovisse.
720 1340 849 1407 Caesar
878 1365 956 1409 suas
979 1347 1102 1431 copias

119 1448 153 1512 in
177 1447 363 1532 proximum
387 1446 506 1512 collem
531 1445 700 1527 subducit,
724 1447 832 1511 aciem
859 1448 1006 1512 instruit.
1030 1449 1101 1516 La·¹

119 1550 248 1633 bienus,
261 1561 298 1617 ut
312 1561 385 1616 erat
400 1552 430 1616 ei
443 1560 663 1637 praeceptum
676 1547 862 1632 aansare,
877 1573 921 1616 ne
932 1550 1102 1637 proelium

118 1654 352 1737 committeret,
368 1655 434 1718 nisi
451 1654 555 1738 ipsius
572 1653 690 1737 copiae
706 1673 809 1738 prope
821 1652 966 1718 hostium
978 1663 1101 1721 castra

116 1762 212 1825 visae
242 1767 370 1841 essent,
404 1767 441 1823 ut
471 1756 619 1842 undique
646 1778 712 1821 uno
742 1766 889 1842 tempore
919 1758 953 1821 in
979 1757 1099 1824 hostes

119 1867 261 1949 impetus
277 1863 383 1946 fieret,
404 1871 516 1929 monte
533 1868 698 1948 occupato
719 1871 853 1926 nostros
871 1862 1099 1948 exspectabat

96 1966 311 2054 rproelioque
334 1966 540 2033 abstinebat.
577 1964 684 2031 Multo
709 1965 851 2050 denique
879 1964 933 2030 die
954 1988 1014 2053 per
1036 1990 1098 2035 ex·

118 2071 303 2158 ploratores
319 2069 448 2137 Caesar
471 2071 631 2154 cognovit
648 2077 681 2134 et
703 2076 849 2134 montem
866 2092 887 2134 a
903 2070 972 2135 suis
985 2074 1097 2137 teneri

118 2184 150 2240 ct
174 2175 350 2241 Helvetios
373 2184 487 2241 castra
515 2175 661 2240 movisse
690 2182 722 2238 et
745 2171 943 2239 Considium
974 2176 1097 2242 timore

117 2280 347 2364 perterritum,
382 2277 470 2364 quod
498 2299 566 2342 non
594 2276 746 2360 vidisset,
773 2298 833 2362 pro
856 2278 929 2341 viso
953 2276 1019 2342 sibi
1042 2302 1096 2344 re·

95 2383 302 2449 enuntiasse.
330 2381 380 2446 Eo
405 2380 459 2446 die
483 2402 547 2467 quo
571 2389 750 2447 consuerat
773 2379 954 2445 intervallo
977 2380 1096 2448 hostes

116 2487 266 2570 sequitur
295 2496 329 2551 et
364 2484 458 2551 milia
491 2506 628 2571 passum
654 2484 723 2549 tria
752 2482 795 2548 ab
824 2504 938 2549 eorum
967 2487 1094 2552 castris

115 2598 228 2654 castra
255 2590 359 2675 ponit.

217 2691 268 2756 23.
292 2693 460 2759 Postridie
484 2695 555 2759 eius
580 2692 657 2776 diei,
681 2692 769 2779 quod
792 2693 925 2758 omnino
952 2691 1094 2763 biduum

115 2806 305 2882 supererat,
339 2818 413 2863 cum
444 2797 609 2863 exercitui
637 2795 838 2864 frumentum
860 2797 971 2862 metiri
996 2818 1093 2884 opor·

114 2911 211 2983 teret,
235 2911 269 2967 et
292 2902 380 2987 quod
403 2926 423 2967 a
440 2901 612 2984 Bibracte,
636 2899 758 2986 oppido
773 2900 966 2966 Aeduorum
989 2900 1092 2987 longe

116 3007 261 3071 maximo
286 3014 318 3070 et
343 3006 584 3092 copiosissimo,
607 3026 674 3070 non
697 3005 837 3091 amplius
861 3004 997 3071 milibus
1012 3027 1093 3092 pas·

116 3131 211 3174 suum
234 3125 324 3176 XVIII
346 3109 474 3194 aberat,
498 3111 547 3175 rei
562 3109 802 3175 frumentariae
816 3109 1092 3196 prospiciendum

116 3214 341 3297 existimavit,
370 3214 435 3279 iter
456 3212 501 3279 ab
523 3211 691 3279 Helvetiis
715 3213 841 3278 avertit
863 3235 903 3279 ac
927 3212 1090 3281 Bibracte

93 3320 164 3382 aire
186 3317 369 3383 contendit.
392 3317 444 3382 Ea
467 3339 521 3382 rea
544 3338 603 3402 per
624 3317 787 3400 fugitivos
809 3316 849 3380 L.
863 3316 1008 3402 Aemilii,
1033 3317 1090 3384 de*

93 3423 262 3487 taurionis
278 3423 425 3508 equitum
439 3418 623 3506 Gallorum,
639 3418 793 3486 hostibus
805 3421 992 3487 nuntiatur.
1007 3421 1091 3489 Hel·

114 3526 205 3608 vetii,
220 3548 278 3589 seu
290 3525 378 3610 quod
390 3527 510 3592 timore
521 3525 719 3612 perterritos
731 3523 899 3591 Romanos
912 3524 1091 3594 discedere
