2376 3924
447 879 484 944 0.
507 881 623 948 IULII
645 880 864 948 CAESARIS

227 1058 334 1166 DE
390 1058 660 1168 BELLO
716 1057 1081 1168 GALLIOO

461 1260 605 1310 LIBER
629 1259 842 1311 TERTIUS.

575 1469 727 1478 -2--.—-—

505 1620 795 1677 naumurum.

164 1743 205 1813 [A.
225 1745 257 1798 U.
276 1745 305 1796 C.
324 1742 393 1812 698]
424 1745 534 1795 Servius
553 1743 650 1804 Galba,
667 1741 774 1809 legatus
793 1742 926 1808 Caesaris,
945 1747 1039 1810 gentes
1058 1757 1134 1807 quas·

197 1831 258 1881 dam
285 1832 355 1880 inter
381 1828 448 1880 fines
472 1828 662 1895 Allobrogum,
690 1829 783 1879 laeum
812 1829 981 1880 Lemannum
1009 1834 1036 1879 et
1053 1828 1137 1894 Alpes

196 1919 262 1967 sitas
280 1915 405 1967 secundis
433 1915 537 1979 aliquot
563 1914 674 1980 proeliis
698 1916 778 1978 visit,
807 1914 970 1967 rebellantes
998 1920 1025 1965 et
1046 1920 1136 1966 castra

196 2006 382 2068 oppugnantes
401 2001 479 2068 gravi
497 2000 575 2051 clade
587 2002 735 2066 prostravit
752 2017 774 2055 o.
791 2001 866 2052 1-6.
893 2001 998 2052 Eodem
1015 2006 1136 2067 tempore

194 2089 328 2139 Armorioi
346 2086 493 2150 rebellant,
518 2103 585 2154 quos
605 2085 706 2138 Caesar
724 2087 839 2153 primum
857 2089 979 2138 terrestri
997 2087 1069 2139 bello
1088 2103 1135 2154 ag-

195 2192 302 2243 gressus
316 2182 364 2242 est,
388 2176 494 2240 deinde,
516 2192 577 2226 oum
595 2191 688 2242 parum
707 2176 874 2242 profecisset,
897 2176 1014 2228 navibus
1032 2174 1136 2224 domuit

194 2280 217 2319 o.
237 2265 330 2315 7-16.
357 2264 415 2315 Non
429 2265 517 2313 minus
527 2262 643 2313 feliciter
660 2263 745 2328 legati
758 2263 789 2325 Q.
803 2263 923 2314 'I'iturius
937 2279 998 2314 eum
1010 2260 1134 2313 Venellis

194 2367 216 2400 e.
236 2351 350 2412 17-19,
374 2352 404 2401 Ρ.
423 2349 536 2400 Crassus
559 2366 619 2400 oum
637 2349 780 2415 Aquitanis
803 2354 960 2417 pugnarunt
978 2366 1001 2400 o.
1022 2348 1134 2398 ro-ut.

192 2437 225 2485 In
243 2437 362 2487 Morinos
381 2436 576 2501 Menapiosque
593 2451 752 2502 progressus
771 2436 806 2487 ob
824 2437 890 2487 anni
907 2441 1013 2501 tempus
1033 2433 1135 2487 Caesar

194 2525 340 2572 exereitum
359 2522 387 2571 in
406 2522 522 2572 hiberna
539 2522 645 2573 reducit
663 2538 685 2574 e.
705 2523 747 2585 28,
765 2522 807 2571 29.

245 2711 272 2776 1.
296 2709 380 2775 Oum
402 2712 437 2775 in
452 2709 589 2776 Italiam
610 2710 878 2795 proficisceretur
894 2709 1032 2793 Caesar,
1056 2707 1131 2773 Ser·

155 2817 246 2880 vium
262 2812 409 2879 Galbam
424 2834 500 2878 oum
514 2812 647 2897 legione
663 2831 723 2878 xri.
747 2823 779 2879 et
802 2823 898 2901 parte
911 2815 1080 2900 equitatus
1097 2813 1131 2876 in

155 2919 355 2999 Nantuates,
378 2917 549 3002 Veragros
566 2915 786 3004 Sedunosque
801 2920 903 3002 misit,
928 2919 984 3005 qui
998 2915 1042 2983 ab
1056 2916 1130 2981 fini-

154 3021 218 3088 bus
233 3020 455 3105 Allobrogum
479 3031 512 3087 et
533 3019 612 3086 lacu
633 3019 807 3086 Lemanno
832 3030 864 3087 et
887 3020 1021 3087 flumine
1043 3017 1130 3085 Rho·

133 3125 243 3191 rdano
268 3124 313 3189 ad
337 3146 482 3190 summas
505 3122 609 3210 Alpes
632 3127 813 3210 pertinent.
843 3123 957 3190 (lausa
972 3121 1130 3189 mittendi

154 3230 228 3314 fuit,
252 3229 341 3316 quod
363 3231 428 3293 iter
443 3251 503 3314 per
517 3226 632 3314 Alpes,
655 3251 719 3314 quo
743 3249 865 3313 magno
889 3250 964 3294 oum
979 3224 1129 3313 periculo

153 3335 352 3420 magnisque
367 3354 443 3399 oum
457 3332 615 3418 portoriis
630 3342 836 3398 mercatores
852 3334 902 3397 ire
914 3339 1129 3414 consuerant,

131 3437 307 3524 spatefieri
322 3435 469 3503 volebat.
492 3434 580 3501 Huio
596 3436 760 3522 permisit,
783 3437 813 3501 si
836 3456 918 3521 opus
942 3457 1016 3501 esse
1039 3432 1128 3501 arbi·
