2376 3924
143 219 284 272 XXXVIII
443 215 655 267 ADNOTATIO
675 215 820 267 CRI'PIOA

143 408 257 474 veritus,
275 423 310 460 ue
327 422 384 460 uou
402 405 514 460 reducti
531 404 581 459 sed
598 404 695 458 reiecti
712 403 894 475 videreretur]
914 404 1015 459 detecti
1033 406 1122 472 codd.;

144 502 171 547 at
183 495 266 546 verbo
284 492 396 547 reductu¹
414 509 468 545 non
487 494 542 544 nisi
560 493 704 558 vulgatum
722 490 819 544 reiecti
836 496 910 543 reete
923 493 1077 558 opponitur.
1089 520 1123 530 —

144 585 169 646 ξ.
186 583 216 631 52
243 579 336 633 subt'to
363 575 580 646 constipate]
607 593 670 628 cum
692 577 799 627 Faerno
823 579 928 644 scripsi.
959 577 1033 643 quod
1058 578 1123 628 libri

143 667 246 717 habent
264 670 291 716 et
307 665 391 730 vulgo
416 665 504 716 editur
528 661 737 729 eouspu'ruti
760 678 816 712 non
839 663 919 714 modo
937 668 968 714 ut
986 663 1125 715 soloecum

144 750 342 818 explodendum
361 753 409 809 est,
428 764 523 798 verum
542 749 624 797 etiam
644 762 706 798 cum
723 764 752 798 re
771 749 831 814 ipsa
848 753 941 812 aperte
958 756 1072 815 pugnat.
1091 748 1125 799 de

144 838 239 892 subite
258 833 468 902 conspiratione
486 835 573 894 enim,
596 833 686 900 quahs
703 834 734 884 F.
754 834 909 884 Hofmanno
927 834 1049 900 videtur,
1066 841 1124 885 tum

144 926 251 975 demum
278 924 393 990 cogitari
421 925 526 987 posset,
554 936 615 971 cum
640 919 711 970 ultro
736 925 818 986 atque
840 936 894 971 uno
913 922 1003 971 animo
1022 921 1124 972 milites

143 990 254 1076 aliquod
282 1008 426 1059 consilinm
454 1007 603 1071 cepissent3
631 1006 679 1056 sed
704 1007 782 1072 signo
807 1007 870 1056 dato
892 1007 961 1056 inssi
979 1012 1058 1057 erant
1074 1009 1123 1056 im·

143 1103 235 1162 petum
254 1097 283 1145 in
301 1095 391 1144 hostes
408 1093 507 1144 facere.
527 1093 674 1157 quodcum
687 1108 742 1142 non
754 1093 807 1142 nisi
819 1091 956 1158 phalange
972 1092 1018 1142 vel
1037 1108 1123 1143 cuneo

143 1184 215 1232 facto
234 1180 293 1230 fieri
310 1184 416 1245 posset,
445 1183 517 1227 certe
541 1176 661 1229 subito
680 1175 883 1243 cousta'pute'
903 1178 967 1243 pilis
985 1178 1077 1229 missis
1095 1185 1125 1229 ut

143 1269 210 1317 iussi
228 1274 306 1316 erant
333 1267 361 1315 in
384 1265 475 1315 hostes
498 1265 661 1330 irruperunt.
687 1291 722 1300 -—
748 1263 800 1313 ib.:
828 1268 920 1316 erutes
947 1262 1123 1334 detectae]

145 1352 271 1405 derectae
289 1351 412 1418 plerique
431 1349 517 1413 codd,
537 1349 641 1401 directe
658 1350 678 1402 f.
701 1349 732 1398 F.
747 1349 884 1399 Hofmann
903 1365 1018 1416 eumque
1038 1352 1125 1401 secuti

144 1427 257 1490 Diibner
281 1443 309 1488 et
329 1437 428 1485 DInter
452 1434 587 1488 disiectae
610 1436 784 1500 seripserunt.
815 1441 844 1485 at
868 1442 955 1486 crates
979 1436 1046 1488 illae
1069 1453 1124 1488 non

144 1532 200 1576 tam
219 1523 386 1576 disiciendae
405 1538 485 1587 quam
504 1522 662 1572 deiciendae
682 1527 760 1572 erant
777 1522 1003 1586 inrumpentibus.

247 1628 270 1662 c.
288 1612 330 1671 48,
351 1612 378 1659 1:
407 1609 462 1662 Est
486 1613 602 1660 eutem
624 1623 712 1677 peuus
734 1607 844 1662 radices
863 1608 1006 1662 iuueutuus
1023 1609 1059 1662 ab
1078 1608 1125 1678 iis,

146 1698 194 1765 qui
211 1697 329 1762 fueraut
399 1695 445 1747 eal
515 1693 627 1763 eribus]
659 1699 754 1746 autem
772 1695 850 1758 abl,
877 1696 959 1761 vulgo
978 1695 1073 1748 ettam.
1090 1724 1127 1735 -

144 1787 173 1834 in
197 1784 373 1848 sequentibus
397 1783 502 1844 verbis,
531 1782 629 1846 quibus
653 1787 728 1831 certa
748 1781 856 1831 medela
874 1780 993 1831 nondum
1012 1783 1126 1832 inventa

146 1877 195 1931 est,
214 1871 280 1919 satis
298 1868 380 1918 habui
401 1868 570 1934 corruptelae
588 1867 680 1918 sedem
698 1867 828 1917 indicare.

247 1971 269 2004 c.
283 1957 324 2014 49,
337 1956 366 2005 4:
385 1957 543 2018 terramque
561 1951 786 2023 uppesserutfl
806 1953 877 2004 hanc
890 1954 1028 2018 vulgatam
1041 1955 1127 2020 scrip·

145 2047 248 2101 turam,
283 2041 325 2089 cui
354 2039 556 2104 adstipulantur
582 2039 651 2102 fhl,
678 2045 709 2088 ut
735 2044 816 2089 antea
835 2039 942 2088 retinui.
972 2037 1126 2106 adiecerat,

146 2126 218 2193 quod
237 2125 282 2179 ab
300 2125 410 2189 habent,
427 2125 592 2190 Nipperdey,
611 2127 725 2187 Kraner,
745 2124 776 2173 F.
796 2125 933 2175 Hofmann
955 2131 1125 2191 receperunt.

145 2242 180 2252 -
203 2216 226 2276 g.
246 2213 275 2261 6:
303 2214 363 2264 tuus
389 2216 557 2264 commeatus
584 2211 659 2263 ouuu¹
686 2226 784 2279 peuere
806 2215 923 2278 praeter
950 2209 1127 2274 frurueutum

147 2297 328 2365 abuudabut;
347 2295 447 2363 quibus
460 2295 563 2349 cotidie
581 2295 679 2348 arelius
698 2296 840 2348 subesse
857 2299 966 2362 tempus
978 2295 1126 2349 uectorem-

147 2401 197 2452 que
224 2400 299 2452 specu
325 2382 493 2434 matreritute
522 2382 730 2447 frumentorum
756 2380 882 2449 propoue'
908 2380 1069 2451 eluebant]
1095 2389 1127 2433 ut

147 2474 237 2521 sensui
256 2470 433 2521 consulerem
445 2467 556 2521 subesse
575 2470 678 2533 scripsi,
697 2484 759 2518 cum
778 2475 851 2518 certa
864 2467 1018 2518 emendatio
1032 2470 1127 2520 traditi

145 2558 223 2607 verbi
242 2556 399 2609 subterrere
415 2556 523 2621 (abhl)
544 2552 694 2614 tsrebterere
712 2554 741 2620 f)
761 2553 902 2619 hucusque
920 2554 1097 2606 desideretur.

233 2626 272 2693 ὀ,
291 2644 334 2707 50,
352 2646 380 2692 2:
399 2642 525 2692 lacunam
545 2647 606 2706 post
624 2639 751 2705 fucereut
769 2641 855 2691 Aldus
873 2642 986 2693 notavit.

250 2747 272 2780 c.
291 2732 332 2794 51,
351 2733 382 2781 5:
402 2728 483 2782 Sulla
504 2729 532 2798 [u
545 2727 664 2782 Caesare
682 2728 787 2780 castris
800 2727 949 2797 reltctus]]]
968 2744 1029 2779 cum
1046 2728 1126 2779 initio

147 2817 243 2880 eapitis
262 2816 365 2865 dictum
385 2818 431 2877 sit,
461 2816 565 2866 Sullam
583 2831 600 2864 a
619 2814 737 2865 Caesare
756 2816 852 2866 castris
870 2816 1038 2881 praefectum
1056 2829 1126 2877 esee,

146 2902 230 2951 verba
248 2902 353 2952 inclusa
371 2919 425 2953 non
445 2901 605 2967 corrigenda
624 2900 672 2951 sed
685 2901 855 2967 segreganda
867 2917 927 2952 esse
941 2901 1013 2962 duxi,
1032 2905 1126 2966 utpote

85 2970 88 2977 ¹
145 2988 180 3038 ab
200 2988 345 3052 interprete
364 2988 481 3053 quodam
501 2987 593 3038 Sullae
612 2988 715 3037 nomini
735 3003 768 3036 cx
783 2989 967 3053 superioribus
979 2987 1126 3053 adscripta.

251 3091 273 3124 e.
296 3075 344 3136 53,
368 3076 397 3123 4:
426 3071 695 3142 reuumeraveruut]
726 3075 774 3126 sic.
802 3074 894 3132 codd.;
923 3073 954 3124 F.
978 3073 1126 3137 Hofmann,

147 3161 272 3224 Diibner,
290 3161 388 3210 Dinter
410 3159 648 3212 reattutte'ueeruut
671 3160 790 3210 scribere
810 3159 970 3210 maluerunt.
995 3186 1029 3196 —
1052 3162 1075 3222 ξ.
1096 3160 1125 3209 5:

148 3263 226 3315 quem
240 3245 353 3313 Caesar,
372 3250 405 3298 ut
423 3251 486 3298 erut
504 3246 538 3298 de
557 3261 585 3298 se
603 3246 721 3298 meritus
740 3251 766 3298 et
785 3246 818 3298 de
836 3242 988 3312 republica,
1007 3243 1126 3298 deuouit

147 3350 263 3389 uumuut
280 3332 393 3386 utilibus
415 3330 460 3387 00
476 3337 560 3398 utque
578 3346 599 3383 e.
618 3348 641 3398 q.
660 3331 701 3402 s]
730 3331 847 3385 donauit
869 3345 985 3383 numum
1008 3336 1039 3382 ut
1060 3332 1126 3384 olim

147 3440 196 3488 pro
221 3422 356 3475 douutuut
379 3422 488 3486 scripsi3
514 3420 618 3470 finitam
636 3422 713 3470 verbi
735 3421 850 3470 formam
870 3417 990 3484 postulat
1007 3434 1126 3483 sequens

149 3513 282 3575 utque-
296 3506 507 3575 prouuute'aru't,
526 3523 577 3557 nec
596 3508 685 3556 minus
704 3505 875 3556 necessarius
887 3508 929 3554 est
941 3503 1018 3580 iuxta
1029 3520 1124 3556 nume·
