2376 3924
492 242 569 293 cur.
589 243 664 293 1-s.
1010 240 1073 306 293

99 439 216 513 essent,
251 432 306 514 qui
339 430 508 491 certiorem
541 425 599 490 Cn.
630 427 819 511 Pompeium
852 428 893 492 de
928 429 1075 496 Caesaris

100 534 245 598 adventu
278 532 424 597 facerent
436 579 528 595 .....
553 529 657 595 Multa
691 539 860 616 praeterea
891 535 1077 600 verisimilia

100 634 331 723 proponebant.
377 634 504 717 Quibus
526 633 625 698 rebus
647 634 816 715 adductus,
851 657 931 720 quos
954 636 1097 722 legatost

102 750 176 805 ante
199 741 357 804 exercitui
380 739 591 824 praefecerat,
615 739 655 821 Q.
672 738 809 803 Pedium
832 749 864 804 et
879 739 920 821 Q.
937 740 1077 805 Fabium

103 846 286 910 Maximum
309 842 350 908 de
372 865 430 907 suo
453 842 598 906 adventu
619 842 698 906 facit
719 845 871 908 certiores
894 852 993 927 utque
1017 844 1077 909 sibi

102 950 275 1033 equitatus,
305 950 359 1032 qui
383 969 426 1011 ex
448 948 614 1032 provincia
643 946 764 1027 fuisset,
794 947 955 1032 praesidio
983 956 1076 1011 esset.

103 1050 157 1115 Ad
186 1073 267 1136 quos
296 1044 441 1131 celerius,
477 1070 575 1133 quam
601 1050 663 1134 ipsi
698 1052 818 1135 opinati
852 1059 936 1130 sunt,
965 1069 1099 1136 appio-4

103 1155 273 1239 pinquavit
294 1173 409 1236 neque,
433 1161 469 1214 ut
491 1154 560 1236 ipse
582 1152 692 1232 voluit,
716 1154 898 1236 equitatum
913 1152 974 1217 sibi
989 1176 1078 1239 prae-

104 1257 184 1322 sidio
206 1257 330 1322 habuit.

189 1362 218 1426 3.
242 1357 344 1447 [Erat]
378 1361 465 1425 idem
498 1361 650 1444 temporis
680 1360 755 1425 Sex.
780 1361 952 1446 Pompeius
980 1363 1080 1428 frater

105 1461 183 1551 [qui]
212 1487 286 1530 cum
313 1464 474 1552 praesidio
503 1463 691 1528 Cordubam
720 1464 861 1548 tenebat,
896 1467 983 1550 quod
1012 1469 1080 1532 eius

107 1569 292 1654 provinciae
327 1577 425 1654 caput
458 1588 528 1631 csse
562 1567 825 1650 existimabatur3
870 1571 938 1653 ipse
972 1580 1081 1635 autem

105 1671 164 1737 On.
187 1671 360 1758 Pompeius
388 1670 577 1735 adulescens
599 1671 707 1736 Uliam
736 1671 890 1756 oppidum
919 1695 1081 1759 oppugna-

105 1775 163 1840 bat
184 1783 217 1840 et
238 1775 307 1839 fere
334 1777 399 1839 iam
428 1774 549 1859 aliquot
580 1773 744 1838 mensibus
777 1774 820 1838 ibi
866 1775 1081 1843 detinebatur.

107 1879 181 1960 Quo
219 1902 262 1944 ex
299 1877 416 1964 oppido
455 1879 583 1963 cognito
616 1876 766 1942 Caesaris
804 1878 949 1945 adventu
984 1880 1103 1967 legati²

107 1981 191 2048 clam
213 1981 375 2068 praesidia
397 1981 456 2046 Cn.
480 1983 615 2067 Pompei
637 1979 811 2046 Caesarem
834 2005 907 2048 cum
930 1984 1083 2067 adissent,

107 2096 218 2173 petere
251 2094 437 2172 coeperunt,
474 2095 511 2150 ut
544 2085 605 2151 sibi
638 2087 741 2171 primo
775 2108 903 2172 quoque
940 2097 1085 2172 tempore

108 2189 288 2255 subsidium
310 2192 461 2254 mitteret.
507 2187 630 2254 Caesar
652 2190 695 2253 ad
717 2212 790 2254 eam
813 2193 977 2255 civitatem
1000 2193 1106 2256 omni³

108 2303 253 2380 tempore
287 2295 405 2380 optime
429 2293 469 2357 dc
493 2292 609 2377 populo
632 2294 777 2356 Romano
811 2296 959 2357 meritam
993 2290 1085 2379 [esse]

109 2396 256 2461 celeriter
289 2381 349 2461 sex
386 2396 533 2461 cohortes
570 2396 713 2460 secunda
746 2397 857 2481 vigilia
893 2396 983 2461 iubet
1015 2420 1086 2483 pro·

110 2499 222 2582 ficisci,
251 2502 321 2586 pari
344 2501 469 2584 equites
497 2521 641 2564 numero.
687 2498 814 2581 Quibus
848 2500 1005 2584 praefecit
1032 2500 1086 2564 ho-

110 2607 229 2670 minem
251 2606 319 2668 eius
343 2606 528 2689 provinciae
549 2614 661 2668 notum
690 2613 722 2668 et
750 2625 815 2666 non
845 2625 960 2688 parum
988 2605 1087 2667 scien-

110 2717 185 2790 tem,
208 2708 248 2774 L.
272 2709 401 2773 Iunium
423 2710 625 2773 Paciaecum.
670 2708 736 2790 Qui
759 2729 832 2772 cum
855 2707 896 2771 ad
920 2705 978 2771 On.
995 2708 1108 2772 Pom-⁴

112 2813 164 2896 pei
195 2812 359 2900 praesidia
393 2814 544 2894 venisset,
583 2812 695 2877 incidit
731 2810 817 2876 idem
854 2813 1018 2895 temporis,
1052 2819 1088 2875 ut

111 2925 302 3002 tempestate
325 2915 463 2979 adversa
478 2915 726 2999 vehementique
741 2922 839 2978 vento
862 2913 1087 2996 afflictaretur3

112 3039 197 3102 quae
219 3021 269 3084 vis
291 3021 492 3103 tempestatis
520 3021 565 3082 ita
594 3017 798 3101 obscurabat,
832 3026 869 3082 ut
896 3019 954 3081 vix
983 3019 1110 3102 proxi-⁵

113 3144 203 3186 mum
226 3144 402 3206 agnoscere
424 3132 563 3208 possent.
610 3121 709 3186 Cuius
738 3120 978 3186 incommodum
1006 3141 1088 3184 sum-

113 3247 200 3289 mam
231 3225 403 3290 utilitatem
435 3227 512 3310 ipsis
546 3224 735 3310 praebebat.
779 3225 831 3289 Ita
853 3246 927 3289 oum
950 3222 992 3286 ad
1015 3242 1110 3286 eume

112 3338 282 3412 venerunt,
316 3328 406 3393 iubet
437 3329 530 3394 binos
563 3351 664 3413 equos
697 3326 923 3409 conscendere,
947 3335 980 3391 et
1000 3335 1090 3391 recta

114 3455 172 3519 per
205 3432 467 3499 adversariorum
500 3432 662 3518 praesidia
695 3433 738 3497 ad
775 3430 929 3516 oppidum
963 3438 1090 3495 conten-

114 3536 204 3601 dunt
251 3536 433 3622 Mediisque
457 3558 569 3601 eorum
597 3536 766 3621 praesidiis
788 3555 862 3598 cum
885 3540 993 3599 essent
1008 3582 1015 3596 .
1033 3581 1040 3596 .
1058 3581 1065 3596 .
1083 3553 1112 3596 ,τ
