2376 3924
299 219 348 267 AD
368 217 465 270 Onus.
484 219 591 271 BELL.
610 219 677 270 CIV.
696 221 747 283 111,
768 221 877 271 16-25.
960 220 1077 272 XXXIII

97 407 221 469 Vatinio,
250 405 358 458 dehac
382 423 410 457 re
434 408 630 458 consulendum
654 415 720 459 erat.
753 409 845 475 (antea
870 412 923 461 sub
951 412 1075 462 codicum

96 491 189 542 verbis
214 507 273 544 nna
296 491 338 544 vie
361 493 446 544 latere
469 500 630 559 putaveram
652 494 736 548 naais
760 496 937 558 vocabulum,
965 503 992 548 et
1015 515 1075 548 eum

97 578 169 627 inter
192 582 281 628 eastra
298 579 412 644 Pompei
435 585 516 646 atque
538 580 663 631 Caesaris
685 581 786 632 flumen
809 582 899 647 Apsus
920 584 1076 646 interesset,

97 680 114 714 a
132 679 269 713 veronen
288 665 421 715 absonum
438 666 597 730 videbatur,
624 667 669 717 vel
692 669 833 732 utriusque
858 656 992 719 exereitus
1017 685 1075 720 ora·

96 755 170 800 tores
195 766 227 799 ex
249 750 364 800 navibus
390 750 556 818 colloquium
583 753 753 802 instituturos
771 753 855 803 fuisse
875 753 916 820 [of.
936 770 960 804 e.
979 755 1021 815 15,
1040 753 1075 821 6],

96 836 143 885 vel
163 835 277 886 alterum
296 840 368 886 certe
387 837 452 887 navi
469 852 596 901 usurum,
614 839 707 903 itaque
725 838 888 904 scripseram
906 843 990 905 atpae
1007 839 1076 895 naui

97 935 156 973 esse
177 925 326 987 recturam,
345 936 398 988 qno
417 921 568 975 admodum
587 927 648 975 tato
664 922 749 992 lepati
761 922 855 976 venire
868 928 930 976 cett.
940 925 1077 995 poseant.)

202 1067 224 1100 e.
244 1055 285 1115 21,
303 1055 331 1102 δι
352 1051 412 1118 ipse
431 1067 493 1104 eam
506 1049 664 1104 Casilinum
682 1051 809 1119 venisset,
827 1067 937 1119 auoque
956 1057 1077 1121 tempore
1111 1111 1113 1117 ,

96 1137 181 1206 sipna
205 1137 266 1190 eine
289 1136 429 1189 militaria
452 1141 535 1204 atque
559 1153 640 1190 arma
660 1137 775 1205 Capaae
798 1143 889 1192 asserit
913 1154 1077 1207 comprensa

96 1223 261 1290 familiae
279 1223 402 1291 Neapoli
425 1223 549 1290 missa,
578 1239 665 1290 qnae
684 1223 877 1290 proditionem
902 1225 1002 1293 oppidi
1025 1243 1076 1294 ap-

93 1308 234 1379 pararetfl
253 1317 379 1376 corrupta
397 1311 520 1360 codicum
532 1311 618 1361 verba
636 1313 667 1361 et
684 1308 830 1375 familia
845 1309 968 1378 Neapoli
985 1311 1076 1364 visa-

97 1413 162 1464 qne
188 1396 239 1462 (vis
266 1401 350 1462 atpae
372 1403 427 1447 tres
452 1396 547 1459 deter.)
573 1395 783 1462 proditione
810 1395 910 1463 oppidi
937 1412 1077 1464 apparere

96 1485 173 1534 vario
191 1483 270 1534 modo
289 1489 421 1548 temptata
439 1489 511 1534 sunt.
542 1485 695 1548 superiores
714 1484 892 1548 scripserant:
917 1488 943 1536 et
961 1483 1076 1549 familia

96 1567 220 1636 Neapoli
248 1568 339 1634 risa,
370 1572 453 1634 atpae
480 1567 649 1635 proditio
679 1567 779 1635 oppidi
809 1568 1018 1635 adpareret,
1041 1598 1077 1609 -

95 1655 261 1721 Nipperdey,
290 1671 406 1720 quocum
430 1657 489 1721 ipse
513 1655 578 1706 olim
602 1656 733 1706 feceram:
762 1659 789 1706 ei
812 1653 927 1720 familia
945 1655 1076 1724 Neapoli,

97 1740 149 1793 vis
177 1745 260 1807 atpae
284 1740 450 1808 proditio
477 1745 684 1808 appareret,
702 1768 737 1778 —
758 1741 880 1792 Kranerz
908 1745 935 1794 et
961 1741 1076 1808 familia

96 1827 231 1895 Neapoli,
259 1826 336 1879 visa
356 1826 549 1894 proditionem
568 1825 669 1893 oppidi
692 1841 889 1893 apparare,
907 1856 941 1866 -
958 1828 990 1878 F.
1009 1830 1076 1879 Hof-

96 1931 179 1965 mann
198 1921 225 1964 et
242 1914 369 1964 Dubner:
388 1918 415 1965 et
432 1912 548 1979 familia
566 1911 689 1979 Neapoli
707 1912 829 1980 missa,
848 1927 919 1979 qaae
933 1913 1076 1981 proditio-

96 2017 159 2054 nem
183 2005 391 2068 appararet,
421 2001 533 2052 Dinter:
561 2004 588 2053 et
606 1999 721 2065 familia
740 1998 863 2067 Neapoli
885 2000 977 2068 aisa,
1005 2018 1076 2069 qnae

93 2087 287 2155 proditionem
305 2091 512 2154 appararet.
542 2088 571 2136 in
590 2087 739 2137 Hofmanni
756 2087 874 2138 lectione
894 2088 1076 2153 displiceant

96 2174 153 2225 alia
171 2175 305 2240 omittam,
334 2173 406 2238 quod
423 2188 518 2238 parum
538 2173 685 2222 verisimile
704 2173 826 2237 videtur,
853 2173 987 2224 familiam
1005 2176 1074 2224 Nea·

96 2261 153 2326 poli
167 2259 287 2325 Capuam
307 2275 365 2309 esse
384 2261 502 2321 missam,
522 2275 583 2309 eum
602 2264 696 2309 notum
714 2260 756 2321 sit,
776 2258 887 2323 Capuae
905 2259 1075 2323 potissimum

95 2346 175 2396 ludos
202 2345 377 2411 gladiatorios
404 2345 502 2408 fuisse,
529 2344 611 2410 idque
640 2349 712 2395 certe
739 2345 769 2393 in
793 2359 876 2394 eausa
903 2343 998 2406 fuerit,
1027 2360 1075 2396 our

97 2431 207 2482 Caelius
222 2431 342 2496 Capuam
355 2432 407 2481 iter
419 2431 529 2485 faceret.
549 2432 638 2481 minus
657 2432 740 2481 etiam
758 2429 868 2496 probari
885 2435 984 2496 potest,
1003 2431 1076 2496 quod

95 2518 193 2567 Dinter
217 2519 325 2582 scripsit
348 2516 471 2584 Neapoli
494 2516 570 2584 visa,
598 2522 736 2581 tamquam
753 2516 782 2565 id
800 2517 829 2565 in
848 2531 932 2566 eausa
950 2532 1010 2566 esse
1028 2534 1075 2583 po·

95 2603 207 2666 tuisset,
229 2620 277 2653 eur
296 2603 420 2669 Capuani
439 2602 563 2654 Caelium
582 2601 680 2668 oppido
699 2601 884 2652 excluderent.
902 2601 931 2650 in
950 2603 1075 2654 omnibus

97 2705 161 2739 vero
190 2704 256 2755 quas
285 2689 443 2740 enumeravi
469 2687 634 2739 lectionibus
662 2685 801 2752 displicet,
832 2685 904 2751 quod
931 2702 993 2736 eum
1020 2701 1075 2737 non

95 2773 276 2840 significatum
296 2775 339 2836 sit,
358 2775 436 2824 euius
455 2779 482 2824 et
499 2774 573 2823 unde
591 2772 691 2823 fuerint
707 2771 757 2822 illa
775 2785 858 2823 arma
871 2769 988 2838 Gapaae
1003 2786 1075 2825 eorn-

92 2874 208 2927 prensa,
229 2875 262 2910 ea
274 2860 362 2910 Caelii
379 2860 464 2910 fuisse
481 2858 632 2925 putandum
652 2862 731 2910 esset.
762 2855 811 2908 sed
828 2873 872 2908 res
890 2858 951 2922 ipsa
970 2858 1075 2924 suadet,

97 2962 130 2997 ea
149 2947 184 2997 ad
202 2946 359 2997 armandam
377 2945 509 2996 familiam
527 2945 611 2995 missa
627 2944 725 3008 fuisse;
748 2949 912 3010 quapropter
930 2944 1075 2996 lectionem

96 3048 179 3099 supra
196 3036 311 3098 positam
328 3034 469 3099 temptavi.

200 3170 222 3205 e.
241 3155 284 3215 24,
303 3157 331 3204 1:
356 3157 418 3206 erat
435 3168 466 3206 eo
485 3157 606 3220 tempore
624 3151 769 3204 Antonine
788 3150 958 3221 Brmidieii;
976 3155 1000 3204 is
1017 3153 1075 3207 air·

97 3239 175 3310 inte]
193 3242 221 3292 is
239 3240 295 3290 iam
313 3246 423 3291 auctore
440 3239 669 3290 Forohhammero
689 3239 801 3304 seripei;
829 3245 911 3289 antea
929 3255 991 3289 eum
1008 3239 1073 3305 Nip

95 3327 205 3397 perdeio
225 3327 273 3393 qai
294 3328 492 3394 suppleveram.

199 3455 223 3489 e.
235 3440 278 3504 25,
291 3441 321 3489 3:
340 3436 497 3506 dariaeque
515 3435 618 3491 cotidie
636 3441 744 3505 tempas
759 3435 798 3489 ad
817 3437 1075 3505 transportandam

96 3523 250 3578 lenioribus
276 3521 366 3578 nentis
393 3522 612 3592 enepeetabmrt]
640 3524 750 3575 restitui
776 3524 831 3574 iam
859 3525 910 3574 etsi
936 3524 1075 3577 haesitans

148 3636 226 3678 Caesar
247 3635 275 3678 11.
510 3650 512 3654 ⁴
915 3645 933 3680 u
