2376 3924
163 230 226 294 232
470 231 520 281 nn
538 230 658 282 nanno
679 229 837 281 eannrco

163 420 328 504 hibernis;
345 423 416 506 ipse
429 420 576 506 equitum
583 417 1141 506 praesidiopridieKal.Ianuarias

164 523 207 589 ab
232 524 353 609 oppido
370 523 533 589 Bibracte
555 524 780 610 proficiscitur
804 521 850 588 ad
871 521 1038 606 legionem
1054 541 1140 607 xua,

163 651 263 714 quam
285 649 352 692 non
375 626 476 711 longe
499 650 520 693 a
542 626 665 693 linibus
688 625 882 693 Aeduorum
910 626 1139 708 collocaverat

163 734 197 796 in
220 732 342 798 finibus
364 733 565 815 Biturigum,
591 733 687 817 eique
712 732 868 816 adiungit
891 731 1058 815 legionem
1082 750 1139 816 xa,

141 859 249 922 aquae
271 839 426 922 proxima
449 836 571 902 fuerat.
594 837 690 902 Binis
714 834 908 901 cohortibus
932 835 977 901 ad
1001 835 1139 921 impedi·

161 950 276 1006 menta
292 939 420 1004 tuenda
441 938 570 1004 relictis
593 938 757 1024 reliquum
774 941 959 1005 exercitum
975 938 1010 1003 in
1026 941 1140 1024 copio-

162 1046 312 1110 sissimos
337 1064 438 1127 agros
462 1042 652 1127 Biturigum
675 1042 815 1126 inducit,
849 1044 916 1128 qui,
951 1064 1025 1107 cum
1048 1041 1137 1107 latos

160 1149 243 1214 fines
268 1157 300 1213 et
323 1146 496 1232 complura
521 1146 643 1232 oppida
666 1145 841 1230 haberent,
870 1148 969 1211 unius
992 1145 1137 1230 legionis

160 1251 310 1317 hibernis
333 1273 400 1316 non
416 1253 588 1337 potuerint
603 1251 779 1334 contineri,
803 1251 882 1337 quin
898 1249 1023 1316 bellum
1038 1271 1137 1336 para·

160 1365 235 1420 rent
259 1357 576 1441 coniurationesque
598 1354 760 1420 facerent.

245 1451 478 1546 &Repentino
492 1460 640 1526 adventu
653 1458 810 1524 Caesaris
823 1458 959 1540 accidit,
976 1458 1065 1544 quod
1077 1460 1137 1524 im·

158 1564 287 1647 paratis
313 1562 531 1648 disiectisque
554 1562 711 1627 accidere
733 1562 797 1626 fuit
820 1583 968 1645 necesso,
1002 1571 1040 1627 ut
1063 1565 1136 1627 sine

158 1670 278 1732 timore
301 1667 370 1733 ullo
395 1690 474 1732 rura
498 1667 648 1732 colentes
671 1668 764 1753 prius
788 1666 832 1732 ab
857 1668 1009 1753 equitatu
1026 1667 1135 1752 oppri-

136 1780 336 1855 amerentur,
354 1793 453 1858 quam
472 1771 656 1855 confugere
672 1773 706 1835 in
724 1771 846 1856 oppida
862 1778 1010 1856 possent.
1033 1769 1136 1835 Nam·

157 1897 220 1961 que
237 1876 339 1940 etiam
354 1874 439 1940 illud
454 1873 595 1958 vulgare
612 1873 812 1940 incursionis
828 1874 974 1939 hostium
991 1874 1134 1959 signum,

156 1979 245 2064 quod
261 1978 427 2044 incendiis
440 1978 669 2043 aedificiorum
685 1976 838 2061 intellegi
851 1978 1037 2053 consuevit,
1050 1975 1134 2041 Cae·

156 2084 242 2147 saris
267 2091 340 2146 erat
364 2081 546 2147 interdicto
564 2081 744 2165 sublatum,
768 2104 810 2146 ne
827 2090 885 2145 aut
902 2083 1000 2166 copia
1015 2079 1134 2167 pabuli

154 2187 388 2271 frumentique,
412 2187 440 2249 si
456 2185 590 2269 longius
612 2185 771 2270 progredi
788 2184 900 2269 vellet,
924 2183 1134 2269 deficeretur,

132 2300 213 2356 aaut
236 2290 351 2356 hostes
375 2289 543 2354 incendiis
569 2297 785 2354 terrerentur.
823 2288 940 2354 Multis
962 2286 1133 2353 hominum

154 2393 289 2459 milibus
313 2394 422 2480 captis
445 2394 619 2478 perterriti
635 2393 818 2475 Bituriges,
843 2393 898 2477 qui
914 2392 1056 2477 primum
1073 2390 1132 2456 ad·

152 2507 288 2563 ventum
304 2480 490 2583 potuerant
501 2497 646 2582 effugere
661 2498 895 2581 Romanorum,
919 2497 953 2561 in
970 2496 1132 2562 finitimas

153 2604 310 2668 civitates
334 2612 393 2667 aut
416 2603 561 2688 privatis
585 2603 739 2689 hospitiis
756 2602 874 2666 conlisi
891 2610 949 2667 aut
968 2602 1131 2666 societate

131 2706 369 2773 tconsiliorum
384 2708 617 2792 confugerant.
640 2708 800 2774 Frustra:
824 2730 901 2772 nam
917 2704 1046 2771 Caesar
1061 2727 1131 2772 ma·

151 2811 227 2893 gnis
250 2811 428 2877 itineribus
446 2811 600 2878 omnibus
616 2812 700 2877 locis
727 2813 873 2876 occurrit
897 2832 959 2875 nec
985 2808 1045 2876 dat
1067 2809 1128 2874 ulli

150 2915 283 2978 civitati
301 2916 447 2999 spatium
464 2914 505 2980 de
521 2915 633 2981 aliena
649 2917 761 3002 potius
776 2915 930 3002 quamde
944 2913 1131 2980 domestica

150 3017 260 3081 salute
285 3018 476 3102 cogitandi3
501 3041 567 3105 qua
590 3020 766 3086 celeritate
795 3029 827 3085 et
857 3020 973 3086 fideles
1003 3019 1130 3085 amicos

149 3118 318 3185 retinebat
336 3129 368 3184 et
386 3120 581 3187 dubitantes
599 3132 726 3189 terrore
743 3123 788 3188 ad
801 3122 1017 3188 condiciones
1033 3123 1129 3208 pacis

128 3221 353 3288 sadducebat.
371 3222 447 3289 Tali
460 3225 659 3292 condicione
671 3227 844 3313 proposita
857 3226 1039 3309 Bituriges,
1053 3247 1129 3291 cum

150 3326 216 3392 sibi
231 3326 386 3393 viderent
402 3327 583 3394 clementia
600 3328 759 3395 Caesaris
784 3330 929 3395 reditum
953 3338 1070 3415 patere
1093 3329 1129 3394 in

149 3432 220 3495 eius
234 3433 418 3498 amicitiam
429 3433 656 3520 finitimasque
669 3436 829 3499 civitates
847 3436 918 3500 sine
935 3431 1004 3500 ulla
1019 3454 1130 3518 poena
