2376 3924
480 240 555 290 cnr.
578 242 685 289 ra-n.
1005 239 1068 302 235

94 434 276 516 legionariis
310 429 351 493 ab
385 430 524 493 hostium
557 431 703 514 equitatu
736 431 963 494 circumventis
992 428 1069 494 an-

95 538 240 620 sarisque
264 535 361 618 copiis
384 535 416 596 in
440 532 551 596 orbem
580 532 760 616 compulsis,
794 535 880 597 intra
913 532 1070 597 cancellos

96 660 206 702 omnes
230 639 363 700 coniecti
387 658 532 721 pugnare
555 635 762 720 cogebantur.

184 741 232 804 16.
256 739 422 805 Labienus
455 741 488 802 in
522 762 605 824 equo
639 743 744 825 capite
777 740 864 804 nudo
893 744 1016 804 versari
1038 744 1071 805 in

98 848 201 930 prima
224 846 307 927 acie,
331 844 425 908 simul
448 866 522 908 suos
546 844 716 927 cohortari,
740 865 983 929 nonnumquam
998 844 1072 929 legi·

98 952 224 1013 onarios
262 947 410 1012 Caesaris
447 951 492 1012 ita
529 948 708 1034 appellare:
745 942 835 1033 ‘quid
869 945 923 1030 tu',
957 951 1071 1033 inquit,

100 1052 198 1117 ‘miles
221 1054 291 1135 tiro,
315 1062 382 1117 tam
403 1052 565 1117 feroculus
588 1053 644 1116 es?
679 1053 747 1117 Vos
770 1074 899 1137 quoque
921 1055 981 1117 iste
1003 1074 1073 1116 ver·

98 1158 147 1222 bis
170 1158 363 1222 infatuavit?
386 1158 425 1220 In
446 1178 601 1240 magnum
623 1156 806 1220 mehercule
821 1178 880 1220 vos
895 1156 1073 1242 periculum

98 1262 231 1347 impulit.
278 1262 434 1324 Misereor
456 1256 576 1324 vestri'.
621 1261 708 1325 Tum
738 1260 840 1343 miles,
869 1257 948 1326 ‘non
981 1258 1095 1343 sum',²

99 1369 212 1449 inquit,
243 1365 322 1446 ttiro,
346 1363 503 1445 Labiene,
532 1364 590 1428 sed
613 1363 653 1427 de
676 1363 801 1448 legione
824 1382 856 1427 x.
880 1364 1073 1428 veteranus'.

102 1470 186 1531 Tum
209 1467 385 1550 Labienus,
419 1459 495 1531 ‘non
528 1467 687 1552 agnosco’,
720 1469 833 1553 inquit,
858 1468 959 1552 ‘signa
982 1468 1075 1533 decu-

101 1570 290 1635 manorum'.
315 1573 399 1636 Tum
422 1571 530 1635 miles:
554 1571 627 1636 ‘iam
642 1594 704 1654 me,
729 1573 784 1656 qui
799 1575 868 1654 sim,
892 1571 1076 1655 intelleges'.

102 1674 203 1739 Simul
226 1674 383 1738 cassidem
406 1675 446 1739 de
470 1677 573 1759 capite
597 1674 721 1757 deiecit,
744 1683 781 1738 ut
803 1677 953 1759 cognosci
975 1675 1016 1739 ab
1040 1683 1098 1737 eo³

103 1786 219 1862 posset,
258 1788 355 1863 atque
379 1781 424 1843 ita
447 1778 546 1863 pilum
568 1777 692 1842 viribus
715 1788 905 1861 contortum,
944 1778 1077 1843 durnin

102 1881 285 1944 Labienum
308 1884 434 1946 mittere
457 1881 631 1964 contendit,
665 1885 740 1966 eqni
768 1885 912 1967 graviter
940 1882 1078 1947 adverso

102 1988 223 2070 pectori
246 1984 362 2050 adfixit
384 1995 417 2050 et
431 1989 490 2050 ait:
515 1985 680 2068 Labiene,
705 1986 920 2050 decumanum
935 1987 1077 2070 militem,

104 2091 213 2172 quite
237 2092 325 2174 petit,
350 2092 429 2153 scito
453 2089 543 2153 esse’.
589 2091 743 2156 Omnium
777 2099 885 2154 tamen
919 2093 1017 2154 animi
1046 2093 1100 2153 ina

103 2200 260 2255 terrorem
283 2195 418 2257 coniecti
441 2202 473 2257 et
495 2195 637 2256 maxime
652 2195 809 2257 tironum:
833 2195 1079 2278 circumspicere

104 2297 189 2357 enim
217 2294 390 2360 Caesarem
418 2318 523 2381 neque
553 2294 688 2381 amplius
716 2296 824 2360 facere
852 2298 912 2359 nisi
940 2297 1079 2360 hostium

105 2398 209 2462 iacula
231 2400 345 2463 vitare.

194 2500 242 2564 17.
281 2499 402 2565 Caesar
438 2503 567 2566 interim
604 2500 734 2567 consilio
777 2503 917 2567 liostium
954 2504 1081 2586 cognito

106 2603 195 2668 iubet
218 2606 321 2668 aciem
343 2606 377 2669 in
399 2603 633 2690 longitudinem
648 2625 748 2690 quam
769 2607 947 2670 maximam
962 2607 1082 2691 porrigi

106 2717 138 2771 et
161 2707 291 2772 alternis
314 2710 478 2773 conversis
501 2707 696 2791 cohortibus,
724 2718 761 2775 ut
782 2731 849 2774 una
869 2716 952 2796 post,
981 2708 1083 2776 altera

107 2818 182 2873 ante
216 2812 307 2894 signa
340 2810 498 2895 tenderet,
531 2813 577 2876 ita
610 2832 762 2877 coronam
793 2812 935 2879 hosfium
966 2812 1106 2879 dextro¹

110 2914 302 2998 sinistroque
336 2936 437 2980 cornu
468 2913 611 2980 mediam
638 2914 756 2980 dividit
775 2924 810 2981 et
829 2936 930 2981 unam
956 2922 1083 3005 partum

108 3015 149 3079 ab
183 3015 285 3082 altera
322 3019 489 3085 exclusam
524 3018 686 3106 equitibus
721 3020 914 3089 inunum

109 3142 182 3184 eum
211 3121 357 3206 peditatu
384 3124 455 3189 telis
485 3124 637 3189 coniectis
664 3126 699 3189 in
725 3124 839 3211 fugam
857 3146 903 3191 va

109 3223 233 3310 longius
267 3248 458 3312 progressus
490 3228 606 3293 viritas
638 3226 772 3293 insidias
805 3248 841 3295 fle
868 3250 883 3293 ι

109 3330 194 3415 cipit.
241 3329 333 3394 Idem
362 3330 464 3397 altera
491 3352 568 3418 pers
594 3332 742 3419 equitum
767 3328 835 3419 ped

110 3435 191 3497 saris
225 3434 310 3499 facit.
356 3435 417 3501 His
449 3434 549 3503 rebus
584 3438 684 3525 gesn's
717 3458 751 3496 ae
