2376 3924
310 216 359 265 AD
379 211 478 267 CA'ES.
496 217 599 266 BELL.
620 217 688 269 CIV.
707 219 728 280 1,
747 220 869 269 ss-to.
1029 221 1078 270 XV

93 410 129 456 et
151 402 233 456 hius
252 404 363 469 scripsi,
391 403 456 454 libri
478 403 543 457 hiric
566 405 681 467 habent,
708 407 838 472 Nipperd.
856 406 910 459 llus
928 409 1077 472 proposuit,

96 490 171 556 quod
195 495 340 556 sequentes
365 491 482 541 editores
505 497 675 556 receperunt.
704 491 769 544 tirso
793 508 847 542 una
869 509 930 543 cum
949 493 1078 543 ablativis

95 591 132 630 ea
143 575 301 643 Aquitanis
314 576 518 642 uluttaul'sque,
538 593 605 642 quos
624 580 765 643 praecipit,
785 579 919 643 superiori
931 593 966 630 ea
981 576 1077 630 Gallia

96 663 254 729 respondet.
273 661 307 712 de
321 664 448 728 genetivo
460 671 551 714 autem
570 663 670 730 optluu'
687 663 797 733 perieris
815 664 958 716 latratuum
976 667 1077 729 monui,

94 742 174 811 eum,
204 748 259 799 nisi
286 749 404 814 pendere
431 749 546 800 facimus
570 767 603 800 ex
630 737 814 801 andecedente
839 765 999 816 uuutaruru,
1030 767 1078 800 sua

97 836 186 900 ipsius
204 835 232 883 vi
250 836 379 900 partitiva
398 833 549 885 adhibitum
568 837 664 898 videri,
693 843 723 886 ut
741 837 812 886 infra
831 837 932 886 lactum
951 842 992 886 est
1010 837 1035 897 3,
1053 837 1078 898 4,

96 923 128 972 a:
155 920 210 970 huc
228 920 386 983 Dardanos,
413 920 752 982 Bessos...Macedonas,
780 921 926 972 Thessalos
945 937 977 971 ac
994 920 1078 973 reli·

95 1021 139 1073 qu
147 1021 246 1058 arura
264 1005 419 1074 peritiam
432 1011 459 1055 et
471 1005 680 1058 ciuitatium
693 1008 838 1057 adiecerat.
851 1035 886 1044 -
897 1008 1009 1057 verbum
1022 1006 1078 1059 ad-

96 1092 259 1155 diderat,
287 1092 331 1141 vel
357 1092 429 1156 quod
447 1091 496 1141 alii
519 1091 674 1142 maluerunt
696 1092 848 1154 adiecerat,
872 1093 907 1142 ob
926 1093 1077 1144 litterarum

95 1178 306 1230 similitudinem
324 1194 385 1228 cum
405 1184 535 1243 sequente
554 1177 689 1231 audierat
708 1180 841 1229 excidisse
858 1181 974 1232 videtur.

119 1278 121 1282 ⁴
203 1280 226 1315 c.
238 1264 280 1324 40,
294 1265 325 1313 3:
343 1263 397 1316 huc
409 1279 471 1315 cuul
484 1262 631 1316 cotidiana
645 1264 848 1317 cousuetudine
866 1279 1079 1334 conpressae

95 1343 318 1418 pabulatoribus
332 1348 482 1416 praesidio
497 1364 610 1416 prope
625 1350 768 1417 priores
787 1350 908 1419 lepioues
926 1351 1076 1404 Fabianae

99 1434 175 1488 duae
187 1434 291 1501 fluuteu
303 1435 478 1487 transissent
490 1450 511 1487 e.
525 1451 548 1502 q.
561 1435 602 1504 s.]]
624 1438 725 1486 retinui
743 1437 814 1486 hanc
831 1438 929 1501 prioris
949 1438 1077 1488 editionis

95 1521 252 1572 lectionem.
282 1522 411 1587 Nipperu,
430 1537 478 1587 pro
498 1536 670 1590 aarlpressae,
693 1523 766 1588 quod
784 1523 861 1574 codd.
880 1522 995 1583 habent,
1014 1538 1079 1573 auc·

96 1613 156 1658 tore
173 1607 281 1657 Jurinio
303 1621 429 1677 egressae
454 1610 563 1674 scripsit
581 1608 663 1673 idque
682 1610 764 1659 etiam
783 1608 905 1675 Dtlbner,
923 1609 1028 1670 Dinter,
1047 1608 1078 1659 F.

98 1693 237 1743 Hofmann
263 1700 434 1760 receperunt.
464 1700 493 1745 at
519 1696 673 1759 quaeritur,
701 1694 836 1759 quomodo
863 1693 998 1760 particula
1024 1693 1078 1746 ltus

100 1792 162 1828 cum
180 1793 307 1848 egressae
326 1783 471 1832 coniuncta
489 1783 524 1831 sit
536 1766 705 1845 accipienda.
724 1782 868 1848 quominus
881 1797 941 1831 cum
955 1780 1078 1831 Kranero

96 1864 152 1918 Ilua
163 1902 169 1918 .
179 1901 187 1918 .
197 1905 204 1918 .
215 1881 342 1935 egressae
359 1865 545 1933 interpreteris
567 1859 604 1919 ‘in
624 1867 698 1918 disse
713 1867 835 1933 (legend,
854 1882 895 1916 wo
908 1882 972 1917 man
984 1867 1080 1917 Futter

97 1945 193 2012 tolte’,
212 1952 240 2001 id
258 1953 379 2018 impedit,
398 1953 471 2018 quod
488 1954 573 2014 locus,
591 1953 664 2004 uude
683 1953 815 2018 pabulum
827 1958 973 2018 peteretur,
991 1953 1080 2002 altera

96 2037 217 2088 fluminis
245 2039 305 2103 ripa
331 2041 399 2090 situs
427 2045 499 2101 eret,
530 2042 568 2090 ita
595 2045 625 2089 ut
651 2039 705 2090 huc
730 2044 788 2088 tum
819 2039 927 2089 demum
955 2039 1079 2104 legiones

97 2112 265 2190 egressae
293 2125 348 2173 dici
373 2131 495 2190 possent,
524 2127 548 2175 si
565 2129 619 2176 iam
638 2131 748 2191 pontem
768 2127 936 2175 transissent.
967 2127 1009 2175 sin
1027 2124 1081 2178 hut

96 2227 160 2262 cnm
179 2209 352 2263 transissent
374 2212 556 2277 coniungitur,
580 2212 754 2276 participium
772 2223 899 2277 egressae
917 2212 1016 2260 misere
1034 2226 1080 2260 va-

96 2312 174 2360 care,
201 2298 247 2345 vix
271 2311 434 2361 quemquam
461 2297 538 2363 fugit.
570 2302 654 2347 restat
672 2299 764 2362 itaque
782 2301 813 2346 ut
830 2295 884 2348 ltrlc
902 2296 935 2346 ad
954 2309 1080 2364 egressae

96 2383 199 2433 referas
218 2387 245 2432 et
263 2383 297 2432 de
316 2382 376 2431 loco
394 2385 423 2431 in
443 2385 568 2434 citeriore
587 2384 646 2448 ripa
671 2385 723 2432 sito
749 2381 910 2447 intellegas,
938 2382 972 2431 ad
1000 2397 1080 2446 quem

96 2469 221 2534 legiones
239 2468 367 2534 progredi
385 2468 530 2532 debebant,
550 2475 696 2533 antequam
710 2469 812 2517 flumen
829 2469 987 2518 transirent.
1005 2473 1080 2533 patet

96 2560 192 2604 autem-
208 2555 391 2605 narrationem
410 2556 477 2606 satis
495 2557 586 2621 inepte
605 2555 709 2604 tardari
733 2553 969 2604 commemorando
993 2553 1077 2618 legio-

96 2655 146 2691 nes
166 2640 202 2690 ad
221 2656 283 2690 eum
301 2641 392 2691 locum
411 2656 472 2691 erse
491 2657 624 2707 egressas,
642 2642 696 2691 nisi
715 2656 746 2690 eo
765 2640 824 2704 ipso
843 2640 926 2689 etiam
944 2640 996 2688 iter
1013 2654 1079 2704 psu-

95 2727 183 2792 lisper
208 2727 356 2777 inhibitum
384 2733 462 2778 esset.
492 2745 543 2779 nec
567 2729 687 2794 prolecto
704 2725 853 2778 verisimile
875 2731 929 2788 est,
956 2725 1079 2790 legiones

95 2813 206 2879 agmine
233 2815 363 2863 continuo
389 2830 422 2864 ex
444 2815 541 2864 castris
568 2831 617 2881 per
643 2818 753 2880 pontem
778 2813 806 2861 in
827 2812 941 2862 alteram
959 2811 1079 2862 fluminis

95 2899 184 2965 ripam
197 2898 380 2964 contendisse,
399 2915 460 2949 cum
473 2904 500 2950 et
512 2915 612 2966 magna
628 2901 810 2950 iumentorum
828 2898 857 2947 vi
874 2897 1079 2963 impedirentur,

95 3000 148 3034 nec
167 2999 221 3034 non
240 2985 274 3035 ab
293 2985 535 3043 hostibusvicinis
553 3000 650 3036 cavere
672 2986 817 3048 deberent3
844 2986 925 3035 immo
949 2986 989 3035 rei
1014 3001 1079 3035 con-

96 3071 185 3132 venit,
213 3069 337 3136 legiones
357 3071 392 3122 ad
411 3077 492 3136 caput
509 3073 599 3136 pontis
618 3072 773 3122 constitisse
796 3071 889 3137 ibique
912 3072 968 3122 iam
987 3087 1018 3122 eo
1038 3086 1079 3120 or-

98 3155 163 3205 dine
180 3171 241 3207 esse
260 3159 435 3219 constitutas,
463 3172 516 3222 quc
539 3162 650 3223 pontem
667 3157 885 3209 traducerentur.
913 3155 1079 3223 praesidium

97 3257 205 3308 quoque
224 3242 343 3309 relinqui
361 3257 473 3294 necesse
492 3247 565 3306 erat,
596 3259 631 3294 ne
655 3259 716 3294 aum
735 3245 764 3293 in
782 3243 869 3295 altera
887 3244 946 3308 ripa
963 3241 1077 3308 pabula-

96 3331 203 3389 reutur,
234 3329 326 3380 hostes
350 3334 461 3395 pontem
484 3330 693 3392 interciderent,
724 3335 751 3381 et
768 3332 798 3379 in
816 3330 888 3380 hunc
906 3327 987 3377 finem
1005 3325 1079 3375 haud

97 3413 179 3465 dubie
206 3430 347 3466 remanere
376 3415 513 3466 debebant
541 3416 610 3467 duae
634 3417 700 3467 illae
721 3415 858 3482 legiones,
889 3429 958 3479 quas
975 3412 1079 3469 Fabius

98 3499 197 3552 deinde
220 3501 350 3553 ulteriore
373 3507 456 3567 ponte
478 3503 510 3553 L.
528 3502 631 3553 Planco
658 3502 760 3552 auxilio
788 3502 871 3552 misit.
901 3502 992 3566 itaque
1020 3501 1078 3552 sire
