2376 3924
133 223 193 287 116
456 223 505 273 DE
529 223 648 274 BELLO
668 222 780 275 CIVILI

216 412 266 477 35.
305 415 359 479 Ex
391 414 440 478 his
475 413 632 481 Calvisius
667 415 769 500 primo
803 413 947 479 adventu
983 435 1115 482 summa

131 520 273 582 omnium
284 516 473 582 Aetolorum
495 527 643 603 receptus
665 515 841 598 voluntate,
865 517 1033 603 praesidiis
1056 519 1114 584 ad-

129 623 347 685 versariorum
380 620 546 706 Calydone
585 629 618 684 et
653 621 824 707 Naupacto
861 622 984 705 eiectis,
1025 627 1115 688 omni

110 723 258 793 aAetolia
286 726 404 810 potitus
434 734 491 788 est.
537 724 667 790 Cassius
695 726 729 789 in
751 724 952 791 Thessaliam
975 748 1049 790 cnm
1072 725 1114 790 le-

130 830 224 914 gione
246 830 403 914 pervenit.
438 830 502 893 Hic
517 850 591 893 cum
607 837 714 892 essent
729 828 885 893 factiones
901 828 996 911 duae,
1020 831 1115 894 varia

130 931 295 996 voluntate
319 934 486 996 civitatum
517 931 687 997 utebatur:
721 932 956 1016 Hegesaretos,
989 935 1114 997 veteris

130 1035 224 1099 homo
237 1037 409 1121 potentiae,
423 1035 628 1120 Pompeianis
645 1034 744 1099 rebus
760 1034 929 1116 studebat3
946 1035 1115 1118 Petraeus',

131 1160 275 1202 summae
298 1137 470 1202 nobilitatis
493 1137 692 1221 adulescens,
716 1139 781 1202 suis
797 1161 836 1202 ac
851 1160 983 1203 suorum
997 1137 1116 1224 opibus

131 1241 305 1306 Caesarem
328 1244 422 1306 enixe
446 1241 589 1306 iuvabat.
778 1242 780 1246 ⁴

218 1345 267 1411 36.
291 1346 481 1432 Eodemque
497 1358 641 1434 tempore
657 1347 818 1411 Domitius
834 1348 867 1411 in
884 1345 1117 1411 Macedoniam

139 1451 242 1533 venit3
277 1460 310 1516 et
337 1450 481 1515 cum‘ad
510 1473 584 1515 eum
610 1452 797 1537 frequentes
830 1449 997 1514 civitatum
1030 1448 1117 1535 lega-

135 1556 238 1618 tiones
271 1557 444 1619 convenire
468 1542 672 1640 coepissent,
706 1554 889 1618 nuntiatum
922 1562 970 1619 est
1000 1552 1117 1619 adesse

134 1657 315 1743 Scipionem
339 1681 413 1722 oum
434 1656 630 1743 legionibus,
659 1679 778 1742 magna
801 1657 949 1743 opinione
973 1657 1118 1723 etfama

134 1762 290 1844 omnium3
315 1784 391 1825 nam
414 1761 602 1847 plerumque
624 1763 658 1826 in
679 1780 768 1826 nova
789 1780 824 1824 re
845 1761 1012 1825 estimem
1027 1760 1118 1826 fama

112 1864 305 1930 rantecedit.
351 1865 414 1928 Hic
447 1863 533 1928 nullo
565 1865 600 1928 in
632 1863 701 1928 loeo
724 1863 936 1929 Macedoniae
970 1862 1118 1930 moratus

135 1990 252 2052 magno
275 1969 397 2053 impetu
420 1968 555 2032 tetendit
577 1967 620 2032 ad
642 1968 821 2032 Domitium
844 1976 890 2050 et,
914 1989 989 2032 cum
1011 1966 1054 2032 ab
1078 1991 1117 2034 eo

134 2069 222 2134 milia
255 2092 408 2156 passuum
432 2088 480 2133 xx
511 2071 657 2152 afuisset,
692 2070 797 2135 subito
826 2092 860 2135 se
890 2070 932 2135 ad
967 2069 1119 2138 Cossium

113 2175 320 2258 aLonginum
342 2177 375 2239 in
398 2175 599 2240 Thessaliam
622 2176 790 2240 convertit.
835 2174 909 2239 Hoc
931 2173 1014 2238 adeo
1037 2175 1119 2240 cele-

135 2281 213 2343 riter
235 2279 321 2361 fecit,
347 2289 380 2343 ut
403 2279 496 2344 simul
519 2279 633 2345 adesso
656 2287 688 2344 et
709 2280 822 2344 venire
845 2279 1061 2361 nuntiaretur,
1086 2289 1119 2345 et

135 2404 199 2466 quo
221 2383 282 2446 iter
304 2382 486 2467 expeditius
509 2383 640 2464 faceret,
663 2382 708 2446 M.
725 2383 908 2447 Favonium
930 2381 973 2446 ad
995 2381 1120 2448 flumen

135 2485 368 2568 Aliaomonem,
393 2485 482 2572 quod
503 2486 730 2552 Macedoniam
753 2509 773 2550 a
794 2485 963 2552 Thessalia
990 2484 1118 2568 dividit,

137 2612 210 2654 oum
233 2589 417 2655 cohortibus
433 2608 497 2654 vm
512 2588 672 2676 praesidio
695 2587 932 2674 impedimentis
954 2589 1120 2674 legionum

114 2693 264 2778 areliquit
287 2693 517 2778 castellumque
539 2691 584 2758 ibi
606 2693 724 2757 muniri
745 2693 846 2757 iussit.
884 2692 1011 2758 Eodem
1040 2701 1120 2757 tem-

137 2819 213 2882 pore
241 2800 402 2883 equitatus
430 2799 516 2882 regis
544 2796 656 2882 Cotyis
684 2795 726 2861 ad
755 2800 863 2862 castra
884 2796 988 2862 Cassii
1017 2795 1117 2861 advo·

115 2898 229 2979 elavit,
260 2901 314 2982 qui
338 2901 459 2962 circum
481 2898 681 2964 Thessaliam
708 2921 778 2964 esse
807 2909 987 2966 consuerat.
1033 2899 1122 2964 Tum

136 3003 251 3066 timore
274 3004 463 3086 perterritus
486 3001 616 3067 Cassius
639 3004 767 3087 cognito
794 3003 952 3088 Scipionis
974 3001 1124 3068 adventu

136 3105 278 3190 visisque
301 3104 477 3190 equitibus,
508 3127 589 3191 quos
613 3107 770 3192 Scipionis
793 3128 863 3170 esse
887 3103 1123 3188 arbitrabatur,
1182 3112 1186 3116 “

138 3208 181 3275 ad
195 3217 320 3274 montes
337 3231 370 3271 se
387 3210 556 3292 convertit,
573 3211 628 3294 qui
643 3208 847 3275 Thessaliam
861 3212 1004 3295 cingunt,
1021 3217 1124 3294 atque

137 3336 180 3377 ex
213 3312 263 3376 his
297 3312 373 3376 loeis
396 3310 608 3376 Ambraciam
628 3334 744 3377 versus
771 3314 841 3376 ‘iter
870 3312 978 3377 facere
1006 3313 1125 3398 eoepit.

116 3416 184 3488 aAt
208 3417 391 3502 Scipionem
417 3424 647 3502 properantem
671 3418 763 3501 sequi
791 3416 917 3481 litterae
947 3423 1023 3480 sunt
1049 3436 1126 3481 con·

138 3530 267 3585 secutae
301 3543 320 3584 a
355 3521 400 3585 M.
428 3521 588 3596 Favonio,
622 3520 801 3584 Domitium
836 3540 910 3583 oum
941 3516 1127 3603 legionibus
