2376 3924
447 265 524 316 err.
545 265 654 319 rs-rs.
983 238 1044 331 181Ι
1103 296 1104 303 κ

68 459 125 523 sed
141 481 268 544 semper
282 455 485 522 venientibus
497 456 655 522 adversae
672 467 887 521 occurrerent.
910 457 1046 523 Interim

69 571 143 627 sunt
165 562 308 648 reliquae
331 560 533 628 subsecutae.
557 563 642 628 Tum
664 562 846 625 necessario
869 559 1066 635 discessum

68 666 110 731 ab
133 674 203 732 arte
226 676 277 731 est
299 673 431 752 propter
453 666 619 749 angustias
642 664 717 748 loci,
741 672 839 749 atque
863 685 956 729 omne
980 687 1045 730 cer-

67 781 176 835 tamen
199 772 233 835 in
254 771 373 835 virtute
396 769 546 833 constitit.
584 770 699 855 Neque
721 789 800 833 vero
823 766 1067 845 Alexandriaeg

67 876 127 939 fuit
150 875 321 960 quisquam
343 881 400 938 aut
421 882 604 938 nostrorum
632 882 689 937 aut
711 872 961 959 oppidanorum,
991 876 1046 958 qui

68 989 123 1043 aut
151 981 184 1042 in
213 1001 309 1064 opere
337 986 394 1042 aut
420 979 455 1042 in
477 999 586 1063 pugna
610 987 803 1063 occupatum
825 979 970 1042 animum
991 976 1045 1040 ha-

67 1082 196 1164 berent,
227 1082 304 1166 quin
333 1080 487 1144 altissima
517 1088 603 1144 tecta
626 1088 751 1166 peteret
773 1090 871 1165 atque
894 1103 937 1143 ex
960 1083 1046 1145 omui

66 1194 239 1272 prospectu
266 1183 372 1249 locum
400 1183 582 1269 spectaculo
613 1192 746 1269 caperet
775 1183 990 1270 precibusque
1013 1193 1046 1248 et

66 1293 148 1354 votis
184 1290 353 1354 victoriam
389 1289 455 1351 suis
494 1286 535 1351 ab
574 1287 634 1352 diis
676 1286 911 1353 immortalibus
947 1310 1044 1374 expo·

67 1401 179 1457 sceret.

153 1495 202 1558 16.
243 1495 377 1559 Minime
406 1502 514 1559 autem
543 1517 601 1579 par
630 1503 701 1559 crat
729 1494 841 1580 proelii
870 1503 1043 1560 certamen.

65 1603 190 1666 Nostris
220 1600 306 1663 onim
336 1595 456 1684 [pulsis]
485 1619 590 1683 neque
617 1607 706 1662 terra
735 1620 841 1683 neque
863 1600 945 1663 mari
968 1600 1044 1664 effu-

64 1706 154 1788 gium
191 1702 332 1768 dabatur
367 1704 477 1784 vietis,
521 1703 692 1787 omniaque
728 1701 906 1767 victoribus
950 1711 1045 1770 erant

64 1809 173 1871 futura
195 1809 228 1870 in
250 1808 387 1889 incert03
410 1803 464 1889 illi,
487 1807 514 1871 si
537 1815 743 1891 superassent
764 1805 912 1890 navibus,
937 1808 1043 1871 omnia

63 1918 226 1993 tenerent,
251 1911 277 1974 si
299 1908 467 1973 inferiores
489 1907 639 1990 fuissent,
670 1907 829 1993 reliquam
850 1916 959 1973 tamen
982 1908 1043 1974 for·

64 2025 176 2079 tunam
192 2012 459 2100 periclitarentur.
495 2011 597 2078 Simul
610 2011 689 2077 illud
704 2035 805 2096 grave
828 2034 867 2076 ac
889 2014 1064 2078 miserumr

63 2118 245 2200 videbatur,
269 2137 448 2203 perpaucos
471 2116 512 2180 de
535 2137 661 2180 summa
683 2137 792 2179 rerum
815 2137 854 2180 ae
876 2116 917 2180 de
940 2116 1043 2182 salute

65 2224 207 2286 omnium
241 2221 423 2303 decertare,
459 2224 597 2304 quorum
630 2222 656 2283 si
690 2221 745 2305 qui
773 2228 829 2283 aut
857 2222 964 2284 animo
987 2230 1043 2286 aut

65 2329 185 2389 virtute
229 2326 390 2405 cessisset,
428 2322 559 2408 reliquis
602 2323 699 2386 etiam
733 2330 832 2386 esset·
851 2323 1041 2406 cedendum,

65 2430 182 2515 quibus
205 2449 263 2514 pro
286 2448 321 2492 se
343 2426 510 2513 pugnandi
533 2424 669 2491 facultas
696 2447 762 2490 non
783 2425 904 2490 luisset.
949 2427 1063 2492 Haece

64 2531 282 2619 superioribus
306 2530 420 2598 diebus
451 2550 683 2615 saepenumero
706 2527 827 2594 Caesar
857 2532 923 2594 suis
946 2552 1042 2616 expo-

63 2647 187 2719 suerat,
222 2646 258 2701 ut
290 2636 351 2700 hoc
383 2636 505 2699 maiore
534 2635 641 2698 animo
672 2632 919 2716 contenderent,
954 2634 1041 2719 quod

63 2744 206 2808 omnium
222 2740 358 2805 salutem
381 2738 443 2804 sibi
459 2737 718 2803 commendatam
731 2737 891 2802 viderent.
915 2737 1062 2802 Eudemi

62 2869 157 2911 suum
186 2846 323 2930 quisque
351 2840 629 2924 contubernalem,
653 2842 812 2934 amicum,
836 2849 947 2906 uotum
970 2863 1040 2926 pro-

62 2972 200 3035 sequens
235 2956 305 3012 erat
338 2946 536 3029 obtestatus,
571 2968 612 3010 ne
646 2966 738 3011 suam
772 2954 869 3030 atque
898 2946 1040 3010 omnium

60 3054 186 3119 falleret
214 3053 412 3138 opinionem,
441 3071 579 3135 quorum
606 3049 723 3115 iudicio
753 3049 897 3115 delectus
919 3049 962 3115 ad
985 3071 1040 3135 pu*

61 3179 160 3244 gnam
188 3155 456 3242 proficisceretur.
500 3154 616 3239 Itaque
645 3153 707 3218 hoc
730 3154 836 3218 animo
859 3160 908 3218 est
930 3152 1061 3217 decer-⁵

60 3271 180 3345 tatum,
225 3267 262 3325 ut
302 3278 410 3345 noque
449 3259 618 3324 maritimis
661 3259 863 3342 nauticisque
900 3254 1041 3321 sollertia

59 3373 159 3453 atque
180 3384 238 3433 arn
256 3358 457 3430 manilium
476 3361 592 3446 ferret,
622 3383 727 3447 neque
750 3382 884 3426 numero
907 3362 1041 3424 navium

59 3490 128 3542 utut
522 3466 706 3552 prodesset,
740 3487 846 3552 neque
874 3464 968 3530 electi
996 3466 1040 3531 ad

634 3572 697 3636 viri
718 3571 831 3635 virtuti
854 3577 1039 3635 nostrorum
