2376 3924
118 233 177 297 116
423 235 472 284 DE
491 234 610 286 BELLO
631 234 787 286 GALLICO
881 188 891 209 =

115 425 204 510 quod
225 425 346 490 flumen
370 447 435 491 uno
459 427 593 491 omnino
624 426 697 496 loco
720 426 879 512 pedibus,
903 434 1005 513 atque
1027 429 1091 494 hoc

94 547 227 612 aaegre,
251 529 389 594 transiri
412 538 533 614 potest.
577 529 627 594 Eo
657 551 732 594 cum
755 530 918 612 venisset,
946 531 1094 596 animum

114 631 262 697 advertit
291 631 336 696 ad
365 632 507 697 alteram
534 632 679 701 fluminis
702 634 810 717 ripam
838 653 981 715 magnas
1017 658 1093 701 esse

93 739 229 822 scopias
253 736 398 802 hostium
422 737 617 802 instructas.
640 736 727 822 Ripa
750 747 862 802 autem
886 746 958 801 erat
983 740 1093 803 acutis

80 859 94 880 ³
115 839 253 905 sudibus
281 838 441 925 praefixis
463 840 604 928 munita,
634 838 847 924 eiusdemque
874 842 1006 923 generis
1031 841 1093 907 sub

93 963 202 1027 taqua
228 942 358 1007 defixae
382 941 481 1007 sudes
505 942 639 1007 flumine
663 942 874 1026 tegebantur.
907 944 970 1008 His
994 944 1094 1011 rebus

115 1047 263 1130 cognitis
295 1069 315 1111 a
345 1047 490 1131 captivis
513 1045 730 1132 perfugisque
754 1044 882 1111 ansar
909 1049 1095 1133 praemisso

95 1152 270 1236 sequitatu
289 1150 470 1220 confestim
492 1149 643 1232 legiones
660 1150 820 1236 subsequi
836 1152 943 1217 iussit.
968 1149 1036 1216 Sed
1055 1174 1095 1216 ea

116 1253 291 1318 celeritate
308 1261 408 1337 atque
425 1274 465 1318 eo
481 1253 606 1338 impetu
619 1252 743 1319 milites
761 1254 882 1336 ierunt,
895 1275 971 1320 cum
984 1256 1097 1340 capite

118 1356 188 1422 solo
208 1380 251 1422 ex
267 1378 354 1442 aqua
372 1365 557 1441 exstarent,
570 1365 607 1421 ut
622 1355 736 1422 hostes
753 1359 912 1443 impetum
928 1357 1099 1442 legionum

118 1470 218 1546 atque
242 1461 388 1546 equitum
419 1462 583 1526 sustinere
606 1482 672 1525 non
699 1470 837 1546 possent
867 1463 1024 1548 ripasque
1049 1461 1097 1526 di-

118 1555 324 1675 mittereqqnt
349 1585 389 1628 ac
414 1587 449 1627 se
471 1564 573 1647 fugae
596 1563 806 1630 mandarent.

206 1666 255 1732 19.
279 1666 566 1749 Cassivellaunus,
595 1676 632 1732 ut
657 1690 757 1754 supra
783 1668 1098 1751 demonstravimus,

119 1773 208 1837 omni
222 1771 375 1857 deposita
391 1792 449 1856 spe
465 1772 701 1854 contentionis,
714 1770 862 1837 dimissis
879 1770 1099 1858 amplioribus

119 1874 375 1961 copiis,milibus
388 1875 525 1940 circiter
533 1882 692 1961 quattuor
705 1875 951 1941 essedariorum
958 1874 1101 1958 relictis,

119 1980 242 2053 itinera
259 1989 373 2045 nostra
391 1977 550 2044 servabat
562 1978 763 2064 paulumque
779 2000 821 2043 ex
833 1978 890 2042 via
907 1978 1098 2050 excedebat

119 2082 267 2168 locisque
281 2082 451 2168 impeditis
463 2104 503 2148 ac
516 2081 728 2148 silvestribus
746 2105 819 2148 sese
836 2081 1031 2149 occultabat
1048 2092 1100 2148 at-

120 2209 184 2272 que
206 2186 248 2251 iis
271 2185 476 2271 regionibus,
496 2185 616 2272 quibus
639 2209 700 2252 nos
724 2187 788 2251 iter
809 2187 959 2252 facturos
976 2207 1101 2272 cogno·

119 2301 226 2374 verat,
242 2313 364 2378 pecora
382 2301 484 2377 atque
500 2291 651 2357 homines
672 2314 715 2357 ex
730 2292 823 2375 agris
840 2291 875 2355 in
889 2289 995 2356 silvas
1012 2313 1103 2358 com·

99 2394 268 2480 spellebat
285 2405 328 2478 et,
351 2417 426 2460 cum
442 2395 611 2481 equitatus
627 2403 743 2460 noster
758 2392 896 2459 liberius
912 2393 1104 2480 praedandi

121 2499 346 2584 vastandique
359 2520 464 2564 causa
480 2520 516 2564 se
532 2498 567 2565 iu
583 2518 684 2583 agros
701 2499 858 2582 eiecerat,
871 2497 1023 2563 omnibus
1036 2499 1103 2564 viis

120 2604 210 2668 notis
235 2603 438 2689 semitisque,
468 2601 656 2670 essedarios
681 2623 724 2667 ex
747 2600 843 2667 silvis
868 2600 1044 2668 emittebat
1068 2611 1105 2668 et

122 2728 244 2791 magno
279 2728 353 2772 oum
382 2705 531 2792 periculo
561 2714 749 2770 nostrorum
779 2705 927 2790 equitum
955 2724 1031 2769 cum
1060 2705 1103 2770 iis

77 2826 89 2849 ·²
123 2809 326 2893 confligebat
342 2818 442 2894 atque
456 2809 518 2874 hoc
535 2817 626 2874 metu
641 2807 744 2874 latius
758 2810 878 2893 vagari
889 2807 1104 2896 prohibebat.

100 2912 396 2998 sRelinquebatur,
409 2921 445 2978 ut
459 2934 566 2999 neque
582 2911 716 2996 longius
728 2911 773 2978 ab
786 2913 920 2997 agmine
931 2911 1106 2996 legionum

124 3017 254 3083 discedi
262 3015 389 3083 ansar
395 3024 578 3103 pateretur,
586 3024 619 3082 et
632 3023 764 3082 tantum
777 3017 811 3080 in
824 3014 1104 3100 agrisvastandis

124 3120 355 3206 incendiisque
378 3119 545 3185 faciendis
563 3119 713 3186 hostibus
729 3128 918 3203 noceretur,
941 3127 1106 3204 quantum

124 3223 240 3290 labore
265 3233 366 3310 atque
394 3225 515 3290 itinere
538 3223 716 3309 legionarii
740 3223 863 3289 milites
892 3222 1024 3288 efficere
1046 3243 1107 3307 po·

126 3338 246 3395 terant.

210 3433 261 3500 20.
274 3434 414 3500 Interim
426 3431 661 3516 Trinobantes,
673 3454 776 3519 prope
787 3431 978 3498 firmissima
990 3450 1107 3495 earum

125 3539 299 3621 regionum
315 3537 448 3623 civitas,
466 3558 510 3602 ex
532 3557 598 3622 qua
613 3534 879 3602 Mandubracius
903 3530 1107 3601 adulescens
