2376 3924
365 235 475 285 mera
493 235 515 297 1,
536 233 612 285 oar.
632 235 743 285 oo-os.
1003 233 1044 296 41

67 425 148 488 ficiis
178 447 251 497 eum
281 424 472 510 diligebant3
504 425 652 490 Caesaris
682 432 790 489 autem
819 433 889 487 erat
916 425 950 486 in
976 421 1046 486 bar-

64 527 152 591 baris
169 551 286 592 nomen
302 529 479 594 obscurius,
503 530 567 593 Hio
581 549 717 614 magnos
740 530 901 614 equitatus
916 549 1048 611 magna-

66 653 128 715 que
162 631 283 695 auxilia
317 631 553 718 exspectabant
585 640 618 695 et
652 632 718 694 suis
751 629 828 693 locis
862 628 981 693 bellum
1013 631 1046 693 in

64 735 203 797 hiemem
226 734 345 798 ducere
375 734 569 820 cogitabant
616 736 688 799 Hoc
716 736 794 797 inito
824 731 953 797 consilio
980 741 1069 795 totos

65 839 197 901 flumine
215 837 338 902 Hibero
368 861 468 903 naves
499 841 689 924 conquirere
719 848 751 902 et
767 839 962 922 Octogesam
993 837 1046 900 ad-

65 942 139 1005 duci
161 941 282 1006 iubent.
321 943 360 1006 Id
383 954 455 1008 erat
476 944 630 1030 oppidum
659 945 799 1030 positum
821 942 864 1006 ad
886 941 1046 1005 Hiberum

66 1045 217 1130 miliaque
251 1068 406 1132 passuum
435 1071 455 1111 a
484 1049 598 1112 castris
620 1047 735 1111 aberat
765 1064 848 1110 xxx.
894 1043 949 1110 Ad
972 1066 1046 1108 eum

65 1149 169 1213 locum
184 1150 324 1215 fluminis
347 1151 486 1216 navibus
508 1153 624 1216 iunctis
647 1160 778 1237 pontem
800 1152 961 1235 imperant
975 1150 1046 1213 fieri

65 1253 269 1339 legionesque
299 1256 380 1320 duas
408 1256 529 1321 flumen
552 1257 686 1323 Sicorim
714 1256 898 1338 traducunt,
928 1263 1045 1319 castra-

66 1380 128 1441 que
152 1361 301 1423 muniunt
323 1360 406 1424 vallo
433 1360 553 1446 pedum
578 1379 636 1424 xli.

152 1461 202 1525 62.
238 1463 313 1545 Qua
346 1486 381 1527 re
416 1487 474 1550 per
507 1465 729 1551 exploratores
763 1467 891 1549 cognita
921 1484 1045 1526 summo

65 1564 175 1628 labore
209 1566 345 1632 militum
368 1568 489 1634 Caesar
523 1571 707 1634 continuato
738 1568 824 1633 diem
853 1577 1046 1653 noctemque

66 1691 162 1753 opere
185 1670 371 1735 influmine
393 1672 570 1737 avertendo
594 1673 657 1738 huc
679 1675 744 1737 iam
765 1672 944 1736 reduxerat
965 1695 1044 1753 rem,

65 1782 101 1836 ut
123 1775 256 1858 equites,
281 1778 340 1840 etsi
357 1775 530 1842 difficulter
546 1787 643 1863 atque
666 1799 763 1863 aegre
782 1775 892 1858 fiebat,
915 1786 1046 1862 possent

64 1887 174 1941 tamen
196 1888 294 1963 atque
317 1880 476 1945 auderent
496 1881 618 1945 flumen
641 1883 796 1963 transire,
820 1878 944 1965 pedites
966 1903 1067 1944 veroa

65 1982 287 2046 tantummodo
321 1986 441 2048 umeris
474 2008 513 2049 ac
547 2007 670 2049 summo
711 1994 840 2070 pectore
878 1992 1046 2048 exstarent

64 2093 97 2147 et
124 2106 197 2148 cum
226 2085 394 2153 altitudine
424 2110 528 2174 aquae
562 2097 631 2153 tum
660 2091 758 2154 etiam
785 2089 958 2174 rapiditate
988 2089 1044 2151 llu-

64 2191 158 2252 minis
195 2190 237 2254 ad
274 2191 508 2256 transeundum
545 2192 787 2278 impedirentur.
834 2191 899 2258 sed
936 2201 1066 2256 tamena

65 2292 180 2357 eodem
202 2293 271 2357 fere
293 2304 438 2381 tempore
462 2318 542 2381 pons
570 2298 604 2360 in
626 2295 751 2361 Hibero
780 2318 881 2382 prope
910 2296 1044 2359 effectus

64 2396 283 2480 nuntiabatur,
307 2401 395 2463 etin
418 2400 520 2465 Sicori
541 2399 663 2464 vadum
685 2398 918 2486 reperiebatur.

150 2500 201 2564 63.
237 2501 308 2565 Iam
340 2523 420 2567 vero
450 2523 487 2567 eo
520 2505 624 2587 magis
653 2502 696 2567 illi
724 2501 954 2567 maturandum
983 2503 1044 2564 iter

65 2603 303 2670 existimabant.
335 2606 451 2691 Itaque
475 2606 601 2671 duabus
625 2607 835 2671 auxiliaribus
859 2604 1044 2671 cohortibus

64 2706 192 2771 ilerdae
229 2710 390 2794 praesidio
428 2710 546 2776 relictis
586 2710 733 2775 omnibus
773 2713 871 2796 copiis
909 2711 1045 2776 Sicorim

65 2820 234 2876 transeunt
262 2822 295 2877 et
324 2836 397 2879 cum
423 2814 550 2879 duabus
573 2813 766 2900 legionibus,
801 2837 882 2900 quas
905 2816 1043 2900 superio-

65 2915 156 2979 ribus
166 2913 280 2980 diebus
292 2913 517 3000 traduxerant,
531 2926 637 2982 castra
651 2919 857 3003 coniungunt.
874 2917 1066 3002 Relinque-a

64 3022 162 3086 batur
196 3021 327 3086 Caesari
360 3022 454 3104 nihil,
488 3024 550 3086 nisi
586 3024 632 3086 uti
662 3023 807 3106 equitatu
838 3044 956 3107 agmen
990 3022 1043 3085 ad-

64 3128 283 3191 versariorum
310 3126 394 3190 male
422 3125 559 3190 haberet
587 3135 619 3190 et
642 3135 798 3211 carperet.
844 3126 930 3190 Pons
958 3127 1043 3189 enim

64 3232 163 3315 ipsius
196 3253 351 3316 magnum
385 3232 554 3294 circuitum
587 3228 745 3312 habebat,
779 3237 816 3293 ut
847 3229 947 3293 multo
973 3226 1043 3290 bre·

64 3336 153 3397 viore
190 3336 304 3398 itinere
341 3332 383 3396 illi
421 3332 464 3397 ad
497 3332 658 3398 Hiberum
695 3334 866 3418 pervenire
903 3339 1042 3417 possent.

63 3438 199 3521 Equites
229 3436 271 3501 ab
301 3459 339 3501 eo
367 3438 456 3501 missi
482 3437 603 3502 flumen
631 3446 801 3502 transeunt
830 3445 876 3518 et,
906 3456 979 3500 oum
1002 3434 1065 3499 deo

19 3527 23 3535 ⁵
64 3543 160 3606 tertia
193 3541 303 3626 vigilia
337 3541 484 3606 Petreius
517 3550 615 3627 atque
649 3539 805 3606 Afranius
838 3547 945 3604 castra
979 3561 1043 3603 mo-
