2376 3924
141 237 205 302 202
439 240 549 291 sunm
567 239 817 291 insumuntur

53 448 55 452 “
141 449 338 516 quamquam
369 449 434 491 non
456 429 533 492 satis
555 429 639 492 iusta
667 427 710 492 ad
743 426 979 513 proeliandum,
1013 438 1124 493 rostra

118 534 298 618 rimposuit.
343 531 404 594 His
433 529 592 595 adiunctis
620 529 758 595 navibus
788 529 890 614 longis
919 539 952 595 et
980 554 1121 596 numero

141 637 371 702 classisaucto
400 632 553 697 militibus
583 635 745 698 veteranis
774 635 946 719 impositis,
981 656 1125 720 quorum

140 762 293 824 magnam
326 741 452 824 copiam
486 737 630 803 habebat
663 761 705 802 ex
743 737 891 802 omnibus
928 739 1123 824 legionibus,

141 847 196 930 qui
223 865 357 908 numero
386 865 559 926 aegrorum
585 841 689 906 relicti
718 851 810 906 erant
832 842 1011 924 Brundisii,
1046 866 1125 908 cum

141 950 302 1013 exercitus
342 949 375 1010 in
417 947 592 1012 Graeciam
628 955 918 1032 transportaretur,
957 946 1124 1031 profectus

141 1062 191 1116 est
212 1055 245 1115 in
267 1051 441 1136 Illyricum,
465 1050 642 1114 maritimas
664 1049 833 1113 nonnullas
856 1051 1012 1131 civitates,
1036 1072 1125 1135 quae

141 1155 328 1218 defecerant
350 1155 551 1237 Octavioque
580 1175 614 1217 se
642 1152 862 1236 tradiderant,
896 1157 1015 1240 partim
1042 1159 1124 1221 reci-

141 1256 265 1344 piebat,
300 1259 417 1344 partim
445 1266 649 1321 remanentes
678 1258 711 1320 in
742 1279 799 1321 suo
827 1257 956 1323 consilio
979 1268 1124 1343 praeter-

120 1360 330 1442 svehebatur,
354 1383 415 1424 uec
429 1358 490 1424 sibi
505 1359 598 1424 ullius
614 1362 661 1424 rei
684 1382 809 1424 moram
830 1363 1124 1449 necessitatemque

141 1463 339 1550 iniungebat,
364 1466 442 1548 quin
465 1485 563 1548 quam
586 1463 752 1528 celerrime
774 1473 883 1548 posset
904 1465 1010 1550 ipsum
1026 1467 1125 1532 Octa-

120 1571 230 1634 evium
253 1576 510 1655 persequeretur.
541 1567 639 1631 Hunc
662 1575 904 1652 oppugnantem
918 1567 1125 1654 Epidaurum

142 1681 229 1737 terra
244 1674 401 1755 marique,
426 1669 481 1734 ubi
498 1679 644 1734 nostrum
660 1679 730 1734 erat
745 1670 952 1756 praesidium,
976 1670 1126 1737 adventu

143 1799 199 1840 suo
223 1774 390 1839 discedere
406 1773 448 1838 ab
470 1775 708 1859 oppugnatione
732 1777 838 1859 coegit
859 1774 1126 1861 praesidiumque

143 1888 289 1943 nostrum
310 1879 441 1961 recepit.

228 1981 279 2044 45.
326 1981 498 2061 Octavius,
522 1977 606 2044 'cum
634 1980 802 2046 Vatinium
835 1981 971 2047 classem
1002 2003 1126 2067 magna

143 2109 185 2148 ex
218 2093 310 2170 parte
345 2082 524 2148 confectam
557 2106 600 2147 ex
632 2085 789 2151 naviculis
818 2088 969 2151 actuariis
999 2086 1125 2151 habere

144 2195 327 2273 cognosset,
362 2186 501 2251 confisus
535 2209 594 2251 sua
624 2187 725 2254 classe
755 2188 897 2255 substitit
919 2190 962 2254 ad
984 2190 1125 2256 insulam

143 2293 334 2376 Tauridem3
376 2313 440 2376 qua
478 2294 611 2377 regione
645 2293 795 2358 Vatinius
828 2296 1002 2380 insequens
1034 2297 1124 2359 navi-

143 2396 260 2481 gabat,
294 2419 359 2460 non
383 2418 446 2481 quo
471 2397 645 2462 Octavium
666 2396 712 2460 ibi
734 2399 889 2462 restitisse
917 2398 1030 2480 sciret,
1065 2398 1125 2464 sed

144 2499 231 2584 quod
265 2522 338 2564 eum
372 2500 497 2585 longius
531 2523 739 2585 progressum
767 2502 894 2586 insequi
921 2501 1123 2567 decreverat.

123 2601 227 2666 tCum
263 2607 394 2690 propius
433 2603 610 2668 Tauridem
649 2591 837 2669 accessisset
873 2604 1020 2670 distentis
1057 2608 1124 2672 suis

144 2706 291 2789 navibus,
315 2706 402 2792 quod
429 2715 461 2770 et
483 2715 658 2792 tempestas
681 2715 752 2771 erat
773 2707 960 2773 turbulenta
982 2717 1016 2773 et
1036 2707 1125 2774 nulla

144 2812 282 2894 suspicio
310 2809 425 2891 hostis,
459 2818 593 2894 repente
622 2809 795 2874 adversam
818 2809 860 2874 ad
883 2832 917 2874 se
939 2812 1125 2876 venientem

144 2935 262 2976 navem
275 2915 432 2976 antemnis
445 2913 488 2976 ad
499 2912 642 2976 medium
649 2912 770 2976 malum
778 2912 925 2978 demissis
933 2916 1124 2979 instructam

123 3015 438 3100 spropugnatoribus
461 3016 699 3080 animadvertit.
746 3016 842 3098 Quod
865 3015 922 3080 ubi
945 3018 1123 3103 conspexit,

145 3118 292 3182 celeriter
325 3116 399 3181 vela
432 3118 569 3200 subduci
602 3118 792 3203 demittique
830 3129 998 3185 antemnas
1034 3119 1125 3185 iubet

146 3231 178 3287 et
200 3221 315 3285 milites
344 3223 465 3284 armari
493 3230 525 3284 et
547 3222 665 3287 vexillo
689 3222 825 3305 sublato,
858 3219 933 3308 [quo
957 3222 1125 3309 pugnandi

146 3325 246 3390 dabat
268 3320 407 3410 signum]
442 3346 526 3409 quae
560 3327 683 3411 primae
712 3348 812 3390 naves
842 3325 1125 3411 subsequebantur

123 3430 232 3493 tidem
265 3439 301 3493 ut
334 3430 495 3512 facerent,
525 3429 737 3514 significabat.
783 3430 950 3495 Parabant
978 3453 1012 3495 se
1035 3431 1125 3496 Vati·

145 3535 234 3597 niani
267 3542 400 3619 repente
435 3533 595 3619 oppressi;
633 3536 739 3620 parati
771 3533 925 3620 deinceps
953 3535 1127 3602 Octaviani
