2376 3924
142 202 163 265 4
441 200 490 249 DE
509 198 628 250 BELLO
648 195 808 249 unnnlco

122 411 217 459 iesse
233 376 379 474 dubium,
402 392 480 476 quin
497 391 599 456 totius
616 387 751 455 Galliae
772 385 951 475 plurimum
964 380 1117 449 Helvetii

143 503 295 581 possent3
325 517 361 559 se
384 495 452 560 suis
475 495 580 580 copiis
597 516 721 580 suoque
745 491 898 571 exercitu
920 486 989 555 iliis
1007 507 1117 571 regna

122 598 398 665 8conciiiaturum
414 599 597 662 confirmat.
614 597 688 662 Hac
706 596 858 662 oratione
873 590 1012 658 adducti
1028 590 1118 681 inter

118 688 181 768 'se
211 701 309 768 fidem
337 711 369 766 et
397 701 628 766 iusiurandum
658 699 741 766 dant
764 708 797 764 et
824 718 929 781 regno
953 700 1117 781 occupato

145 829 202 891 per
225 814 293 870 tres
309 805 556 891 potentissimos
574 826 614 869 ac
625 803 840 870 firmissimos
856 798 995 887 populos
1011 797 1118 863 totius

146 906 280 972 Gralliac
303 930 376 973 sese
397 908 498 992 potiri
521 929 620 993 posse
644 914 793 994 sperant.

229 1010 260 1076 4.
283 1011 334 1075 Ea
349 1033 402 1075 res
421 1020 472 1076 est
487 1010 653 1075 Helvetiis
672 1033 731 1096 per
749 1009 912 1074 indicium
929 1005 1118 1072 enuntiata.

145 1114 295 1180 Moribus
319 1115 387 1178 suis
412 1112 645 1197 Orgetorigem
668 1136 711 1178 ex
740 1111 884 1177 vinculis
908 1131 1045 1176 causam
1069 1106 1120 1173 di·

146 1240 222 1283 cere
235 1225 427 1300 coegerunt.
443 1216 646 1281 Damnatum
662 1238 804 1302 poenam
821 1216 915 1301 sequi
931 1211 1120 1299 oportebat,

126 1330 183 1385 aut
206 1321 278 1405 igni
293 1328 506 1385 cremaretur.
527 1320 592 1384 Dic
608 1322 794 1385 constituta
817 1341 942 1385 causae
960 1315 1120 1382 dictionis

148 1424 331 1508 Orgetorix
354 1422 398 1487 ad
421 1422 581 1488 iudicium
604 1446 733 1488 omnem
757 1445 851 1488 suam
874 1420 1048 1501 familiam,
1075 1418 1122 1484 ad

148 1527 315 1593 hominum
343 1524 434 1591 milia
465 1526 596 1609 decem,
626 1527 773 1612 undique
801 1528 913 1610 coegit
941 1534 974 1590 et
1005 1544 1121 1588 omnes

148 1630 288 1696 clientes
318 1629 560 1715 obaeratosque
589 1651 681 1713 suos,
712 1649 850 1717 quorum
879 1648 1037 1713 magnum
1060 1648 1121 1691 nu·

149 1757 273 1799 merum
285 1731 443 1815 habebat,
457 1732 573 1797 eodem
585 1733 764 1799 conduxit:
776 1757 835 1820 per
848 1756 915 1817 eos,
927 1756 970 1798 ne
981 1752 1122 1797 causam

127 1839 286 1919 ³dieeret,
304 1857 340 1899 se
355 1836 485 1921 eripuit.
504 1833 588 1901 Ourn
604 1837 725 1902 civitas
743 1837 784 1902 ob
802 1860 875 1902 eam
891 1860 961 1902 rem
977 1836 1122 1901 incitata

150 1940 320 2006 armisius
338 1961 433 2002 suum
452 1942 589 2024 exsequi
608 1950 785 2005 conaretur
805 1938 1124 2024 multitudinemque

151 2044 318 2108 hominum
341 2064 384 2105 ex
399 2043 490 2125 agris
507 2045 725 2126 magistratus
748 2054 919 2128 cogerent,
938 2042 1124 2126 Orgetorix

152 2154 299 2211 mortuus
324 2154 390 2228 est,
413 2167 518 2230 neque
534 2145 629 2211 abest
647 2148 803 2232 suspicio,
826 2158 863 2214 ut
878 2146 1046 2212 Helvertii
1069 2167 1124 2209 ar·

151 2248 336 2330 bitrantur,
359 2249 438 2331 quin
461 2249 532 2332 ipse
556 2247 619 2312 sibi
643 2258 781 2315 mortem
803 2250 1018 2316 consciverit.

238 2349 268 2413 5.
292 2351 372 2415 Post
389 2352 457 2414 eius
475 2360 615 2416 mortem
637 2350 741 2417 nihilo
770 2355 879 2418 minus
896 2352 1046 2418 Helvetii
1075 2350 1124 2434 id,

153 2455 242 2542 quod
265 2455 525 2536 constituerant,
555 2455 666 2519 facere
688 2466 867 2538 conantur,
895 2465 931 2521 ut
955 2478 973 2521 e
998 2453 1124 2520 finibus

131 2560 222 2623 asuis
247 2565 379 2621 exeant.
403 2554 469 2621 Ubi
492 2559 560 2621 iam
583 2579 618 2622 se
641 2558 774 2623 adeam
796 2581 865 2624 rem
887 2567 1025 2645 paratos
1049 2579 1125 2623 esse

154 2661 313 2727 arbitrati
337 2668 424 2736 sunt,
448 2660 571 2746 oppida
594 2683 654 2726 sua
671 2665 791 2744 omnia,
814 2685 950 2729 numero
974 2661 1020 2728 ad
1042 2660 1123 2727 duo·

155 2767 273 2847 decim,
289 2765 382 2828 vicos
395 2763 440 2828 ad
452 2762 724 2848 quadringentos,
740 2766 868 2853 reliqua
884 2768 1019 2852 privata
1033 2765 1124 2832 aedi·

133 2870 233 2934 sficia
246 2866 438 2947 incendunt,
453 2865 653 2931 frumentum
666 2889 771 2951 omne,
786 2881 1018 2957 praeterquam
1035 2867 1125 2955 quod

157 2994 270 3038 secum
292 2970 458 3056 portaturi
475 2977 580 3050 erant,
604 2969 810 3052 comburunt,
833 2982 871 3038 ut
887 2972 1019 3038 domum
1036 2971 1125 3038 redi-

156 3077 258 3142 tionis
293 3094 351 3158 spe
387 3069 520 3136 sublata
548 3072 733 3155 paratiores
763 3073 807 3138 ad
837 3076 946 3139 omnia
975 3074 1126 3160 pericula

156 3176 331 3244 subeunda
348 3182 471 3256 essent,
487 3174 588 3237 trium
602 3177 764 3241 mensium
778 3176 893 3242 molita
910 3179 1040 3245 cibaria
1059 3175 1126 3242 sibi

133 3300 317 3368 squemque
342 3277 437 3341 domo
454 3274 569 3340 efferre
585 3273 710 3342 iubent.
732 3277 939 3346 Persuadent
962 3280 1126 3346 Rauracis

156 3396 190 3451 et
212 3382 368 3466 Tulingis
397 3387 430 3444 et
452 3377 627 3442 Latovicis
656 3377 821 3462 finitimis,
850 3385 899 3446 uti
927 3382 1043 3449 eodem
1072 3384 1127 3449 usi

155 3486 297 3558 consilio
321 3483 453 3571 oppidis
477 3483 547 3546 suis
570 3479 720 3565 vicisque
748 3485 874 3549 exustis
896 3486 963 3552 una
985 3509 1060 3551 cum
1082 3488 1127 3553 iis
