2376 3924
372 195 484 256 sinna
497 206 542 268 vr,
562 205 638 255 cup.
652 207 761 256 29-32.
999 204 1058 270 161

165 400 217 463 31.
241 399 420 464 Ambiorix
443 399 559 484 copias
584 418 662 461 suas
686 396 856 460 iudicione
885 419 952 462 non
981 420 1060 463 con·

81 504 228 586 duxerit,
251 502 341 590 quod
364 501 490 589 proelio
509 499 739 566 dimicandum
753 522 820 565 non
844 503 1061 588 existimarit,

80 633 124 676 an
148 618 297 695 tempore
320 605 479 673 exclusus
497 615 529 671 et
546 606 721 691 repentino
738 607 887 690 equitum
910 605 1060 672 adventu

80 712 281 799 prohibitus,
306 733 381 777 cum
404 709 570 795 reliquum
592 710 779 775 exercitum
808 709 966 795 subsequi
989 732 1060 776 cre·

83 816 188 900 deret,
212 814 352 880 dubium
375 822 436 879 est.
484 811 551 878 Sed
574 822 667 878 certe
691 812 840 878 dimissis
868 835 928 898 per
957 835 1083 897 agross

82 922 210 986 nuntiis
228 918 294 984 sibi
310 939 472 1004 quemque
489 916 666 982 consulere
682 916 792 982 iussit.
817 916 965 997 Quorum
981 941 1059 1004 pars

83 1027 116 1089 in
132 1024 353 1089 Arduennam
369 1021 500 1104 silvam,
524 1043 602 1106 pars
623 1021 657 1085 in
681 1022 894 1086 continentes
917 1022 1059 1107 paludes

82 1127 248 1214 profugit,
281 1127 338 1213 qui
367 1127 513 1211 proximi
541 1124 677 1190 Oceano
700 1125 852 1209 fuerunt,
882 1118 917 1189 hi
941 1126 1082 1191 insulisa

83 1255 156 1298 sese
175 1221 442 1310 occultaverunt,
461 1251 544 1316 quas
561 1239 675 1295 aestus
693 1229 825 1295 efficere
841 1239 1061 1313 consuerunt,

83 1336 181 1402 multi
198 1359 241 1402 ex
258 1337 327 1401 suis
342 1333 465 1400 finibus
483 1336 610 1418 egressi
635 1357 671 1400 se
694 1357 822 1421 suaque
846 1337 957 1400 omnia
982 1336 1083 1400 alie-4

83 1439 468 1507 nissimisorediderunt.
485 1437 703 1523 Catuvoleus,
716 1461 777 1503 rex
787 1438 1083 1525 dimidiaepartiss

82 1544 287 1627 Eburonum,
301 1544 357 1630 qui
366 1566 435 1608 una
444 1565 520 1608 cum
528 1542 725 1627 Ambiorige
735 1543 914 1609 eonsilium
926 1545 1062 1627 inierat,

84 1657 198 1714 aetate
219 1650 288 1713 iam
314 1647 506 1731 confectus,
536 1670 611 1713 cum
642 1646 794 1713 laborem
817 1656 875 1712 aut
899 1647 979 1712 belli
1004 1658 1061 1714 aut

84 1752 186 1835 fugae
200 1751 288 1816 ferre
304 1773 372 1816 non
387 1761 512 1837 posset,
529 1750 682 1816 omnibus
699 1751 853 1837 precibus
872 1751 1061 1818 detestatus

84 1853 325 1938 Ambiorigem,
348 1856 406 1939 qui
423 1856 493 1919 eius
515 1854 649 1920 consilii
673 1863 793 1920 auctor
815 1855 944 1938 fuisset,
969 1865 1062 1938 taxo,

83 1960 178 2024 cuius
201 1979 326 2041 magna
349 1959 384 2023 in
408 1955 524 2024 Gallia
549 1956 797 2044 Germaniaque
820 1960 918 2044 eopia
941 1968 1002 2042 est,
1027 1981 1062 2024 se

86 2063 307 2128 exanimavit.

168 2165 221 2230 32.
256 2164 360 2249 Segni
384 2163 633 2252 Condrusique,
665 2189 708 2232 ex
737 2177 838 2249 gente
868 2176 901 2232 et
925 2187 1062 2232 numero

85 2267 339 2352 Germanorum,
362 2271 512 2354 quisunt
529 2270 617 2335 inter
630 2269 807 2336 Eburones
823 2271 1063 2356 Treverosque,

84 2376 216 2458 legatos
245 2372 289 2438 ad
313 2371 494 2440 Gaesarem
521 2377 685 2441 miserunt
715 2385 861 2459 oratum,
891 2398 933 2440 ne
964 2399 999 2441 se
1028 2379 1063 2442 in

84 2480 230 2545 hostium
245 2499 382 2544 numero
400 2478 538 2545 duceret
549 2501 635 2545 neve
648 2481 794 2544 omnium
807 2478 1061 2571 Germanorum,

85 2585 141 2671 qui
165 2591 280 2649 essent
301 2583 390 2647 citra
413 2582 575 2667 Rhenum,
599 2605 701 2648 unam
725 2606 799 2649 esse
823 2605 962 2649 causam
978 2585 1063 2650 iudi·

85 2696 197 2754 caret:
214 2685 300 2751 nihil
317 2709 353 2751 se
370 2686 517 2753 debello
534 2688 752 2771 cogitavisse,
768 2687 862 2753 nulla
874 2687 1064 2774 Ambiorigi

86 2791 215 2857 auxilia
244 2791 387 2855 misisse.
431 2789 561 2857 Caesar
591 2790 770 2877 explorata
799 2816 835 2857 re
865 2796 1085 2879 quaestiones

85 2896 307 2981 captivorum,
331 2895 359 2959 si
383 2896 438 2979 qui
462 2893 507 2960 ad
535 2916 592 2960 sos
614 2893 791 2961 Eburones
816 2919 858 2960 ex
881 2897 962 2980 iuga
985 2919 1064 2964 oon-

84 3001 268 3081 venissent,
292 2996 389 3063 adse
406 3007 444 3064 ut
467 2998 719 3082 reducerentur,
742 3001 938 3085 imperavit,
962 3003 991 3066 si
1015 3004 1064 3067 ita

85 3103 257 3185 iecissent,
278 3101 363 3167 fines
386 3123 500 3167 eorum
523 3125 559 3168 se
575 3103 780 3169 violaturum
795 3108 945 3188 negavit.
980 3107 1086 3172 'Fumo

85 3208 190 3293 copiis
203 3208 238 3272 in
247 3207 311 3272 tris
323 3215 438 3292 partes
453 3206 644 3273 distributis
661 3209 902 3294 impedimenta
919 3212 1063 3276 omnium

85 3309 256 3394 legionum
268 3298 484 3378 Aduatucam
497 3312 651 3378 contulit.
668 3312 709 3378 Id
721 3313 853 3380 castelli
867 3337 987 3380 nomen
1002 3323 1086 3379 esta

85 3413 160 3480 Hoc
175 3413 247 3481 lere
268 3423 319 3481 est
336 3417 371 3480 in
386 3414 507 3482 mediis
523 3416 720 3483 Eburonum
742 3418 875 3501 finibus,
898 3417 957 3483 ubi
970 3418 1064 3482 Titu-

85 3518 155 3583 rius
167 3526 269 3605 atque
275 3517 524 3586 Aurunculeius
532 3520 702 3587 hiemandi
710 3543 814 3587 causa
827 3521 1062 3588 consederant.

137 3635 222 3681 cm.
236 3637 255 3679 1.
269 3637 290 3681 s.
302 3638 327 3680 o.
860 3627 896 3676 lt
