2376 3924
95 227 195 276 LXXX
397 224 608 276 ADNO'I'ATIO
628 225 772 276 culmos

96 418 158 466 tota
175 412 254 466 altra
272 412 393 465 stabat
410 413 512 480 (lactea
531 412 644 467 Salsum
662 412 694 465 la
712 411 797 483 acle]
827 429 875 478 pro
897 412 996 462 tradito
1015 411 1074 464 ibat

97 503 193 566 scripsi
210 499 315 563 stabat,
334 500 406 565 quod
425 500 501 550 Koch
520 501 661 565 proposuit
679 500 748 549 Mus.
767 500 853 550 Rben.
866 499 951 563 XVII,
970 516 995 564 p.
1014 501 1073 550 479.

200 604 223 637 c.
244 588 282 648 17,
302 589 331 635 2:
360 584 528 654 [victoriam]
548 586 660 635 inclusit
677 585 841 650 Nipperdey.
864 613 899 624 —
922 587 946 647 ξ.
965 586 994 634 3:
1015 584 1074 653 pla·

96 673 208 725 alaram
227 671 301 725 ictas
321 671 491 738 telorumque
508 670 613 724 scissas
632 668 877 740 exceptantes]
903 674 942 722 sie
961 688 994 722 er
1013 687 1073 721 con·

96 762 200 809 iectura
217 759 315 809 Kochii
334 758 352 807 l.
371 758 388 807 l.
413 760 509 824 scripsi
536 774 583 823 pro
611 761 872 824 asspectaates,
897 757 968 823 quod
997 757 1074 808 codd.
1096 765 1102 772 “

95 846 234 910 praebent.

200 949 222 983 c.
244 932 282 991 18,
304 933 332 979 l:
360 930 511 979 Kranerum
537 935 645 980 secutus
668 929 795 979 lacunam
818 937 879 995 post
900 929 942 981 Ti.
963 929 1074 982 Talllas

96 1019 196 1082 notavi,
216 1025 242 1067 et
260 1015 329 1069 Cato
343 1015 504 1068 Lusitanus
524 1017 621 1081 scripsi
633 1032 681 1081 pro
696 1013 724 1067 C.
736 1014 889 1069 Aatoat'as.
908 1015 959 1065 hoc
976 1033 1074 1066 nomen

96 1104 193 1155 litteris
214 1101 408 1156 CATOL....
432 1102 502 1153 male
528 1102 662 1152 distinctis
685 1103 808 1152 effectum
834 1119 907 1166 esse,
935 1119 968 1152 ex
987 1103 1079 1158 codf

96 1191 214 1256 perspici
237 1198 338 1254 potest,
366 1190 394 1238 in
420 1205 473 1255 quo
492 1190 575 1239 simili
594 1205 682 1239 errore
701 1187 807 1241 Caesar
825 1188 970 1241 Aatoalas
990 1192 1074 1256 scrip·

96 1286 153 1326 tum
173 1282 221 1326 est.
248 1303 283 1313 —
310 1278 334 1337 ξ.
353 1277 382 1324 t:
410 1290 472 1327 cans
491 1274 522 1327 ia
541 1273 677 1342 oppidano
695 1273 867 1341 revertisset,
894 1274 943 1341 pal
965 1276 1075 1328 otlttesu

94 1362 225 1432 plaudam
243 1361 349 1416 solebat
363 1398 456 1414 ......
470 1361 630 1428 laseqaeatt'
648 1365 768 1428 teospore
787 1361 843 1414 dac
855 1360 995 1414 Lasltaai
1013 1361 1075 1427 yla-

96 1454 153 1502 tres
178 1448 349 1518 transfapae
370 1448 559 1515 aarttlaraat,
587 1464 661 1501 cam
683 1448 832 1514 Pompeias
851 1447 1007 1502 cossttoaera
1025 1449 1075 1500 lra-

95 1535 201 1588 baisset
212 1563 248 1573 -
259 1551 348 1587 aaam
365 1534 546 1601 respondisse
564 1531 645 1603 cett.]]
664 1535 789 1584 lacunam
808 1541 869 1599 post
886 1534 992 1588 solebat
1010 1536 1075 1601 Nip-

95 1623 197 1688 perdey
224 1621 362 1672 indicavit.
390 1649 425 1657 —
451 1635 524 1672 cata
551 1621 648 1686 scripsi
671 1636 719 1685 pro
743 1620 841 1670 tradito
866 1636 965 1688 qaae5
994 1623 1075 1687 vulgo

96 1724 179 1774 qaam
197 1709 292 1759 editur.
310 1737 346 1745 —
364 1710 387 1770 ξ.
408 1708 436 1760 l:
460 1706 492 1759 ld
509 1706 536 1758 st
558 1704 684 1773 fecisset,
712 1706 738 1758 el
764 1721 798 1759 se
821 1706 955 1773 promisit
980 1707 1075 1760 assata

96 1791 317 1863 concessuram-fl
348 1808 382 1845 se
409 1809 426 1842 a
449 1792 614 1857 Nipperdeio
642 1793 770 1842 omissum
799 1794 852 1842 iam
880 1795 909 1842 in
936 1796 1074 1859 superiore

97 1880 215 1930 editione
233 1881 348 1929 restitui.
379 1879 456 1929 abest
476 1879 583 1944 quidem
603 1879 637 1928 ab
657 1894 689 1939 a,
714 1879 763 1928 sed
779 1878 880 1944 legitur
897 1881 925 1928 in
944 1881 1020 1944 ihl;
1048 1884 1075 1931 in

95 1966 115 2019 b
134 1982 194 2015 cum
210 1965 388 2015 antecedente
407 1963 432 2016 el
451 1964 552 2014 coaluit
569 1965 597 2013 in
616 1962 664 2015 eis.
683 1993 717 2003 —
735 1964 758 2030 ᾖ.
771 1966 800 2013 8:
820 1963 863 2016 lta
883 1964 972 2033 [suae]
993 1982 1075 2019 crare

96 2048 236 2120 delicato]
264 2048 333 2114 fasse
351 2065 434 2102 crare
453 2048 486 2101 de
508 2048 584 2118 llpao
603 2050 693 2110 codd.;
722 2053 813 2116 recepi
832 2050 949 2101 Goduini
969 2055 1074 2104 coniec-

95 2145 183 2187 turam
207 2135 343 2206 alellpato,
368 2135 468 2186 inclusi
485 2152 550 2186 vero
569 2134 652 2202 fasse,
678 2153 738 2187 cum
758 2139 804 2203 qui
821 2138 909 2188 facem
928 2139 962 2190 ad
980 2145 1074 2191 turrim

95 2223 293 2274 incendendam
311 2239 403 2273 secum
422 2223 516 2283 ferret,
537 2221 619 2288 sacis
638 2224 748 2273 vinculo
766 2225 812 2273 vix
830 2225 976 2290 impeditus
995 2237 1074 2288 esset,

95 2310 240 2375 quominus
258 2310 286 2359 in
306 2309 434 2375 oppidum
453 2309 618 2374 confugeret.

199 2413 222 2446 c.
243 2397 282 2457 19,
302 2397 331 2444 1:
351 2393 442 2448 tarrls
460 2398 600 2461 austra,
620 2410 691 2462 qaae
709 2394 828 2465 lipara
845 2394 967 2467 scisset]
986 2405 1074 2450 trans-

94 2484 173 2548 posui
191 2498 272 2532 voces
291 2480 384 2550 llpaea
403 2487 429 2532 et
446 2485 561 2548 stostra,
586 2498 647 2532 cum
666 2483 717 2532 etsi
735 2483 832 2532 mirum
850 2484 878 2533 in
898 2484 1021 2548 modum,
1046 2495 1074 2536 ut

95 2569 177 2633 paulo
197 2573 260 2618 ante
279 2569 385 2631 monui,
403 2573 499 2618 auctor
516 2567 690 2618 coniunctivo
709 2569 855 2633 potentiali
872 2570 1012 2636 abutatur,
1031 2572 1075 2623 hic

94 2661 187 2705 tamen
206 2654 366 2705 enuntiandi
384 2654 478 2704 modus
493 2655 521 2703 in
535 2670 563 2704 re
577 2655 729 2704 certissima
740 2683 774 2691 —
787 2653 879 2706 larris
891 2670 962 2722 qaae
973 2662 1074 2711 nostra

95 2740 198 2806 falsset
216 2769 249 2778 -
268 2756 302 2789 ne
326 2740 397 2805 apud
421 2739 493 2790 hunc
517 2739 626 2806 quidem
651 2740 809 2804 scriptorem
833 2741 960 2793 ferendus
983 2744 1076 2796 videa·

94 2833 147 2878 tur.
169 2855 205 2863 —
227 2829 252 2889 ξ.
269 2829 299 2875 4;
328 2825 381 2877 tall
399 2825 505 2878 oirtate
523 2830 550 2878 et
567 2824 733 2878 caosstaatla
758 2824 910 2895 [saturam]
935 2844 976 2881 ose
998 2829 1030 2882 ta
1049 2836 1075 2884 te

90 2910 273 2981 praestabo]
304 2910 436 2976 satarum
458 2911 571 2962 inclusit
589 2911 737 2977 Glandorp.
768 2912 908 2964 Fleischer
927 2930 990 2965 ann.
1007 2918 1074 2983 phil.

94 3004 113 3047 t.
128 2998 186 3058 119,
205 3014 230 3063 p.
243 2999 293 3047 866
312 2996 454 3062 fautorem
472 3001 620 3064 proposuit,
645 2999 716 3064 quod
734 2999 780 3049 vix
799 3001 915 3050 orationi
933 3004 992 3054 eius
1012 3021 1074 3055 con-

94 3084 212 3143 veniret,
232 3084 278 3148 qui
296 3084 459 3149 supplicium
479 3085 646 3151 deprecatur.

198 3185 220 3218 c.
234 3171 276 3232 20,
296 3171 324 3218 1:
345 3168 426 3238 and
443 3169 605 3238 Pompeias,
624 3187 658 3225 ea
672 3173 805 3243 perfapis
823 3190 885 3228 caat
905 3175 1074 3231 deditionem

93 3254 194 3323 oppidi
218 3255 326 3321 factam
350 3270 408 3308 esse
430 3257 542 3324 scisset,
569 3263 667 3311 castra
690 3260 775 3313 oravit
797 3261 911 3314 Ucubim
932 3277 1029 3316 casas
1048 3269 1074 3318 et

93 3341 200 3395 circam
224 3357 256 3394 ea
283 3340 400 3395 castella
425 3341 568 3410 disposuit
591 3349 617 3397 et
643 3345 849 3399 araaittoaibas
876 3361 905 3400 se
932 3348 1075 3404 corttlaere

93 3427 198 3494 coepit,
228 3429 331 3479 etiam
354 3427 460 3481 Caesar
482 3429 567 3482 suaset
590 3435 617 3482 et
631 3431 755 3499 propias
773 3437 871 3486 castra
889 3434 993 3487 castris
1012 3450 1076 3489 coss-

94 3511 188 3582 totta]
213 3515 295 3580 vulgo
313 3522 376 3582 post
393 3515 483 3584 coepit
501 3519 637 3568 sententia
655 3518 760 3584 linitur3
778 3525 835 3571 tum
854 3536 928 3584 vero,
947 3527 977 3572 ut
995 3528 1081 3576 antes
