2376 3924
140 220 161 283 2
444 210 494 260 nn
511 208 632 260 nanno
657 207 815 259 olomeo

121 401 304 465 aMatrona
330 408 362 462 et
389 397 546 484 Sequana
572 396 703 461 dividit.
732 397 861 462 Horum
887 397 1034 464 omnium
1064 399 1132 466 for·

147 504 272 570 tissimi
296 509 372 566 sunt
390 500 528 585 Belgae,
551 509 728 586 propterea
753 499 843 586 quod
865 523 886 566 a
909 499 1003 567 cultu
1026 512 1133 589 atque

148 607 357 673 humanitate
363 605 559 691 provinciae
571 602 768 688 longissime
780 602 916 687 absunt,
928 604 1133 691 minimeque

148 711 193 776 ad
217 732 272 775 eos
289 717 493 774 mercatores
512 729 612 793 saepe
635 717 824 774 commeant
847 717 948 795 atque
967 730 1017 793 ea,
1041 729 1131 795 quac

146 815 192 880 ad
208 811 448 878 effeminandos
465 812 593 877 animos
609 811 789 897 pertinent,
806 813 1000 896 important,
1015 814 1130 898 proxi·

145 919 257 1002 mique
281 926 359 981 sunt
383 913 573 998 Germanis,
597 915 653 1001 qui
677 925 771 980 trans
788 914 938 980 Rhenum
965 914 1130 994 incolunt,

122 1019 343 1105 aquibuseum
356 1020 569 1084 continenter
580 1017 704 1084 bellum
720 1031 851 1104 gerunt.
868 1019 942 1102 Qua
960 1020 1002 1086 de
1022 1043 1131 1088 eausa

145 1120 295 1188 Helvetii
312 1144 443 1210 quoquc
464 1120 610 1209 reliquos
625 1120 744 1188 Gallos
769 1124 893 1190 virtute
909 1122 1130 1209 praecedunt,

147 1226 236 1312 quod
259 1226 327 1291 fere
343 1226 525 1292 cotidianis
541 1225 678 1311 proeliis
695 1247 770 1294 oum
787 1224 965 1292 Germanis
989 1236 1130 1294 eonten-

147 1330 239 1412 dunt,
264 1352 339 1396 oum
362 1340 421 1396 aut
444 1332 513 1396 suis
536 1330 659 1396 finibus
684 1353 740 1396 eos
762 1330 952 1418 prohibent,
980 1340 1037 1397 aut
1062 1333 1130 1418 ipsi

60 1505 64 1510 ,
124 1436 180 1498 siu
205 1456 318 1499 eorum
340 1434 464 1500 finibus
487 1432 612 1501 bellum
635 1443 766 1519 gerunt.
798 1435 922 1500 Eorum
944 1457 1128 1520 unapars,

146 1561 245 1624 quam
276 1535 395 1604 Gallos
432 1539 584 1604 obtinere
614 1537 740 1604 dictum
769 1547 836 1622 est,
872 1539 1004 1605 initium
1033 1540 1129 1624 capit

145 1664 165 1706 a
194 1643 327 1707 flumine
350 1642 532 1726 Rhodano,
561 1641 753 1707 continetur
777 1639 950 1707 Garumna
979 1642 1130 1727 flumine,

146 1746 297 1830 Oceano,
327 1746 450 1811 finibus
474 1745 672 1830 Belgarum3
701 1746 840 1830 attingit
871 1746 972 1810 etiam
999 1744 1042 1809 ab
1068 1742 1127 1810 Se·

145 1851 265 1935 quanis
283 1860 316 1915 et
331 1849 499 1916 Helvetiis
521 1851 642 1917 fiumen
657 1851 824 1932 Rhenum;
848 1850 958 1934 vergit
983 1847 1028 1913 ad
1052 1871 1128 1936 sep-

123 1953 339 2021 stentriones.
384 1954 512 2038 Belgae
550 1953 593 2020 ab
632 1954 790 2019 extremis
830 1951 964 2018 Galliae
999 1952 1127 2020 finibus

145 2059 311 2141 oriuntur,
341 2059 511 2143 pertinent
534 2056 579 2122 ad
601 2058 793 2122 inferiorem
824 2065 955 2142 partem
977 2056 1127 2124 fluminis

143 2160 266 2243 Rheni3
284 2169 439 2246 spectant
452 2162 486 2225 in
500 2161 761 2247 septentrionem
778 2167 810 2224 et
825 2160 988 2224 orientem
1007 2159 1125 2228 solem.

123 2263 328 2348 aAquitania
345 2287 365 2329 a
383 2263 556 2331 Garumna
570 2265 705 2330 flumine
724 2263 769 2330 ad
784 2264 975 2350 Pyrenaeos
991 2274 1125 2331 montes

145 2375 177 2431 ot
207 2389 280 2432 eam
308 2378 438 2455 partem
468 2368 614 2452 Oceani,
643 2390 729 2455 quae
760 2377 810 2433 est
837 2366 882 2433 ad
912 2367 1125 2454 Hispaniam,

144 2473 305 2556 pertinot;
319 2482 449 2558 spectat
463 2475 715 2540 interoeoasum
727 2471 807 2538 solis
819 2481 852 2536 et
865 2472 1124 2558 septentriones.

230 2576 259 2640 2.
282 2577 384 2664 Apud
406 2577 581 2644 Helvetios
609 2578 709 2662 longe
737 2576 966 2645 nobilissimus
996 2579 1059 2644 fuit
1089 2591 1125 2647 ot

147 2682 331 2747 ditissimus
357 2681 550 2766 Orgetorix.
578 2683 612 2747 Is
635 2683 680 2747 M.
703 2681 852 2747 Messala
876 2692 908 2748 et
931 2683 976 2748 M.
1000 2685 1125 2752 Pisone

145 2784 338 2851 consulibus
362 2787 458 2871 regni
474 2786 662 2873 cupiditate
679 2785 837 2852 inductus
856 2788 1124 2857 coniurationem

145 2889 334 2956 nobilitatis
358 2891 438 2956 fecit
463 2900 495 2956 et
519 2892 652 2960 civitati
671 2893 851 2978 persuasit,
872 2901 909 2958 ut
934 2890 975 2957 de
997 2892 1122 2960 finibus

125 2996 215 3063 asuis
246 3017 321 3061 cum
350 2995 503 3061 omnibus
533 2997 637 3082 copiis
666 2997 814 3062 exirent:
844 2995 1006 3082 perfacile
1036 3018 1123 3082 esso,

145 3120 220 3164 cum
236 3101 362 3164 virtute
379 3099 532 3164 omnibus
547 3108 772 3186 praestarent,
788 3100 893 3166 totius
911 3092 1045 3165 Galliae
1060 3102 1119 3167 im·

123 3203 236 3288 aperio
260 3203 372 3288 potiri.
417 3203 458 3269 Id
485 3203 547 3269 hoo
576 3203 708 3270 facilius
738 3205 787 3270 eis
812 3205 998 3290 persuasit,
1031 3205 1123 3291 quod

145 3306 293 3393 undique
316 3307 382 3373 loci
407 3315 528 3373 natura
551 3306 699 3372 Helvetii
723 3308 952 3375 continentur:
980 3330 1047 3372 una
1078 3330 1122 3376 ex

144 3419 242 3497 parte
257 3412 392 3477 flumine
406 3409 538 3496 Rheno,
555 3410 720 3477 latissimo
740 3420 842 3498 atque
862 3411 1040 3495 altissimo,
1063 3413 1121 3498 qui

145 3534 264 3598 agrum
286 3512 479 3580 Helvetium
508 3537 528 3582 a
558 3512 734 3580 Germanis
766 3513 905 3597 dividit,
938 3513 1047 3581 altera
1076 3536 1121 3582 ox
