2376 3924
302 244 352 294 AD
371 243 470 298 CAES.
489 244 592 293 BELL.
613 244 681 296 clv.
700 243 736 305 ΙΙ,
755 245 866 293 29-33.
1000 244 1074 293 XXV

93 433 170 486 iare
188 433 298 497 habent,
317 433 399 499 idque
416 435 444 483 in
463 435 553 498 priore
572 434 690 484 editione
709 450 770 484 cum
782 433 948 499 Nipperdeio
968 449 1077 484 servan-

94 520 157 570 dum
177 535 237 570 esse
256 518 398 578 duxeram;
417 519 466 570 sed
484 535 545 569 cum
564 519 664 569 idonea
683 535 766 569 causa
784 536 836 569 non
856 520 937 582 adsit,
956 536 1005 569 cur
1022 525 1077 569 tarn

94 605 205 656 insolito
219 605 297 655 modo
316 604 467 654 infinitivus
485 607 591 655 activus
610 621 671 655 eum
689 606 806 670 passivis
820 610 1004 670 componatur,
1024 607 1077 655 iam

95 707 157 742 cum
185 690 383 741 recentioribus
409 691 558 741 editoribus
587 689 787 743 dissimulari
814 691 919 755 scripsi.
945 720 978 729 -
1005 694 1029 754 ὅ.
1048 694 1077 741 8:

94 791 184 843 quare
200 790 288 842 neque
306 774 383 828 tardi
401 790 463 827 sum
476 775 574 841 citimi,
592 780 626 829 ut
638 775 699 829 sine
711 791 760 842 spe
772 781 870 828 castra
882 775 1075 847 oppupaunda

95 875 236 923 censeam,
263 876 350 926 neque
365 860 449 915 ,tardi
474 861 596 927 tirrroris,
624 861 680 913 uti
706 877 766 928 spe
790 860 934 930 deficiamfl
962 861 1007 914 uti
1030 876 1077 928 spe

95 948 208 1013 scripsi3
227 946 309 1011 vulgo
328 947 400 1010 quod
419 947 496 995 codd.
515 948 649 1010 praebent
666 951 700 998 ui
717 946 786 1013 ipse.

201 1049 225 1084 o.
242 1034 284 1097 82,
304 1035 350 1083 12:
379 1047 464 1085 recres
483 1037 653 1086 orieraias
672 1032 900 1102 adducerimll
920 1034 1031 1082 eiciam
1050 1033 1078 1080 in

95 1120 187 1186 priore
206 1119 325 1170 editione
345 1119 493 1170 secundum
513 1122 627 1185 optimos
647 1119 732 1169 libros
751 1121 855 1184 scripsi.
879 1119 1035 1184 Nipperdey
1053 1127 1080 1168 et

97 1207 251 1272 superiores
275 1206 390 1256 editores
414 1204 564 1257 onerarias
589 1211 762 1271 receperant3
790 1207 902 1266 Kraner‚
925 1206 1029 1269 Dinter,
1048 1205 1079 1256 F.

96 1293 235 1344 Hofrnann
255 1291 422 1345 abduxerim
440 1293 592 1343 ediderunt.
623 1293 671 1343 sed
690 1298 817 1342 nontam
840 1291 979 1345 abductas
999 1308 1078 1359 quarn

97 1378 241 1442 adductas
266 1394 325 1428 esse
348 1378 398 1428 has
422 1393 522 1440 naves,
549 1384 643 1442 utpote
668 1378 703 1426 ad
728 1386 818 1427 castra
837 1378 1000 1428 Corneliana
1018 1379 1080 1429 vela

98 1465 216 1531 dirigere
234 1466 332 1523 iussas,
351 1481 385 1515 ex
402 1481 425 1514 c.
445 1465 486 1525 25,
506 1467 521 1514 6
540 1481 579 1530 sq.
598 1470 681 1529 patet.
709 1491 744 1501 -
770 1467 793 1526 ξ,
814 1465 858 1512 13:
883 1463 936 1515 dac
953 1478 1001 1515 uos
1020 1463 1080 1528 for·-

99 1553 172 1602 tuua
191 1553 274 1615 nique
291 1549 336 1601 liis
355 1548 473 1601 ducibus
491 1548 653 1615 repudiatis
673 1547 870 1612 Corfiniensem
888 1547 1080 1616 ipuomiuiam,

98 1633 206 1688 ltaliae
232 1634 344 1703 fucum,
379 1649 422 1686 uu
449 1633 663 1700 Hispaniarum
694 1632 864 1685 deditionem
891 1632 988 1698 Africi
1018 1634 1081 1687 beili

96 1719 282 1788 praeiudicia
294 1720 447 1787 sequemini
453 1719 484 1789 il]
504 1721 635 1770 mendosa
648 1720 757 1785 quidem
770 1726 834 1770 sunt
847 1720 978 1770 librorum
989 1722 1081 1783 verba,

98 1824 160 1858 oum
174 1823 268 1857 omnes
286 1805 323 1857 in
341 1805 446 1858 Italiae
464 1805 552 1874 fuya
570 1806 696 1868 habeant,
715 1808 835 1872 itemque
852 1805 890 1857 in
908 1813 971 1857 ante
984 1805 1082 1871 Africi

98 1894 202 1945 addant
220 1894 307 1957 (mitto
326 1893 522 1957 discrepantias
541 1894 569 1941 in
589 1893 679 1942 verbis
697 1891 795 1956 Africi
813 1890 876 1944 beili
895 1893 1014 1959 obvias),
1034 1894 1081 1944 sed

98 1997 162 2041 cum
181 1995 275 2030 omncs
294 1986 356 2030 ante
375 1978 589 2046 Hispaniarum
613 1981 775 2044 particulam
794 1993 837 2030 au
863 1980 1025 2044 praebeant,
1050 1996 1081 2028 ex

101 2069 180 2118 citius
200 2067 361 2131 repetitione
384 2067 427 2115 bis
451 2067 568 2131 positum
593 2065 663 2115 illud
685 2065 723 2116 iu
747 2071 858 2116 enatum
883 2081 942 2115 esse
966 2065 1082 2124 videtur,

99 2154 145 2215 rix
174 2151 295 2201 dubitari
321 2156 424 2215 potest,
455 2152 519 2215 quin
548 2150 706 2199 bimembris
732 2150 777 2199 hic
801 2150 873 2199 adsit
898 2151 1081 2216 interrogatio,

100 2239 192 2305 qualis
215 2239 273 2302 ipso
293 2238 423 2286 orationis
442 2236 557 2286 consilio
575 2237 722 2301 flagitatur.
754 2237 900 2301 propositis
919 2237 991 2285 enim
1010 2242 1082 2285 utra·

100 2339 216 2389 rumque
243 2324 360 2388 partium
388 2323 549 2372 condicione
577 2328 604 2371 et
627 2323 707 2372 rebus
731 2323 866 2386 utrimque
886 2322 982 2386 gestis,
1010 2320 1081 2370 unde

100 2413 183 2463 etiam
208 2409 406 2475 praeiudicium
429 2409 488 2458 fieri
512 2408 597 2473 possit
616 2408 650 2458 de
668 2408 736 2458 belli
754 2408 839 2457 Africi
858 2412 972 2466 eventu,
1001 2405 1082 2456 Curio

100 2499 156 2548 iam
174 2496 275 2546 milites
294 2498 452 2561 interrogat,
474 2501 549 2545 utras
567 2511 610 2545 res
628 2495 796 2561 praeiudicia
813 2494 900 2542 Africi
919 2492 987 2542 belli
1006 2495 1084 2557 sequi

100 2584 212 2647 malint,
232 2584 427 2634 Corfiniensem
445 2584 635 2648 ignominiam,
654 2582 752 2632 Italiae
770 2582 864 2646 fugam
883 2596 917 2630 an
936 2579 1083 2644 Hispania-

101 2687 161 2721 rum
192 2669 371 2730 deditionem,
403 2667 528 2718 Caesaris
555 2685 593 2718 sc.
616 2669 738 2718 victoriis
765 2671 956 2732 perpetratam.
987 2664 1084 2728 scripsi

101 2758 197 2822 itaque
222 2762 252 2806 ut
278 2756 306 2805 in
333 2755 471 2820 superiore
500 2754 618 2804 editione
642 2750 842 2818 sequemini.
878 2750 1035 2816 Nipperdey
1059 2756 1085 2800 et

102 2843 270 2893 recentiores
288 2840 449 2906 particulam
473 2854 512 2892 uu
535 2841 684 2890 omiserunt
707 2844 735 2888 ot
757 2835 907 2903 sequimini
930 2837 1085 2901 imperativi

101 2930 218 2980 formam
236 2943 295 2978 esse
314 2927 468 2978 voluerunt.

208 3029 231 3063 c.
249 3015 292 3078 ³3,
312 3016 341 3063 1:
367 3012 462 3065 erebro
481 3011 566 3064 etium
585 3011 760 3065 dicentem
778 3008 1016 3079 interpellabantfl
1037 3009 1085 3062 di·

101 3103 248 3166 centem,
275 3099 347 3165 quod
370 3099 449 3150 abest
472 3114 489 3148 a
506 3097 584 3148 codd.
604 3098 649 3153 ab
669 3103 696 3148 et
713 3098 808 3149 Peter.
827 3098 927 3161 (exstat
944 3111 1008 3146 vero
1027 3098 1055 3144 in
1074 3097 1090 3147 f

103 3193 131 3238 et
149 3186 287 3253 plerisque
306 3183 492 3249 Oudendorpii
514 3184 602 3249 libris)
622 3186 771 3234 omiserunt
788 3183 954 3249 Nipperdey,
972 3183 1085 3241 Kraner,

102 3273 231 3340 Ditbnor,
259 3271 291 3321 F.
309 3270 460 3332 Hofmann,
488 3285 583 3335 parum
606 3276 692 3332 reotc;
721 3269 905 3319 necessarium
930 3268 1001 3317 enirn
1026 3282 1085 3316 esse

104 3358 175 3409 illud
193 3359 365 3423 participium
384 3357 446 3407 inde
465 3355 642 3422 intellegitur,
663 3356 733 3420 quod
752 3355 842 3405 verbis
867 3352 951 3405 eiiam
974 3351 1086 3404 dieen-

104 3449 171 3497 tem
194 3441 414 3510 interpellabant
437 3443 534 3493 deinde
562 3449 734 3509 opponuntur
761 3439 997 3493 discedentem
1023 3452 1086 3490 uero

167 3529 368 3596 radamantum
392 3545 481 3595 neque
504 3527 590 3581 eiiam
613 3529 698 3579 habet
719 3543 771 3593 quo
790 3526 936 3587 referatur,
964 3540 1025 3573 curn
1045 3522 1087 3575 di-
