2376 3924
368 251 479 302 niens
496 252 571 314 vm,
592 252 669 303 cle.
688 254 798 304 rs-ss.
1010 254 1073 319 259

93 443 194 507 Hunc
207 442 374 508 Antonius
388 441 432 507 ad
447 442 715 528 persequendum
728 445 912 528 equitatum
929 444 1074 510 hostium

94 548 210 611 mittit.
233 545 425 611 Volusenus
442 545 487 610 ad
504 569 577 611 earn
593 547 763 630 virtutem,
787 568 872 631 quae
890 548 1095 632 singularis2

95 659 169 715 erat
186 652 220 714 in
237 672 286 734 eo,
310 671 467 734 magnum
485 650 598 715 odium
615 648 757 715 Commii
773 650 991 735 adiungebat,
1009 674 1073 737 quo

95 753 255 820 libentius
279 756 316 820 id
338 757 476 833 faceret,
501 755 591 842 quod
606 755 846 843 imperabatur.
870 757 989 842 Itaque
1007 756 1072 821 dis-

94 860 214 944 positis
239 859 374 925 insidiis
398 862 533 944 saepius
559 861 687 945 equites
717 861 788 925 eius
813 879 999 944 aggressus
1024 883 1073 925 se·

95 962 206 1027 cunda
219 963 348 1049 proelia
359 963 518 1028 faciebat.
541 964 743 1048 Novissime,
756 987 831 1029 cum
843 964 1095 1029 vehementiuss

95 1067 365 1150 contenderetur,
403 1089 443 1130 ac
472 1066 662 1132 Volusenus
698 1070 803 1154 ipsius
838 1068 1074 1153 intercipiendi

95 1169 237 1236 Commii
259 1171 447 1256 cupiditate
470 1172 677 1256 pertinacius
702 1194 776 1236 eum
791 1194 867 1237 cum
889 1173 1007 1259 paucis
1025 1173 1074 1236 in-

96 1285 230 1341 secutus
247 1284 348 1360 esset,
363 1275 421 1340 ille
438 1284 550 1342 autern
566 1277 647 1359 fuga
663 1275 853 1341 vehementi
865 1276 1074 1341 Volusenum

94 1379 309 1466 produxisset
344 1381 488 1464 longius,
522 1381 678 1444 inimicus
712 1380 838 1445 homini
868 1402 1001 1444 suorum
1026 1382 1074 1445 in-

95 1493 197 1549 vocat
231 1483 331 1549 iidem
359 1494 461 1570 atque
489 1483 663 1567 auxilium,
697 1507 740 1548 ne
769 1506 829 1549 sua
852 1483 993 1549 vulnera
1016 1507 1076 1569 per

94 1588 195 1653 fidem
225 1589 382 1674 imposita
410 1597 607 1674 paterentur
636 1589 811 1672 impunita,
846 1609 1075 1672 conversoque

96 1713 180 1777 equo
198 1714 234 1756 se
250 1714 270 1756 a
288 1693 411 1757 ceteris
435 1693 606 1756 incautius
624 1693 788 1777 permittit
806 1693 840 1755 in
856 1691 1073 1776 praefectum.

95 1795 241 1861 Faciunt
270 1795 333 1860 hoc
362 1795 449 1861 idem
482 1818 595 1861 omnes
628 1797 699 1860 eius
730 1797 858 1881 equites
882 1813 1095 1882 paucosque4

95 1908 229 1965 nostros
245 1910 448 1966 convertunt
464 1910 565 1985 atque
587 1906 816 1986 insequuntur.
841 1898 1009 1965 Commius
1026 1902 1096 1965 in·⁵

95 2026 233 2069 censum
256 2005 449 2071 calcaribus
466 2027 586 2090 equum
603 2005 780 2088 coniungit
804 2026 886 2090 equo
904 2003 1072 2086 Quadrati

95 2107 281 2194 lanceaque
314 2109 438 2172 infesta
473 2110 606 2192 magnis
629 2107 759 2173 viribus
793 2108 940 2173 medium
968 2109 1075 2173 femur

95 2213 211 2277 traicit
233 2212 407 2277 Voluseni.
430 2212 606 2277 Praefecto
622 2212 801 2277 vulnerato
825 2234 891 2276 non
916 2210 1095 2276 dubitante

94 2319 201 2382 nostri
225 2318 384 2381 resistere
408 2325 441 2381 et
465 2319 638 2381 conversis
663 2318 756 2401 equis
780 2316 909 2381 hostem
938 2315 1072 2402 pellere.

94 2420 193 2502 Quod
221 2419 278 2484 ubi
302 2420 441 2503 accidit,
475 2419 663 2504 complures
693 2418 839 2484 hostium
869 2440 992 2502 magno
1015 2439 1094 2483 not

94 2534 240 2589 strorum
263 2526 389 2609 impetu
411 2524 556 2609 perculsi
581 2523 803 2588 vulnerantur
826 2544 866 2587 ac
890 2523 1013 2607 partim
1037 2523 1070 2586 in

94 2629 175 2711 fuga
198 2637 425 2712 proteruntur,
449 2627 571 2713 partim
596 2625 864 2712 intercipiuntur.
904 2625 1003 2707 Quod
1026 2626 1073 2691 ibi

94 2731 219 2797 malum
243 2732 312 2797 dux
335 2735 411 2817 equi
434 2732 617 2798 velocitate
641 2733 801 2814 evitavit3
825 2753 865 2797 ac
882 2734 930 2797 sic
946 2731 1073 2818 proelio

95 2835 242 2901 secundo
267 2837 418 2919 graviter
449 2835 493 2901 ab
517 2858 555 2901 eo
580 2836 776 2901 vulneratus
805 2837 1006 2922 praefectus,
1036 2847 1073 2902 ut

93 2941 186 3005 vitae
197 2939 382 3025 periculum
395 2940 548 3005 aditurus
558 2940 739 3025 videretur,
752 2941 896 3005 refertur
904 2941 938 3004 in
947 2950 1071 3005 castra.

93 3041 263 3108 Commius
280 3052 392 3108 autern
409 3045 480 3109 sive
497 3046 634 3130 expiato
652 3065 712 3108 suo
730 3044 845 3108 dolore
862 3046 933 3109 sive
945 3062 1094 3128 magnas

93 3155 189 3231 parte
213 3148 339 3212 amissa
363 3169 498 3212 suorum
526 3146 659 3231 legatos
684 3147 729 3212 ad
752 3148 936 3213 Antonium
965 3150 1070 3213 mittit

95 3272 196 3336 seque
230 3261 264 3316 et
298 3251 344 3317 ibi
380 3251 537 3335 futurum,
575 3252 633 3317 ubi
666 3253 935 3338 praescripserit,
975 3262 1008 3315 et
1032 3274 1071 3317 ea

94 3355 272 3435 facturum,
296 3377 382 3440 quae
401 3358 584 3441 imperarit,
609 3355 782 3421 obsidibus
805 3357 931 3429 firmat;
969 3373 1092 3419 unumu

94 3456 181 3522 illud
209 3468 295 3543 orat,
325 3468 362 3524 ut
392 3460 504 3523 timori
536 3481 593 3524 suo
623 3459 839 3544 concedatur,
869 3483 912 3524 ne
935 3461 969 3523 in
993 3482 1069 3524 oon-

96 3571 244 3647 spectum
267 3564 384 3627 veniat
406 3564 604 3648 cuiusquam
626 3562 779 3627 Romani.
825 3562 928 3626 Cuius
958 3572 1072 3647 postu·

934 3663 987 3715 Ἦ*
