2376 3924
92 219 169 270 XXX
394 217 605 268 ADNO'PATIO
625 215 771 267 camos

94 411 147 461 hoc
164 424 263 460 nomen
282 407 316 457 ad
340 410 447 458 terram
468 406 604 472 pertinere
624 404 783 469 videbatur,
810 404 960 470 genuinum
978 405 1075 456 verbo·

93 513 154 547 rum
181 495 303 546 ordinem
330 493 492 543 immutavit.
517 520 553 530 -
579 491 604 558 §-
626 491 656 540 δε
687 490 818 544 Palaeste
843 505 893 557 pro
918 487 1075 544 Pharsalia

95 583 269 634 scribendum
288 595 347 631 esse
366 579 458 630 docuit
475 578 640 645 Nipperdey.

119 755 122 763 1
200 694 266 759 ci,
286 692 315 741 1:
342 688 435 743 Erat
460 687 538 743 Orici
560 688 714 742 Lucretius
730 688 851 758 Vespillo
876 693 903 742 et
924 687 1076 741 Mirrmias

96 776 213 847 Rufras]
241 780 331 842 erat,
355 774 428 841 quod
448 780 512 826 ante
530 774 724 841 Nipperdeium
743 775 887 840 legebatur
904 773 1032 840 quodque
1052 779 1078 824 et

97 867 114 920 f
137 871 165 916 et
191 865 288 930 reliqui
316 862 393 913 codd.
420 867 527 927 praeter
554 862 599 916 ab
626 862 743 926 habent,
770 863 853 913 etiam
876 877 949 912 nunc
968 862 1077 912 retinui.

97 955 181 1005 moret
199 951 231 1011 b,
259 951 340 1001 erat
357 964 385 1002 a.

202 1087 224 1121 c.
243 1071 267 1131 8,
287 1071 316 1118 4:
336 1085 354 1120 a
373 1067 491 1122 asnoios
510 1068 549 1121 od
569 1067 665 1122 Cmrici
679 1067 813 1138 portem]
833 1085 900 1120 corr.
914 1070 1078 1128 Mommsen;

101 1157 165 1207 libri
183 1171 201 1207 o
221 1153 335 1208 Salonis
354 1153 393 1207 ad
408 1153 485 1208 Orici
499 1158 616 1222 portem
634 1156 774 1221 praebent.

204 1293 226 1328 c.
246 1279 271 1337 9,
290 1278 320 1325 b:
348 1290 459 1342 quare
480 1275 575 1328 missis
593 1275 632 1328 od
652 1275 799 1328 Caesarem
817 1274 918 1344 lepaiis
938 1274 1080 1328 auxilium

99 1363 135 1416 ab
163 1379 193 1416 eo
216 1360 368 1432 petebant]
396 1378 506 1429 quare
533 1379 565 1412 er
591 1363 674 1413 Mich.
693 1364 770 1412 Bruti
789 1361 979 1413 emendatione
998 1363 1080 1412 etiem

101 1467 174 1501 nunc
193 1452 311 1502 scribere
330 1451 415 1501 malui
434 1465 513 1515 quam
533 1466 593 1500 cum
612 1449 778 1515 Nipperdeio
802 1450 907 1512 facere,
936 1450 984 1514 qui
1009 1447 1081 1498 codi-

101 1554 164 1589 cum
181 1538 265 1588 verba
288 1536 346 1604 qam
368 1535 505 1589 remissie
527 1537 555 1585 in
581 1535 639 1588 cmi
657 1535 709 1588 roi
727 1535 822 1588 missis
841 1535 1004 1602 corrigenda
1023 1549 1081 1586 esee

101 1625 216 1674 censuit.
251 1623 394 1688 quominus
422 1621 468 1674 cai
495 1620 537 1673 rei
564 1622 598 1672 ad
625 1621 768 1674 auxilium
795 1623 909 1684 referas,
936 1621 1082 1672 verborum

103 1710 248 1759 collocatio
267 1709 375 1779 obstare
394 1707 510 1758 videtur.
529 1734 564 1745 —
583 1710 606 1770 ς.
625 1710 654 1757 6:
674 1707 731 1775 ipsi
749 1723 836 1760 errarem
855 1706 936 1772 fecta
955 1722 1018 1760 cmm
1036 1705 1082 1774 iis,

102 1809 171 1861 quoe
189 1810 280 1862 reaper·
298 1792 446 1846 inanime
464 1791 671 1863 liberaverant]
700 1794 777 1847 codd.
801 1793 919 1846 matrimi
946 1794 1083 1858 exhibent,

103 1880 175 1945 quod
188 1880 273 1930 Aldus
291 1881 320 1927 in
338 1877 535 1944 meamumt'ssos,
555 1879 720 1945 Oudendorp
739 1879 768 1928 in
785 1878 907 1931 mraxime
923 1880 1084 1930 mutandum

103 1981 165 2015 esse
189 1973 362 2019 censuerunt.
393 1965 557 2031 Nipperdeio
576 1965 639 2015 Aldi
659 1967 815 2016 coniectura
838 1968 877 2016 ita
900 1966 1017 2031 probata
1035 1973 1085 2029 est,

104 2057 134 2102 ut
155 2049 343 2103 anartmatiseos
367 2068 421 2102 non
443 2052 551 2118 quidem
577 2054 723 2116 genuinam
742 2054 918 2118 scripturam,
946 2053 994 2103 sed
1014 2053 1085 2120 glos·

105 2154 179 2189 sema
202 2153 282 2204 super
304 2153 412 2188 versum
432 2139 562 2203 scriptum
580 2137 750 2205 (atammmia.)
774 2139 859 2188 fuisse
881 2138 1001 2204 indeque
1026 2154 1085 2191 mm-

104 2224 178 2278 tm'me
200 2227 229 2274 in
253 2230 354 2275 textum
379 2226 520 2290 irrepsisse
544 2230 675 2275 censeret.
706 2223 809 2274 delevit
835 2225 928 2290 itaque
955 2225 1086 2288 maxime,

105 2313 231 2378 idemque
254 2311 370 2372 Krener,
395 2311 505 2371 Dinter,
529 2310 560 2360 F.
579 2310 717 2360 Hosmann
745 2309 878 2360 fecerunt.
909 2309 1012 2360 Oehler
1033 2326 1086 2364 atm-

102 2398 225 2466 perm'me
253 2399 373 2463 scripsit,
403 2413 473 2447 unus
492 2397 605 2447 Diibner
628 2412 720 2463 reaper
738 2395 859 2448 maxime
882 2399 1013 2448 exaravit.
1044 2413 1087 2448 me

106 2486 216 2550 quidem
235 2486 379 2549 quominus
398 2483 468 2533 hanc
493 2485 640 2548 superioris
665 2483 793 2534 editionis
819 2484 978 2547 lectionem,
1005 2499 1087 2550 quam

106 2575 214 2636 praeter
232 2571 291 2620 cod.
311 2569 414 2620 Levan.
433 2568 550 2619 Vindob.
574 2569 589 2622 f
611 2585 643 2619 ex
662 2574 817 2619 correctura
835 2571 962 2634 praebet,
989 2571 1088 2621 retine·

107 2673 172 2717 rem,
192 2673 245 2706 non
265 2656 454 2706 deterruerunt
466 2656 573 2705 Dinteri
585 2656 677 2715 verba,
701 2647 830 2707 ‘maxime
849 2654 884 2704 ad
901 2670 994 2722 temper
1012 2655 1090 2707 addi·

107 2751 164 2794 tum
187 2760 241 2792 non
265 2743 344 2793 modo
371 2760 423 2793 non
448 2748 541 2807 aptum
566 2741 613 2793 sed
637 2741 784 2792 absurdum
807 2736 910 2793 videri?
943 2758 992 2793 cur
1016 2743 1089 2793 enim

107 2828 176 2878 illud
200 2827 321 2880 artissime
347 2830 447 2878 totiens
472 2828 663 2878 diversissimis
687 2828 778 2879 verbis
802 2828 836 2878 ad
859 2829 915 2878 vim
934 2843 1027 2878 eorum
1046 2845 1090 2878 ur·

110 2916 225 2980 gendam
253 2917 404 2980 appositum
434 2930 495 2963 cum
522 2929 613 2980 temper
641 2916 757 2964 maxime
786 2914 913 2964 adverbio
938 2915 1091 2964 consociari

110 3010 236 3067 nequeat,
255 3001 368 3050 Dintero
387 3000 557 3065 probandum
576 3001 711 3066 relinquo.
741 3006 833 3051 nostro
857 3006 930 3051 certe
954 3001 1016 3050 loco
1041 3016 1091 3052 sua

111 3088 139 3137 vi
157 3087 308 3137 adhibitum
327 3087 442 3145 videtur,
462 3089 533 3151 quod
553 3104 613 3137 cum
633 3087 813 3136 admiratione
828 3087 945 3151 quadam
958 3093 1090 3150 narratur,

112 3173 204 3240 oppidi
222 3172 382 3223 Salonarum
402 3173 475 3223 cives
494 3189 549 3223 una
568 3190 627 3223 cum
639 3175 694 3234 =iis,
723 3175 769 3238 qui
788 3172 867 3222 modo
886 3175 957 3223 servi
975 3173 1091 3236 fueraut,

112 3277 179 3327 quos
206 3275 296 3326 temper
323 3257 444 3311 maxime
467 3289 500 3296 -
524 3260 662 3309 ‘lriirrlich
687 3252 754 3310 erst'
778 3287 813 3298 -
835 3260 1033 3322 liberaverant,
1062 3261 1092 3309 in

113 3350 234 3413 proxima
253 3346 404 3396 Octaviana
430 3351 519 3394 castra
541 3346 689 3410 irrumpere
713 3361 795 3395 ausos
818 3347 908 3411 iisque
931 3348 1093 3413 expugnatis

114 3435 201 3485 altera
218 3433 282 3484 inde
302 3437 328 3481 et
346 3433 425 3482 tertia
444 3437 471 3481 et
489 3437 586 3496 quarta
604 3432 714 3483 adortos
733 3446 802 3483 esse.
820 3459 856 3471 -
873 3434 897 3496 9.
911 3433 942 3483 ‘le
962 3431 1017 3501 [bic
1033 3431 1094 3498 fuit

114 3519 335 3588 oppmpaom'oms
348 3516 460 3589 exilara]
473 3523 579 3571 auctor¹
837 3522 870 3567 ne
879 3520 974 3585 spuria
984 3519 1094 3572 inclusi.
