2376 3924
345 235 508 299 1111111111,
533 235 611 286 cre.
630 237 742 287 11-11.
991 238 1030 302 81

54 436 201 513 spectum
236 427 496 492 adversariorum
530 427 656 491 venerit
690 424 834 491 Caesar?
878 425 942 509 An,
977 430 1053 513 quir

54 531 230 596 incolumes
253 531 402 594 resistere
425 552 490 593 non
513 537 697 614 potuerunt,
721 529 838 614 perditi
859 532 1031 597 resistant?

54 658 112 700 vos
140 644 248 699 autem
276 636 399 699 incerta
427 635 562 698 victoria
591 631 764 698 Caesarem
792 635 892 697 secuti
921 633 1032 699 diiudi-

56 749 128 803 cata
151 741 215 802 iam
239 736 312 801 belli
334 737 465 801 fortuna
486 739 608 801 victum
631 739 820 822 sequamini,
845 756 918 802 cnm
932 741 1032 803 vestri

57 843 153 907 officii
187 842 330 926 praemia
364 842 531 926 percipere
554 840 722 906 debeatis?
767 843 923 905 Desertus
947 843 1053 905 enim⁷

55 968 89 1008 se
112 967 151 1008 ac
173 943 315 1029 proditos
339 967 359 1008 a
381 944 473 1009 vobis
502 943 613 1009 dicunt
636 954 668 1009 et
695 946 810 1029 prioris
839 947 1032 1009 sacramenti

54 1049 249 1112 mentionem
271 1047 401 1113 faciunt.
425 1048 534 1113 Vosne
557 1070 634 1114 vero
650 1048 689 1112 L.
706 1048 894 1130 Domitium,
918 1071 961 1112 an
975 1063 1054 1112 voss

55 1153 216 1215 Domitius
240 1151 404 1216 deseruit?
441 1152 556 1215 Nonne
579 1160 759 1216 extremam
782 1153 848 1237 pati
870 1151 1034 1216 fortunam

56 1264 185 1341 paratos
209 1257 344 1340 proiecit
365 1253 440 1319 ille?
463 1276 570 1319 nonne
593 1255 654 1318 sibi
677 1255 760 1318 clam
781 1254 874 1319 vobis
897 1253 1032 1318 salutem

55 1360 132 1443 fuga
156 1358 292 1443 petivit?
314 1379 421 1423 nonne
444 1357 561 1442 proditi
584 1379 643 1442 per
664 1358 752 1422 illum
768 1357 916 1422 Caesaris
938 1356 1032 1421 bene-

56 1463 127 1525 ficio
152 1463 227 1525 estis
250 1461 454 1525 conservati?
478 1460 687 1526 Sacramento
703 1460 834 1546 quidem
848 1482 907 1525 vos
922 1469 1054 1525 tenerer

57 1566 111 1647 qui
142 1564 254 1647 potuit,
285 1583 359 1626 cum
391 1561 540 1646 proiectis
573 1561 715 1628 fascibus
743 1571 776 1625 et
803 1562 947 1648 deposito
977 1565 1032 1627 im-

55 1667 144 1751 perio
178 1668 323 1750 privatus
351 1674 383 1728 et
412 1672 525 1750 captus
554 1666 622 1750 ipse
656 1667 690 1729 in
722 1665 860 1730 alienam
892 1669 1034 1731 venisset

56 1769 269 1854 potestatem?
292 1767 495 1853 Relinquitur
517 1791 602 1832 nova
624 1767 745 1854 religia,
768 1778 864 1833 uteo
887 1767 1033 1853 neglecto

57 1881 269 1953 sacramento,
308 1893 372 1957 quo
407 1873 569 1953 tenemini,
606 1872 784 1956 respiciatis
822 1871 910 1954 illud,
946 1872 1039 1957 quod*

56 1974 218 2040 deditione
243 1974 334 2039 ducis
357 1984 390 2039 ct
412 1975 526 2060 capitis
549 1974 766 2040 deminutione
789 1973 953 2057 sublatum
975 1985 1032 2040 est.

56 2079 111 2161 At,
146 2079 253 2161 credo,
277 2081 304 2143 si
326 2078 500 2144 Caesarem
532 2078 686 2164 probatis,
720 2080 753 2144 in
787 2103 838 2144 me
863 2077 1033 2143 offenditis.
1046 2092 1069 2130 1⁰

57 2185 122 2266 Qui
145 2183 186 2247 de
209 2184 288 2247 meis
311 2184 344 2246 in
366 2205 425 2247 vos
448 2184 569 2247 meritis
598 2181 842 2268 praedicaturus
865 2204 930 2247 non
953 2203 1033 2264 snm,

56 2310 140 2374 quae
163 2296 239 2352 sunt
261 2286 367 2351 adhuc
390 2296 422 2351 et
444 2307 517 2350 mea
539 2286 703 2350 voluntate
727 2295 759 2350 et
773 2296 883 2350 vestra
904 2307 1049 2371 exspec,

55 2393 176 2457 tatione
198 2389 335 2472 leviora3
359 2390 417 2455 sed
439 2399 548 2454 tamen
571 2391 620 2453 sui
643 2388 761 2453 laboris
775 2389 891 2453 milites
907 2410 1034 2473 semper

57 2504 176 2559 eventu
204 2492 279 2558 belli
307 2495 451 2579 praemia
480 2494 673 2578 petiverunt,
702 2493 757 2577 qui
787 2491 889 2576 qualis
920 2493 961 2555 sit
988 2492 1033 2554 fu-

57 2609 158 2679 turus,
181 2618 222 2661 ne
244 2618 302 2661 vos
326 2596 456 2681 quidem
479 2595 648 2660 dubitatis:
683 2594 882 2680 diligentiam
904 2594 1069 2679 quidemn

56 2710 201 2766 nostram
229 2710 294 2783 aut,
330 2722 426 2786 quem
455 2699 498 2764 ad
525 2700 624 2763 finem
653 2698 760 2763 adhuc
788 2720 839 2762 res
870 2700 1034 2783 processit,

56 2807 220 2871 fortunam
252 2827 309 2870 cur
337 2804 561 2890 praeteream?
606 2802 660 2867 An
688 2803 830 2888 poenitet
850 2823 919 2884 111,
949 2801 1035 2886 quod
1045 2821 1071 2862 11

57 2909 184 2974 salvum
217 2917 315 2993 atque
348 2906 540 2972 incolumem
574 2908 754 2971 exercitum
786 2905 873 2970 nulla
907 2907 1035 2971 omnino

56 3034 141 3078 nave
164 3009 348 3077 desiderata
370 3010 595 3076 traduxerim?
630 3010 717 3096 quod
739 3008 874 3074 classem
896 3011 1036 3076 hostium

57 3119 160 3203 primo
193 3117 316 3202 impetu
348 3113 525 3181 adveniens
559 3114 821 3201 profligayerim?
866 3112 953 3198 quod
986 3112 1035 3177 bis

56 3242 115 3307 per
137 3218 274 3287 biduum
294 3218 439 3307 equestri
458 3216 580 3305 proelio
602 3218 848 3305 superaverim?
883 3215 970 3301 quod
993 3238 1036 3279 ex

341 3344 354 3350 -
362 3320 472 3350 Ι-.·-.

56 3331 153 3411 portu
173 3324 308 3395 W--
556 3341 602 3389 tm
622 3336 664 3387 cc
685 3343 787 3386 naves
810 3328 958 3385 oneratas
981 3318 1035 3383 ad-

55 3426 148 3501 duxe
622 3444 666 3509 vn,
694 3432 732 3489 111
759 3443 865 3508 neque
893 3421 1035 3508 pedestri

38 3554 64 3617 :¹
676 3527 779 3593 iuvari
794 3526 938 3612 possint?
962 3526 1035 3590 Hac
1045 3541 1069 3581 n

889 3629 906 3678 b
