2376 3924
51 209 112 273 114
351 209 402 260 nn
420 208 539 260 senno
560 206 718 258 onnnroo

49 398 189 466 teriores
205 397 355 484 plerique
378 397 545 462 frumenta
562 418 629 462 non
652 403 778 480 serunt,
803 396 864 460 sed
886 396 975 462 lacte
995 407 1027 462 et

49 523 151 566 carne
173 501 292 566 vivunt
314 499 524 586 pellibusque
548 507 627 564 sunt
649 500 776 564 vestiti.
801 499 924 564 Omnes
948 522 1028 565 vero

51 629 86 672 se
109 606 265 671 Britanni
287 606 375 670 vitro
399 605 567 687 inficiunt,
598 604 686 690 quod
710 604 901 675 caeruleum
925 603 1029 668 elficit

50 710 205 793 colorem,
213 718 313 795 atque
323 707 386 774 hoc
395 707 598 773 horridiores
607 716 684 773 sunt
698 709 732 772 in
748 729 859 794 pugna
873 716 1030 793 aspectu3

28 811 240 898 scapilloque
257 820 333 876 sunt
349 811 513 896 promisso
534 821 638 896 atque
655 812 743 875 omni
766 821 863 896 parto
880 813 1030 897 corporis

28 932 129 980 trasa
152 924 286 1001 practer
309 921 410 999 caput
436 922 468 978 ot
490 912 622 980 labrum
639 916 800 1000 superius.
824 916 956 982 Uxores
972 916 1030 981 ha·

49 1019 131 1084 bent
148 1018 223 1084 deni
242 1016 452 1102 duodenique
468 1018 556 1082 inter
574 1039 610 1081 se
625 1039 817 1084 communes
835 1027 867 1084 et
884 1021 1031 1085 maxime

30 1122 170 1186 sfratres
187 1143 262 1187 cum
286 1120 448 1186 fratribus
470 1131 692 1208 parentesque
716 1144 791 1187 cum
814 1122 947 1207 liberis3
972 1125 1032 1190 sed

51 1227 107 1311 qui
132 1234 220 1290 sunt'
240 1247 283 1290 ex
312 1223 365 1290 his
388 1226 471 1309 nati,
496 1248 609 1291 eorum
633 1226 800 1292 habentur
828 1227 926 1292 liberi
934 1277 942 1311 ,
966 1249 1031 1311 quo

50 1330 192 1414 primum
214 1330 311 1412 virgo
335 1349 488 1415 quaeque
512 1329 660 1394 deducta
685 1340 746 1395 est.

139 1431 188 1497 15.
204 1431 345 1518 Equites
362 1431 508 1497 hostium
521 1432 752 1519 essedariique
766 1433 891 1499 acriter
906 1432 1033 1518 proelio

52 1559 127 1602 cum
150 1536 301 1623 equitatu
325 1546 439 1602 nostro
464 1537 498 1601 in
521 1538 641 1603 itinere
663 1538 897 1621 conflixerunt,
919 1546 1034 1601 tamen

51 1651 89 1706 ut
104 1643 212 1706 nostri
229 1641 382 1707 omnibus
405 1640 559 1727 partibus
577 1643 765 1727 superiores
785 1641 909 1707 fuerint
932 1648 1034 1725 atque

30 1745 161 1809 aeosin
179 1744 283 1809 silvas
296 1743 465 1830 collesque
478 1744 717 1830 compulerint3
735 1745 794 1810 sed
806 1741 1034 1829 compluribus

55 1847 241 1913 interfectis
255 1847 410 1934 cupidius
427 1849 572 1913 insecuti
584 1847 763 1915 nonnullos
777 1871 820 1914 ex
833 1849 902 1913 suis
916 1847 1035 1913 amise-

33 1961 146 2017 arunt.
163 1951 207 2016 At
224 1951 275 2017 illi
292 1954 481 2017 intermisso
499 1953 609 2037 spatio
626 1950 893 2038 imprudentibus
910 1951 1036 2016 nostris

54 2066 156 2142 atque
173 2057 346 2142 occupatis
363 2057 396 2122 in
410 2058 595 2122 munitione
611 2063 798 2123 castrorum
815 2054 927 2120 subito
941 2075 977 2118 se
993 2075 1037 2118 ex

56 2160 152 2224 silvis
177 2161 346 2225 eiecerunt
364 2160 553 2245 impetuque
570 2160 603 2224 in
621 2181 677 2224 eos
694 2159 798 2242 facto,
815 2159 872 2244 qui
889 2166 984 2222 erunt
1001 2158 1037 2222 in

59 2266 205 2330 statione
227 2287 287 2351 pro
312 2265 435 2330 castris
459 2263 626 2347 collocati,
651 2265 775 2329 acriter
789 2268 1037 2348 pugnaverunt,

29 2369 256 2454 tduabusque
289 2367 401 2433 missis
437 2365 586 2432 subsidio
621 2365 814 2432 cohortibus
847 2363 1038 2436 aansare

18 2488 31 2523 ⁴
58 2483 159 2560 atque
170 2473 222 2537 his
234 2473 351 2557 primis
364 2471 533 2554 legionum
545 2470 1038 2557 duarum,cumhaeperexiguo

57 2577 248 2642 intermisso
278 2574 344 2640 loci
369 2575 477 2660 spatio
502 2576 590 2639 inter
618 2596 654 2639 se
677 2573 927 2658 constitissent,
950 2594 1039 2638 novo

56 2702 180 2765 genere
202 2699 338 2764 pugnae
353 2678 542 2763 perterritis
566 2678 691 2744 nostris
708 2700 767 2764 per
782 2678 910 2744 medios
934 2677 1040 2743 auda·

56 2785 419 2869 eissimeperruperunt
428 2803 529 2868 seque
542 2780 620 2846 inde
632 2780 815 2848 incolumes
828 2789 1039 2868 receperunt.

29 2887 106 2952 ⁶Eo
133 2885 186 2950 die
210 2886 355 2967 Quintus
372 2885 539 2951 Laberius
555 2884 679 2968 Durus,
702 2885 858 2951 tribunus
881 2883 1037 2968 militum,

58 2989 270 3055 interficitur.
314 2987 370 3053 Illi
392 2988 544 3074 pluribus
570 2988 746 3054 submissis
770 2987 966 3055 cohortibus
989 3011 1041 3054 re-

56 3092 239 3180 pelluntur.

145 3194 194 3260 16.
218 3195 303 3262 Toto
320 3196 435 3261 hocin
452 3217 575 3279 genere
590 3216 734 3281 pugnae,
759 3217 833 3261 cum
849 3194 912 3260 sub
930 3193 1040 3262 oeulis

53 3303 204 3368 omnium
228 3323 268 3366 ac
284 3323 344 3387 pro
368 3303 492 3366 castris
511 3300 739 3384 dimicaretur,
763 3299 973 3366 intellectum
989 3309 1042 3366 est

53 3414 185 3471 nostros
208 3415 344 3492 propter
374 3408 580 3492 gravitatem
610 3427 790 3489 armorum,
814 3402 910 3492 qod
933 3424 1044 3490 neque

53 3509 184 3594 insequi
200 3508 361 3575 cedentes
377 3516 515 3594 possent
531 3530 638 3592 neque
661 3507 704 3573 ab
729 3508 836 3592 signis
861 3505 1042 3575 discedere
