2376 3924
148 222 190 284 9ss
453 221 503 271 nu
521 221 642 273 saleto
662 222 820 273 osnnmo

146 414 367 500 postularent,
381 421 419 477 ut
428 434 513 498 quae
522 411 664 478 celerem
677 424 778 500 atque
791 414 984 480 instabilem
996 423 1123 480 motum

147 517 322 601 haberent,
346 517 531 583 adnutum
562 528 594 583 et
623 519 666 583 ad
690 527 821 605 tempus
851 541 964 584 omnes
994 542 1048 585 res
1079 517 1123 585 ab

126 623 190 686 siis
215 621 543 688 administrarentur.
588 623 651 687 His
683 623 830 689 dimissis
860 633 893 689 et
923 634 1060 688 ventum
1091 634 1124 688 et

149 735 279 791 aestum
302 751 367 792 uno
392 736 540 813 tempore
562 738 684 793 nactus
709 727 892 793 secundum
916 727 996 792 dato
1026 727 1123 810 signo

149 838 183 894 et
206 829 349 894 sublatis
373 831 507 895 ancoris
531 831 668 895 circiter
690 829 784 895 milia
815 853 973 916 passuum
997 839 1123 915 septem

131 1010 133 1013 .
149 932 192 996 ab
217 954 254 997 eo
278 931 352 997 loco
376 954 574 1018 progressus
598 944 714 1018 aperto
732 956 772 999 ac
787 934 889 1020 plano
905 935 1003 1007 litore
1019 958 1124 999 naves

149 1037 336 1100 constituit.
1103 1106 1105 1111 ¹

234 1137 286 1203 24.
320 1139 366 1205 At
389 1140 537 1225 barbari,
562 1142 705 1208 consilio
728 1143 953 1208 Romanorum
976 1142 1124 1225 cognito,

149 1246 334 1330 praemisso
359 1244 511 1330 equitatu
542 1255 575 1310 et
606 1245 805 1330 essedariis,
837 1268 901 1332 quo
930 1244 1125 1332 plerumque

150 1370 273 1431 genere
297 1349 331 1412 in
361 1348 498 1434 proeliis
530 1351 580 1413 uti
603 1358 818 1432 consuerunt,
849 1349 988 1434 reliquis
1016 1349 1125 1433 copiis

128 1453 322 1519 rsubsecuti
338 1461 470 1517 nostros
487 1452 631 1517 navibus
651 1452 766 1536 egredi
782 1451 1016 1538 prohibebant.
1040 1451 1124 1516 Erat

151 1558 192 1623 ob
208 1558 269 1623 has
287 1577 407 1621 causas
425 1577 552 1621 summa
566 1555 758 1639 difficultas,
771 1555 861 1641 quod
872 1578 978 1621 naves
990 1565 1126 1641 propter

150 1659 418 1744 magnitudinem
441 1661 507 1724 nisi
530 1661 565 1725 in
589 1660 657 1725 alto
681 1661 842 1725 constitui
869 1682 936 1725 non
959 1668 1125 1746 poterant,

150 1765 314 1831 militibus
338 1774 450 1830 autem
480 1765 605 1849 ignotis
629 1764 729 1849 loeis,
759 1763 928 1851 impeditis
959 1763 1125 1843 manibus,

150 1890 273 1952 magno
299 1880 331 1933 et
355 1870 452 1952 gravi
477 1890 577 1933 onere
594 1890 762 1932 armorum
779 1869 947 1954 oppressis
971 1866 1069 1933 simul
1093 1876 1127 1930 ct

152 1973 193 2037 de
206 1971 350 2037 navibus
368 1971 591 2037 desiliendum
607 1983 640 2037 ct
658 1974 691 2037 in
703 1971 861 2037 fluctibus
873 1970 1126 2037 consistendum

128 2087 183 2142 set
207 2099 283 2142 cum
304 2074 458 2141 hostibus
482 2087 556 2142 erat
578 2076 806 2162 pugnandum,
829 2097 906 2141 cum
928 2074 979 2140 illi
1001 2083 1059 2140 aut
1084 2097 1126 2139 cx

150 2180 246 2246 arido
281 2190 340 2246 aut
373 2179 510 2266 paulum
543 2182 577 2246 in
612 2203 734 2267 aquam
766 2180 938 2265 progressi
973 2178 1126 2243 omnibus

150 2281 308 2349 membris
338 2284 525 2369 expeditis,
555 2286 740 2349 notissimis
764 2284 848 2349 loeis
872 2283 1036 2350 audacter
1058 2281 1127 2347 tela

128 2389 343 2453 sconioerent
368 2396 400 2452 et
425 2409 527 2474 equos
551 2388 759 2454 insuefactos
775 2387 968 2453 incitarent.
996 2385 1126 2468 Quibus

151 2491 251 2556 rebus
275 2493 384 2557 nostri
406 2493 578 2578 perterriti
603 2501 704 2578 atque
721 2491 818 2556 huius
835 2492 969 2557 omnino
993 2491 1127 2575 generis

152 2617 284 2679 pugnae
300 2597 445 2682 imperiti
462 2618 528 2662 non
546 2595 663 2660 eadem
676 2595 857 2661 alacritate
869 2616 911 2661 ac
924 2594 1047 2678 studio,
1063 2616 1128 2681 quo

152 2702 185 2762 in
208 2698 420 2784 pedestribus
444 2700 495 2764 uti
518 2699 654 2785 proeliis
678 2708 892 2782 consuerant,
919 2696 1128 2765 nitebantur.

237 2801 288 2867 25.
307 2801 610 2883 Quodubiansar
619 2803 872 2886 animadvertit,
881 2824 988 2869 naves
995 2802 1128 2889 longas,

152 2929 293 2992 quarum
307 2917 339 2972 et
353 2908 481 2993 species
495 2916 568 2972 erat
583 2905 741 2972 barbaris
758 2908 954 2973 inusitatior
969 2916 1005 2973 et
1018 2916 1128 2973 motus

152 3010 198 3074 ad
220 3032 316 3076 usum
339 3009 540 3096 expeditior,
562 3009 698 3096 paulum
722 3010 887 3075 removeri
903 3007 948 3075 ab
964 3009 1128 3075 onerariis

152 3113 296 3180 navibus
321 3123 353 3178 et
377 3115 477 3180 remis
502 3115 637 3179 incitari
662 3124 694 3180 et
719 3112 764 3179 ad
786 3113 876 3180 latus
900 3121 1054 3199 apertum
1071 3112 1129 3177 ho-

154 3220 255 3284 stium
270 3219 431 3283 constitui
444 3226 545 3302 atque
557 3217 636 3283 inde
647 3217 772 3301 fundis,
789 3218 937 3300 sagittis,
954 3217 1129 3282 tormentis

152 3322 267 3388 hostes
282 3319 426 3408 propelli
443 3343 482 3386 ac
501 3319 692 3387 submoveri
704 3322 820 3404 iussit;
836 3342 921 3406 quae
936 3341 990 3384 res
1006 3338 1129 3401 magno

133 3426 230 3490 ausui
253 3425 379 3491 nostris
403 3425 476 3490 fuit.
510 3424 596 3491 Nam
619 3433 653 3489 et
676 3426 814 3490 navium
835 3424 945 3507 figura
968 3430 1001 3487 et
1024 3443 1129 3488 remo·

155 3552 227 3594 rum
243 3537 335 3594 motu
359 3538 392 3594 et
415 3529 578 3595 inusitato
595 3549 718 3613 genere
733 3534 973 3595 tormentorum
988 3526 1131 3613 permoti
