2376 3924
154 221 197 288 20
460 226 510 276 Ds
528 221 649 276 BELLO
669 221 827 287 anumco

153 411 321 482 iacerent:
343 417 433 502 ipsos
458 414 582 502 oppida
597 417 766 503 vicosque,
790 438 871 504 quos
895 414 1132 502 incenderant,

131 523 331 590 arestituere
347 521 456 586 iussit.
479 519 576 586 Idea
598 522 745 586 maxime
768 523 899 586 ratione
922 520 1015 606 fecit,
1040 522 1132 608 quod

153 623 260 690 noluit
284 647 358 690 eum
379 623 499 708 locum,
522 622 612 689 unde
635 623 785 690 Helvetii
809 623 1047 708 discesserant,
1070 647 1130 690 va·

152 751 242 815 care,
264 752 307 795 ne
329 735 466 814 propter
487 725 673 793 bonitatem
696 747 854 811 agrorum
877 725 1048 811 Germani,
1072 729 1129 815 qui

151 844 247 900 trans
259 832 410 899 Rhenum
423 830 585 915 incolunt,
600 854 617 896 e
630 831 699 896 suis
710 830 833 897 finibus
846 832 882 896 in
894 831 1130 897 Helvetiorum

151 939 234 1003 fines
251 936 436 1005 transirent
460 946 494 1002 et
515 936 649 1001 finitimi
666 933 802 1002 Galliae
822 936 1019 1023 provinciae
1035 934 1130 1002 Allo·

129 1041 378 1129 sbrogibusque
395 1049 518 1107 essent.
552 1041 652 1107 Boios
668 1041 861 1128 petentibus
877 1041 1016 1126 Aeduis,
1039 1041 1130 1128 quod

152 1147 289 1230 egregia
312 1147 438 1211 virtute
462 1156 559 1211 erant
587 1146 732 1230 cogniti,
765 1154 803 1211 ut
836 1147 871 1210 in
904 1145 1028 1212 finibus
1057 1147 1128 1210 suis

151 1247 368 1334 collocarent,
397 1249 583 1332 concessit3
618 1248 739 1336 quibus
763 1247 814 1314 illi
837 1270 937 1333 agros
962 1248 1129 1316 dederunt

150 1374 299 1438 quosque
321 1362 440 1438 postea
456 1353 491 1417 in
509 1374 624 1438 parem
647 1353 730 1417 iuris
752 1351 988 1438 libertatisque
1012 1353 1128 1419 condi-

149 1458 290 1542 cionem,
313 1466 414 1543 ntque
438 1458 503 1543 ipsi
526 1465 632 1540 erant,
655 1466 863 1541 receperunt.

236 1559 287 1626 29.
324 1562 365 1627 In
394 1563 518 1627 castris
541 1560 774 1627 Helvetiorum
807 1561 946 1628 tabulae
973 1572 1128 1648 repertae

150 1672 227 1730 sunt
250 1664 374 1731 litteris
391 1663 534 1731 Graecis
558 1665 733 1731 confectae
756 1674 790 1731 et
812 1664 858 1731 ad
873 1663 1053 1732 Gaesarem
1075 1689 1127 1732 re·

150 1767 259 1854 latae,
283 1768 404 1855 quibus
427 1771 463 1835 in
487 1768 615 1836 tabulis
637 1770 836 1835 nominatim
858 1770 947 1835 ratio
970 1769 1126 1836 confecta

150 1881 239 1957 erat,
268 1875 325 1959 qui
347 1894 504 1939 numerus
529 1872 626 1938 domo
650 1874 777 1939 exisset
799 1893 928 1957 eorum,
952 1874 1008 1958 qui
1031 1895 1127 1939 arma

148 1976 235 2041 ferre
257 1985 405 2063 possent,
437 1985 469 2041 et
493 1978 574 2043 item
597 1977 780 2063 separatim
802 1977 906 2062 pueri,
937 1997 1033 2040 senes
1056 1998 1127 2042 mu·

126 2079 324 2166 alieresque.
378 2079 527 2161 Quarum
563 2082 710 2146 omnium
743 2102 854 2146 rerum
889 2101 1016 2145 summa
1052 2089 1127 2147 erat

148 2185 297 2270 capitum
332 2183 565 2250 Helvetiorum
596 2182 690 2249 milia
726 2198 872 2265 ocnxnl,
903 2181 1126 2267 Tulingorum

147 2287 242 2353 milia
258 2305 380 2371 xxxvr,
402 2287 644 2354 Latovieorum
665 2304 756 2371 xlm,
778 2286 1007 2352 Rauracorum
1022 2303 1126 2372 xxm,

147 2391 305 2456 Boiorum
334 2408 452 2475 xxxl13
486 2413 530 2456 ex
562 2389 615 2455 his
649 2392 705 2476 qui
739 2412 833 2456 arma
861 2390 948 2455 ferre
975 2399 1126 2477 possent,

149 2494 194 2560 ad
215 2493 310 2560 milia
334 2495 522 2578 nonaginta
547 2492 622 2559 duo.
661 2491 797 2559 Summa
820 2495 966 2559 omnium
989 2493 1126 2560 fuerunt

127 2597 193 2662 aad
215 2598 309 2664 milia
327 2613 510 2662 cccuxvm.
548 2595 683 2680 Eorum,
707 2598 764 2683 qui
788 2595 920 2682 domum
943 2595 1127 2681 redierunt,

146 2724 250 2767 censu
273 2700 401 2785 habito,
425 2711 461 2766 ut
486 2699 613 2767 ansar
635 2702 872 2786 imperaverat,
895 2709 1047 2786 repertus
1071 2710 1124 2766 est

146 2829 304 2872 numerus
327 2804 455 2871 milium
479 2821 499 2869 c
522 2813 555 2870 et
575 2822 608 2870 x.

231 2907 282 2973 30.
307 2908 403 2974 Bello
415 2908 648 2975 Helvetiorum
664 2908 817 2975 confecto
833 2911 938 2976 totius
954 2908 1025 2974 fere
1042 2905 1124 2973 Gal·

145 3013 211 3078 liae
226 3012 345 3097 legati,
360 3014 530 3098 principes
546 3013 734 3097 civitatum,
751 3011 795 3078 ad
812 3011 991 3078 Caesarem
1008 3022 1124 3095 gratu·

124 3116 250 3182 alatum
274 3124 519 3182 convenerunt:
551 3116 748 3201 intellegere
780 3139 868 3200 sese,
903 3115 1039 3183 tametsi
1061 3137 1123 3202 pro

145 3220 316 3287 veteribus
339 3219 573 3285 Helvetiorum
607 3222 738 3286 iniuriis
768 3221 884 3306 populi
906 3220 1048 3286 Romani
1078 3217 1123 3285 ab

121 3324 199 3389 -ahis
222 3345 349 3409 poenas
372 3321 462 3388 bello
485 3324 681 3409 repetisset,
716 3333 830 3389 tamen
859 3346 933 3389 eam
961 3345 1032 3389 rem
1053 3343 1123 3388 non

146 3429 256 3515 minus
279 3450 322 3492 ex
344 3447 407 3492 usu
429 3431 542 3492 terrae
566 3424 700 3491 Galliae
724 3448 824 3512 quam
847 3425 962 3514 populi
977 3426 1123 3493 Romani

141 3518 323 3615 accidisse,
346 3538 523 3617 propterea
543 3529 633 3616 quod
656 3551 694 3595 eo
718 3530 858 3596 consilio
873 3531 1122 3598 florentissimis
