2376 3924
417 233 528 284 urana
545 235 591 297 v1,
611 234 688 285 cnr.
709 237 782 284 1-2.
1027 197 1087 297 Ι143

109 426 296 492 Antistium
304 423 480 507 Reginum,
493 422 605 488 Titum
614 421 907 506 Sextiumlegatos
922 422 1087 488 delectum

109 530 236 596 habere
259 527 424 611 instituit3
460 527 559 593 simul
583 525 625 592 ab
651 525 745 591 Gneo
769 527 926 612 Pompeio
949 544 1111 613 procer-2

113 633 183 698 sule
212 633 309 718 petit,
344 632 501 716 quoniam
530 631 601 716 ipse
630 630 674 696 ad
703 630 817 696 urbem
847 653 922 696 cum
950 633 1089 717 imperio

111 734 340 822 reipublicae
370 756 475 799 causa
504 743 705 818 remaneret,
744 755 825 819 quos
849 757 892 799 ex
915 733 1090 820 Cisalpine

113 839 228 906 Gallia
258 836 405 903 consulis
441 846 652 902 sacramento
682 839 883 921 rogavisset,
918 837 962 901 ad
993 839 1090 921 signa

110 943 294 1009 convenire
318 950 350 1006 et
375 940 420 1005 ad
443 963 478 1006 se
501 941 669 1025 proficisci
693 939 833 1018 iuberet,
857 942 971 1024 magni
988 941 1113 1005 inter-3

112 1069 187 1113 esse
204 1047 306 1111 etiam
322 1046 356 1109 in
372 1042 538 1130 reliquum
550 1053 681 1130 tempus
695 1043 739 1108 ad
752 1044 941 1130 opinionem
958 1042 1092 1108 Galliac

112 1151 313 1217 existimans
336 1157 455 1214 tantas
477 1147 585 1212 videri
614 1146 737 1213 Italiae
765 1146 957 1230 facultates,
987 1158 1033 1230 ut,
1064 1142 1092 1211 si

113 1253 195 1342 quid
219 1263 308 1318 esset
332 1251 471 1318 inbelle
489 1252 681 1317 detrimenti
698 1261 882 1338 acceptum,
905 1273 972 1316 non
994 1251 1092 1316 modo

114 1358 150 1424 id
173 1357 270 1423 brevi
298 1366 447 1443 tempore
475 1357 644 1440 resarciri,
680 1356 740 1421 sed
775 1357 876 1422 etiam
910 1355 1093 1421 maioribus

115 1463 234 1546 augeri
262 1463 368 1548 copiis
398 1470 523 1547 posset.
556 1459 654 1541 Quod
678 1483 752 1526 cum
774 1461 950 1546 Pompeius
975 1470 1007 1524 et
1030 1453 1116 1525 rei-4

115 1565 273 1653 publicae
297 1575 330 1630 et
353 1567 525 1631 amicitiae
548 1565 733 1648 tribuisset,
762 1565 918 1629 celeriter
941 1564 1093 1629 confecto

115 1692 175 1758 per
199 1690 275 1735 suos
300 1668 434 1735 delectu
462 1668 570 1734 tribus
602 1679 680 1735 ante
711 1678 867 1735 exactam
896 1669 1038 1734 hiemem
1062 1678 1094 1732 et

117 1774 311 1839 constitutis
328 1781 361 1837 et
373 1772 529 1839 adductis
538 1773 728 1857 legionibus
737 1773 974 1859 duplicatoque
982 1795 1095 1837 carum

118 1876 306 1942 cohortium
328 1898 474 1960 numero,
499 1900 581 1963 quas
605 1899 681 1942 cum
705 1876 744 1958 Q.
768 1877 899 1942 Titurio
924 1879 1095 1956 amiserat,

119 1989 151 2045 et
176 1979 352 2046 celeritate
376 1988 409 2044 et
433 1981 539 2066 copiis
565 1981 689 2065 docuit,
714 1980 794 2068 quid
817 1981 931 2067 populi
954 1981 1096 2045 Romani

119 2083 300 2170 disciplina
324 2093 425 2170 etque
449 2106 527 2170 opes
550 2093 697 2170 possent.

223 2185 253 2252 2.
265 2187 448 2254 Interfecto
464 2187 705 2271 Indutiomaro,
719 2197 755 2253 ut
774 2188 955 2270 docuimus,
970 2187 1097 2251 adeius

118 2291 324 2379 propinquos
347 2313 368 2355 a
384 2290 541 2358 Treveris
565 2293 741 2377 imperium
767 2291 923 2357 defertur.
947 2291 1002 2356 Illi
1025 2291 1097 2354 fini-

118 2396 221 2461 timos
234 2392 420 2461 Germanos
435 2395 618 2462 sollicitare
632 2404 664 2460 et
677 2397 854 2481 pecuniam
866 2393 1020 2479 polliceri
1031 2417 1097 2458 non

121 2501 302 2566 desistunt.
337 2498 418 2565 Cum
436 2522 456 2564 a
472 2500 633 2586 proximis
658 2501 839 2583 impetrare
860 2520 927 2562 non
950 2507 1120 2584 possent,2

119 2603 299 2670 ulteriores
320 2610 497 2689 temptant.
532 2604 685 2668 Inventis
707 2601 877 2667 nonnullis
900 2601 1098 2668 civitatibus

120 2704 339 2774 iureiurando
356 2707 444 2773 inter
461 2729 496 2773 se
513 2707 712 2773 confirmant
731 2706 970 2792 obsidibusque
988 2706 1029 2770 de
1044 2728 1099 2791 po-

122 2812 225 2878 cunia
241 2818 382 2895 cavent,
405 2810 637 2895 Ambiorigem
654 2811 719 2877 sibi
736 2814 899 2876 socictate
918 2821 950 2875 et
966 2809 1101 2874 foedere

121 2911 1122 2999 adiunguntQuibusrebuscognitisansar,cumundiques

120 3018 250 3086 bellum
260 3018 375 3105 parari
387 3016 528 3101 videret,
541 3017 694 3100 Nervios,
706 3016 904 3081 Aduatucos
913 3023 974 3091 [ac]
987 3017 1101 3081 Mena-

122 3126 198 3211 pios
223 3120 394 3188 adiunctis
410 3119 629 3187 Cisrhenanis
654 3120 806 3186 omnibus
825 3119 1003 3186 Germanis
1028 3144 1102 3186 ease

123 3233 159 3296 in
172 3228 289 3311 armis,
313 3224 463 3292 Senones
487 3225 532 3292 ad
548 3228 748 3313 imperatum
764 3249 831 3291 non
847 3226 962 3290 venire
979 3234 1010 3319 et
1028 3246 1101 3288 cum

122 3330 332 3401 Carnutibus
339 3330 759 3418 finitimisquecivitatibus
767 3330 909 3395 consilia
922 3329 1102 3394 communi-

116 3440 217 3522 care,
230 3434 417 3502 a'Ircveris
431 3432 619 3503 Germanos
632 3435 760 3502 crebris
773 3433 999 3520 legationibus
1014 3431 1103 3497 solli·

123 3541 239 3625 citari,
262 3542 428 3606 maturius
453 3539 518 3606 sibi
542 3540 583 3605 de
606 3539 694 3604 bello
719 3537 937 3621 cogitandum
961 3538 1105 3623 putavit.
