2376 3924
123 213 165 278 56
453 211 502 261 DE
521 211 641 263 BELLO
661 210 775 262 clvlm

123 402 270 468 omnibus
286 401 398 466 datum
420 422 547 487 semper
570 401 835 487 imperatoribus,
859 410 896 466 ut
918 400 1019 468 rebus
1043 404 1113 470 feli-

123 510 202 572 citer
230 507 329 591 gestis
358 514 414 570 aut
443 526 517 569 cum
545 504 666 570 honore
696 504 802 590 aliquo
831 516 888 570 aut
916 514 1005 570 certe
1040 509 1114 574 sine

122 611 297 696 ignominia
308 608 440 673 domum
454 617 660 674 revertantur
677 610 920 695 exercitumque
933 608 1113 677 dimittant.

89 751 112 788 ῃ
123 716 216 797 Quae
250 724 360 778 tamen
389 714 495 777 omnia
524 722 556 777 et
583 735 617 777 se
646 713 756 778 tulisse
785 715 946 799 patienter
975 721 1009 778 et
1037 737 1114 780 esse

123 821 278 902 laturum,
302 841 408 904 neque
430 817 573 883 nuncid
596 840 704 902 agere,
727 825 764 881 ut
786 816 828 882 ab
851 817 911 883 illis
928 817 1113 885 abductum

123 925 302 1001 exercitum
324 929 433 986 teneat
455 922 533 1006 ipsc,
562 921 648 1006 quod
671 930 780 986 tamen
804 920 864 986 sibi
887 920 1019 986 difficile
1043 945 1114 988 non

122 1030 177 1110 sit,
208 1027 265 1090 sed
287 1048 327 1089 ne
350 1023 393 1088 illi
421 1023 579 1106 habeant,
610 1047 674 1110 quo
704 1032 817 1089 contra
844 1047 879 1089 se
902 1026 949 1088 uti
971 1027 1112 1111 possint.

90 1165 113 1204 12
122 1130 272 1212 Proinde,
296 1138 332 1193 ut
355 1137 439 1192 esset
457 1128 587 1212 dictum,
611 1130 784 1215 provinciis
801 1128 999 1194 excederent
1015 1152 1112 1194 exer·

123 1238 286 1320 citumque
303 1233 518 1317 dimitterent3
543 1235 569 1298 si
591 1233 625 1298 id
648 1235 689 1298 sit
710 1233 842 1316 factum,
866 1255 900 1298 se
922 1234 1113 1300 nociturum

123 1341 251 1404 nemini.
286 1339 382 1403 Hanc
396 1359 495 1402 unam
511 1345 609 1422 atque
632 1345 813 1402 extremam
835 1359 905 1403 esse
928 1338 1018 1423 pacis
1037 1360 1113 1403 con-

124 1445 292 1509 dicionem.

210 1548 260 1612 86.
295 1547 334 1611 Id
357 1569 435 1611 vcro
464 1545 616 1612 militibus
643 1546 704 1610 fuit
731 1554 920 1633 pergratum
943 1554 975 1611 ct
997 1547 1113 1612 iucun-

124 1653 216 1734 dum,
246 1662 283 1717 ut
311 1674 353 1715 cx
380 1653 451 1737 ipsa
479 1651 711 1735 significatione
741 1652 890 1735 cognosci
913 1651 1032 1736 potuit,
1064 1661 1112 1736 ut,

125 1758 179 1841 qui
214 1754 335 1841 aliquid
368 1756 442 1818 iusti
470 1754 665 1819 incommodi
697 1755 989 1840 exspectavissent,
1023 1753 1112 1820 ultro

102 1861 304 1946 ‚praemium
332 1860 490 1923 missionis
518 1859 649 1922 ferrent.
694 1859 780 1922 Nam
809 1880 883 1922 cum
911 1858 952 1922 de
978 1856 1049 1922 loeo
1078 1867 1113 1924 et

124 1973 270 2048 tempore
298 1964 366 2026 eius
393 1964 440 2026 rei
464 1963 683 2028 controversia
705 1962 894 2044 inferretur,
918 1969 950 2025 et
971 1982 1053 2025 voce
1077 1971 1112 2026 et

124 2066 272 2132 manibus
288 2067 431 2130 universi
447 2087 490 2129 ex
504 2064 598 2148 vallo,
618 2063 674 2129 ubi
690 2067 909 2148 constiterant,
924 2064 1111 2149 significare

124 2179 308 2257 coeperunt,
331 2179 367 2234 ut
390 2172 498 2234 statim
514 2169 761 2253 dimitterentur,
785 2191 892 2254 neque
909 2171 994 2235 omni
1009 2171 1110 2234 inter·

124 2278 228 2362 posita
255 2275 320 2340 fide
349 2275 479 2338 firmum
508 2296 577 2338 esse
606 2295 714 2360 posse,
749 2276 776 2338 si
803 2274 837 2337 in
866 2272 952 2338 aliud
979 2281 1110 2359 tempus

102 2380 318 2451 adifferrctur.
364 2380 481 2443 Paucis
510 2400 584 2443 cum
611 2387 696 2442 esset
723 2380 757 2442 in
785 2386 957 2463 utramque
980 2386 1110 2462 partem

125 2483 233 2548 verbis
256 2483 464 2571 disputatum,
488 2505 540 2547 res
562 2482 626 2547 huc
649 2482 829 2566 deducitur,
852 2492 889 2547 ut
911 2484 950 2566 ei,
974 2483 1029 2567 qui
1052 2481 1108 2547 ha-

124 2587 223 2651 beant
245 2586 440 2652 domicilium
463 2595 519 2650 aut
542 2586 775 2671 possessionem
797 2588 831 2649 in
852 2586 1021 2671 Hispania,
1046 2594 1108 2651 sta-

102 2693 191 2772 rtim,
222 2690 336 2775 reliqui
359 2689 401 2754 ad
424 2690 550 2753 Varum
571 2688 692 2753 flumen
715 2689 933 2772 dimittantur,
963 2690 1109 2775 nequid

125 2797 170 2857 eis
198 2803 367 2875 noceatur,
397 2815 461 2858 neu
488 2793 559 2877 quis
587 2794 707 2857 invitus
737 2801 976 2858 sacramentum
998 2792 1108 2859 dicere

125 2905 269 2981 cogatur,
293 2919 313 2959 a
335 2895 476 2960 Caesare
499 2904 642 2960 cavetur.

213 2997 263 3061 87.
300 2997 421 3063 ansar
455 3022 498 3064 ex
531 3021 569 3064 eo
602 3007 764 3084 tempore,
800 2999 877 3064 dum
911 2999 953 3064 ad
985 2998 1109 3065 flumen

124 3105 251 3168 Varum
272 3105 435 3185 veniatur,
466 3125 499 3167 sc
528 3104 726 3168 frumentum
748 3103 901 3168 daturum
930 3101 1107 3190 pollicetur.

125 3207 228 3273 Addit
251 3208 362 3290 etiam,
393 3216 442 3290 ut,
467 3207 553 3292 quod
576 3209 712 3293 quisque
735 3230 847 3272 eorum
869 3210 902 3271 in
925 3206 1008 3272 bello
1031 3209 1108 3272 ami-

124 3314 210 3395 serit,
235 3333 318 3396 quae
334 3312 397 3375 sint
412 3333 510 3396 penes
533 3309 647 3374 milites
671 3333 759 3394 suos,
782 3313 830 3394 iis,
854 3313 908 3396 qui
932 3311 1108 3395 amiserint,

125 3418 328 3499 restituatur,
352 3413 505 3479 militibus
528 3436 633 3500 aequa
654 3415 741 3480 faeta
769 3416 990 3480 aestimatione
1013 3437 1109 3500 pecu-

103 3522 213 3592 2niam
241 3543 298 3605 pro
328 3521 378 3585 his
407 3518 504 3585 rebus
533 3517 685 3583 dissolvit.
732 3520 962 3605 Quascumque
995 3528 1110 3605 postca
