2376 3924
380 219 491 271 arana
514 221 573 282 vu,
593 219 671 270 cnr.
690 223 800 273 39-42.
1018 222 1078 288 197

99 412 204 477 armis
226 420 366 481 mortem
389 409 564 496 deprecari
580 411 755 497 incipiunt.
777 411 975 478 Litaviccus
1002 431 1099 480 oumt

100 516 170 580 suis
178 513 369 598 clientibus,
377 513 497 599 quibus
510 536 601 580 more
615 512 789 580 Gallorum
802 515 897 580 nefas
911 528 963 583 est
975 520 1078 584 etiam

101 621 136 685 in
159 627 312 685 extrema
334 619 469 684 fortuna
500 618 654 685 deserere
675 628 849 705 patronos,
872 618 1077 706 Gergoviam

99 723 260 810 profugit.

186 825 1077 913 41.ansarnuntiisadcivitatemAeduorummissis,

99 932 157 1018 qui
165 952 224 997 suo
233 930 623 998 beneficiooonservatos
638 932 807 1018 docerent,
821 957 903 1021 quos
916 932 1076 999 iurebelli

99 1035 290 1100 interficere
300 1036 479 1120 potuisset,
501 1033 677 1123 tribusque
700 1036 791 1103 horis
819 1036 950 1120 [noctis]
982 1058 1076 1102 exer·

99 1141 183 1204 citui
206 1138 253 1204 ad
274 1141 421 1226 quietem
438 1138 528 1204 datis
545 1148 660 1205 castra
677 1140 722 1206 ad
738 1139 944 1225 Gergoviam
960 1142 1075 1208 movit.

99 1241 214 1308 Medio
236 1242 307 1307 fere
325 1243 448 1308 itinere
466 1243 596 1328 equites
608 1264 630 1308 a
641 1242 751 1308 Fabio
763 1245 869 1327 missi,
883 1253 1009 1331 quanto
1021 1259 1098 1310 res²

98 1348 134 1412 in
156 1344 306 1432 periculo
330 1345 441 1427 fuerit,
465 1355 649 1431 exponunt.
672 1344 815 1412 Summis
838 1350 944 1434 copiis
961 1359 1076 1414 castra

100 1458 296 1538 oppugnata
310 1448 553 1534 demonstrant,
571 1473 646 1516 oum
658 1450 778 1516 crebro
791 1453 916 1536 integri
934 1452 1074 1518 defessis

99 1553 323 1621 succederent
335 1562 535 1640 nostrosque
548 1554 686 1621 assiduo
703 1554 819 1621 labore
837 1555 1075 1642 defatigarent,

98 1657 220 1745 quibus
242 1666 379 1744 propter
399 1657 667 1741 magnitudinem
696 1668 884 1725 castrorum
914 1669 1075 1746 perpetuo

100 1769 190 1827 esset
198 1759 319 1827 iisdem
326 1762 360 1825 in
369 1744 960 1846 vallopermanendumMultitudine
970 1765 1095 1849 sagit-³

99 1864 1074 1952 tarumatqueomnisgeneristelornmmult'osvulneratos3

102 1968 147 2035 ad
161 1969 245 2035 haec
259 1969 458 2037 sustinenda
470 1989 593 2054 magno
609 1971 684 2036 usui
697 1969 801 2035 fuisse
819 1980 996 2036 tormenta.
1009 1972 1097 2037 Fas

98 2072 190 2139 bium
203 2071 356 2139 discessu
369 2094 481 2139 eorum
496 2071 625 2138 duabus
638 2072 767 2140 relictis
779 2075 886 2160 portis
900 2074 1075 2141 obstruere

97 2184 230 2242 ceteras
252 2174 451 2264 pluteosque
473 2175 565 2241 vallo
589 2176 715 2242 addere
738 2186 770 2242 et
795 2199 831 2243 se
854 2179 889 2243 in
904 2190 1074 2264 posterum

99 2281 187 2346 diem
197 2279 406 2367 similemque
419 2301 535 2345 casum
548 2301 723 2367 apparare.
736 2280 800 2346 His
814 2281 914 2346 rebus
927 2285 1095 2367 cognitis⁶

98 2383 227 2451 Caesar
250 2404 378 2450 summo
400 2382 513 2450 studio
535 2382 681 2449 militum
705 2393 785 2450 ante
809 2394 917 2450 ortum
941 2385 1022 2451 solis
1039 2386 1073 2451 in

97 2497 213 2555 castra
234 2487 401 2575 pervenit.

196 2589 249 2656 42.
265 2589 355 2658 Dum
377 2591 461 2657 haec
485 2590 531 2657 ad
553 2589 758 2676 Gergoviam
773 2602 946 2677 geruntur,
963 2591 1073 2659 Aedui

95 2696 213 2783 primis
228 2682 358 2761 nuntiis
380 2692 425 2762 ab
440 2694 620 2762 Litavicco
637 2698 787 2782 acceptis
803 2696 931 2763 nullum
946 2697 1012 2763 sibi
1028 2698 1073 2763 ad

96 2798 369 2886 cognoscendum
398 2799 544 2886 spatium
572 2798 777 2886 relinquunt.
816 2801 963 2889 Impellit
986 2801 1094 2866 alios2

96 2904 254 2988 avaritia,
270 2901 356 2970 alios
372 2901 551 2969 iracundia
572 2911 605 2969 et
621 2905 807 2988 temeritas,
824 2926 909 2991 quae
925 2906 1072 2972 maxime

96 3005 147 3073 illi
159 3006 330 3075 hominum
343 3007 460 3092 generi
472 3015 524 3072 est
536 3008 666 3090 innata,
687 3015 725 3072 ut
740 3006 848 3072 levem
865 3009 1071 3074 auditionem

97 3109 246 3177 habeant
261 3132 322 3197 pro
338 3132 374 3176 re
389 3118 572 3197 comperta.
589 3111 686 3177 Bona
701 3111 826 3178 civium
844 3111 1093 3177 Romanorum³

98 3212 271 3302 diripiunt,
286 3212 410 3280 caedes
427 3214 568 3299 faciunt,
591 3215 627 3279 in
644 3215 840 3280 servitutem
857 3215 1071 3281 abstrahunt.

95 3316 247 3384 Adiuvat
259 3339 329 3384 rem
341 3317 563 3405 proclinatam
577 3316 859 3385 Convictolitavis
874 3319 1094 3405 plebemque*

95 3419 143 3487 ad
162 3421 310 3488 furorem
328 3421 480 3510 impellit,
495 3431 533 3488 ut
549 3422 699 3488 facinore
717 3422 865 3489 admisso
883 3422 928 3487 ad
943 3422 1070 3487 sanita·

96 3532 165 3591 tom
190 3525 316 3592 reverti
344 3524 482 3613 pudeat.
526 3525 679 3592 Marcum
700 3525 875 3610 Aristium,
899 3525 1093 3592 tribunum⁵
