2376 3924
364 227 476 277 LIBER
493 227 528 288 11,
549 226 625 278 CAP.
644 227 755 279 ert-oo.
1010 229 1051 292 85

75 439 206 480 suarum
222 439 331 481 rerum
346 419 508 483 fiduciam.
532 421 667 505 Iamque
683 418 831 484 Caesaris
846 418 879 484 in
894 419 1073 504 Hispanias

74 542 127 583 res
156 521 317 586 secundae
345 524 378 586 in
401 522 548 587 Africam
576 525 696 588 nuntiis
719 546 758 588 ac
779 523 892 587 litteris
914 523 1052 608 perfere-

76 623 203 688 bantur.
229 625 356 706 Quibus
380 626 537 692 omnibus
550 626 649 691 rebus
672 627 818 691 sublatus
841 625 919 690 nihil
942 636 1054 690 contra

76 749 109 789 se
133 751 244 812 regem
267 731 411 793 nisurum
435 729 649 795 existimabat.
697 730 762 796 Sed
784 728 840 794 ubi
863 731 959 793 certis
982 745 1075 792 auc-³

76 830 201 894 toribus
235 835 391 917 comperit
422 836 529 897 minus
553 852 573 897 v
598 843 630 897 et
654 851 700 896 xx
723 832 851 897 milibus
885 832 978 917 longe
1013 831 1054 895 ab

77 935 174 998 Utica
197 937 264 998 eius
288 938 395 1021 copias
425 936 549 1020 abesse,
583 937 701 1026 relictis
728 935 958 1001 munitionibus
987 956 1056 999 sese

78 1041 110 1101 in
134 1049 240 1102 castra
263 1037 411 1104 Cornelia
432 1043 562 1125 recepit.
598 1040 673 1104 Hue
695 1041 892 1105 frumentum
915 1060 1079 1124 compori

79 1149 158 1223 tare,
183 1150 289 1205 castra
322 1144 457 1223 munire,
492 1144 662 1206 materiam
696 1143 841 1206 conferre
870 1146 975 1229 coepit
997 1152 1057 1207 sta·

79 1247 201 1329 timque
216 1247 250 1309 in
265 1245 406 1311 Siciliam
421 1247 516 1327 misit,
532 1247 579 1310 uti
595 1245 679 1310 duae
694 1245 835 1330 legiones
851 1246 1057 1331 reliquusque

80 1350 241 1431 equitatus
264 1348 307 1411 ad
330 1371 364 1413 se
387 1351 577 1413 mitteretur.
616 1348 731 1414 Castra
759 1359 852 1413 erant
874 1349 917 1414 ad
940 1349 1081 1414 bellumo

81 1451 269 1514 ducendum
305 1454 471 1536 aptissima
508 1462 625 1516 natura
660 1452 721 1517 looi
754 1461 787 1516 et
819 1455 995 1517 munitione
1028 1461 1061 1516 et

82 1557 180 1617 maris
214 1556 453 1640 propinquitate
477 1563 509 1619 et
531 1577 636 1640 aquae
665 1564 698 1619 et
726 1554 801 1620 salis
835 1558 936 1641 copia,
970 1558 1061 1622 cuius

81 1680 201 1741 magna
224 1660 273 1721 vis
296 1660 363 1722 iam
384 1681 425 1722 ex
448 1661 605 1744 proximis
628 1668 699 1724 erat
721 1660 829 1725 salinis
845 1682 888 1724 eo‘
898 1668 1060 1744 congesta.

18 1783 20 1787 ’
83 1763 156 1825 Non
178 1761 314 1824 materia
336 1759 539 1826 multitudine
562 1761 726 1846 arborum,
761 1785 825 1827 non
853 1763 1085 1846 frumentumc

84 1867 174 1927 cuius
197 1873 290 1928 erant
312 1862 485 1949 plenissimi
508 1867 589 1949 agri,
613 1865 752 1930 deficere
775 1875 909 1952 poterat.
948 1867 1063 1952 Itaque

85 1970 226 2031 omnium
249 1990 380 2033 suorum
403 1991 563 2033 consensu
585 1968 683 2034 (lurio
710 1969 852 2055 reliquas
881 1973 989 2055 copias
1012 1993 1065 2034 ex-

85 2081 232 2157 spectare
256 2081 288 2137 et
310 2071 430 2137 bellum
453 2072 572 2138 ducere
595 2073 742 2159 parabat.

188 2174 239 2238 38.
263 2175 324 2240 His
354 2177 536 2265 constitutis
563 2175 662 2242 rebus
691 2176 899 2264 probatisque
929 2178 1067 2242 consiliis

86 2301 128 2342 ex
151 2279 294 2364 perfugis
317 2279 512 2364 quibusdam
535 2278 704 2365 oppidanis
726 2280 818 2345 audit
840 2280 957 2345 Iubam
977 2302 1067 2344 revo-

87 2392 195 2446 catum
228 2383 363 2447 finitimo
397 2382 481 2447 bello
511 2392 543 2447 et
571 2385 797 2448 controversiis
820 2384 1068 2469 Leptitanorum

87 2487 297 2550 restitissem
320 2507 430 2570 regno,
454 2485 644 2568 Saburram,
668 2488 736 2550 eius
759 2486 970 2570 praefectum,
995 2507 1068 2549 cum

87 2588 306 2652 mediocribus
343 2591 443 2673 copiis
480 2590 613 2653 missum
646 2589 762 2657 Uticae
796 2591 1067 2674 appropinquare.

89 2693 149 2756 His
172 2691 357 2756 auctoribus
379 2701 501 2757 temere
524 2692 660 2756 credens
694 2690 860 2756 consilium
893 2701 1092 2758 commutata

90 2806 122 2859 et
154 2795 274 2881 proelio
307 2817 377 2859 rem
410 2799 609 2860 committere
642 2797 815 2861 constituit.
860 2795 1000 2861 Multum
1028 2796 1071 2862 ad

90 2900 175 2963 hanc
197 2921 267 2963 rem
288 2898 496 3018 probandam
516 2898 651 2964 adiuvat
684 2897 914 2984 adulescentia,
949 2903 1072 2986 magni-

90 3003 169 3066 tudo
198 3004 306 3085 animi,
341 3004 515 3089 superioris
548 3004 702 3087 temporis
732 3011 919 3089 proventus,
953 3004 1072 3068 fiducia

90 3109 138 3183 rei
160 3106 244 3172 bene
265 3105 439 3201 gerendae.
485 3106 546 3171 His
574 3105 672 3171 rebus
704 3105 860 3192 impulsus
894 3109 1094 3192 equitatum

199 3248 223 3305 '-
278 3294 281 3299 .
326 3280 330 3286 ,
354 3218 487 3301 qaae
514 3209 557 3277 ad
575 3219 693 3276 castra
725 3209 866 3275 hostium
899 3213 972 3275 mitt
973 3213 998 3275 it
1030 3209 1073 3274 ad

183 3296 190 3311 ⁸
324 3310 338 3325 ''
463 3311 574 3381 bus
594 3322 745 3401 praeerat
767 3313 921 3396 Saburra,
945 3313 985 3378 de
1009 3334 1072 3398 quo

584 3439 621 3487 ox
643 3416 791 3483 omnibus
814 3419 912 3503 copiis
928 3409 1072 3502 inseque-

628 3542 666 3589 ω
692 3519 861 3587 intervallo
885 3544 904 3585 a
928 3520 1072 3586 Saburra
