<?xml version="1.0" encoding="UTF-8"?>
<!DOCTYPE html PUBLIC "-//W3C//DTD XHTML 1.0 Transitional//EN"
    "http://www.w3.org/TR/xhtml1/DTD/xhtml1-transitional.dtd">
<html xmlns="http://www.w3.org/1999/xhtml" xml:lang="en" lang="en">
 <head>
  <title>
</title>
<meta http-equiv="Content-Type" content="text/html;charset=utf-8" />
  <meta name='ocr-system' content='tesseract 3.04.00' />
  <meta name='ocr-capabilities' content='ocr_page ocr_carea ocr_par ocr_line ocrx_word'/>
</head>
<body>
  <div class='ocr_page' id='page_1' title='image "./ciuliicaesarisc00hoffgoog/ciuliicaesarisc00hoffgoog_0203.png"; bbox 0 0 2376 3924; ppageno 0'>
   <div class='ocr_carea' id='block_1_1' title="bbox 134 248 809 320">
    <p class='ocr_par' dir='ltr' id='par_1_1' title="bbox 134 248 809 320">
     <span class='ocr_line' id='line_1_1' title="bbox 134 248 809 320; baseline -0.018 -8"><span class='ocrx_word' id='word_1_1' title='bbox 134 252 197 320; x_wconf 83' lang='lat'>150</span> <span class='ocrx_word' id='word_1_2' title='bbox 440 251 490 301; x_wconf 83' lang='lat' dir='ltr'>DE</span> <span class='ocrx_word' id='word_1_3' title='bbox 509 249 629 301; x_wconf 79' lang='lat' dir='ltr'><strong>BELLO</strong></span> <span class='ocrx_word' id='word_1_4' title='bbox 652 248 809 300; x_wconf 76' lang='lat' dir='ltr'>onnnloo</span> 
     </span>
    </p>
   </div>
   <div class='ocr_carea' id='block_1_2' title="bbox 113 434 1127 3635">
    <p class='ocr_par' dir='ltr' id='par_1_2' title="bbox 113 434 1127 3635">
     <span class='ocr_line' id='line_1_2' title="bbox 239 434 1113 526; baseline 0 -17"><span class='ocrx_word' id='word_1_5' title='bbox 239 445 288 511; x_wconf 85' lang='lat'>12.</span> <span class='ocrx_word' id='word_1_6' title='bbox 305 444 389 511; x_wconf 81' lang='lat' dir='ltr'>Cum</span> <span class='ocrx_word' id='word_1_7' title='bbox 405 434 534 510; x_wconf 77' lang='lat' dir='ltr'>Caesar</span> <span class='ocrx_word' id='word_1_8' title='bbox 547 445 582 510; x_wconf 90' lang='lat' dir='ltr'>in</span> <span class='ocrx_word' id='word_1_9' title='bbox 598 441 748 509; x_wconf 78' lang='lat' dir='ltr'>Galliam</span> <span class='ocrx_word' id='word_1_10' title='bbox 764 444 867 526; x_wconf 91' lang='lat' dir='ltr'>venit,</span> <span class='ocrx_word' id='word_1_11' title='bbox 886 442 1026 510; x_wconf 90' lang='lat' dir='ltr'>alterius</span> <span class='ocrx_word' id='word_1_12' title='bbox 1042 444 1113 509; x_wconf 86' lang='lat' dir='ltr'>fac·</span> 
     </span>
     <span class='ocr_line' id='line_1_3' title="bbox 113 545 1114 636; baseline -0.002 -22"><span class='ocrx_word' id='word_1_13' title='bbox 113 551 238 614; x_wconf 86' lang='lat' dir='ltr'>2tionis</span> <span class='ocrx_word' id='word_1_14' title='bbox 261 550 431 636; x_wconf 84' lang='lat' dir='ltr'>principes</span> <span class='ocrx_word' id='word_1_15' title='bbox 455 557 554 614; x_wconf 90' lang='lat' dir='ltr'>erant</span> <span class='ocrx_word' id='word_1_16' title='bbox 569 547 690 630; x_wconf 87' lang='lat' dir='ltr'>Aedui,</span> <span class='ocrx_word' id='word_1_17' title='bbox 715 545 855 612; x_wconf 90' lang='lat' dir='ltr'>alterius</span> <span class='ocrx_word' id='word_1_18' title='bbox 879 545 1037 634; x_wconf 83' lang='lat' dir='ltr'>Sequani.</span> <span class='ocrx_word' id='word_1_19' title='bbox 1067 547 1114 612; x_wconf 92' lang='lat' dir='ltr'>Hi</span> 
     </span>
     <span class='ocr_line' id='line_1_4' title="bbox 135 650 1113 739; baseline 0 -22"><span class='ocrx_word' id='word_1_20' title='bbox 135 675 209 719; x_wconf 92' lang='lat' dir='ltr'>cum</span> <span class='ocrx_word' id='word_1_21' title='bbox 232 675 292 739; x_wconf 93' lang='lat' dir='ltr'>per</span> <span class='ocrx_word' id='word_1_22' title='bbox 312 675 348 718; x_wconf 91' lang='lat' dir='ltr'>se</span> <span class='ocrx_word' id='word_1_23' title='bbox 364 654 473 718; x_wconf 91' lang='lat' dir='ltr'>minus</span> <span class='ocrx_word' id='word_1_24' title='bbox 488 650 653 736; x_wconf 86' lang='lat' dir='ltr'>valerent,</span> <span class='ocrx_word' id='word_1_25' title='bbox 676 650 765 738; x_wconf 91' lang='lat' dir='ltr'>quod</span> <span class='ocrx_word' id='word_1_26' title='bbox 782 672 909 716; x_wconf 91' lang='lat' dir='ltr'>summa</span> <span class='ocrx_word' id='word_1_27' title='bbox 926 652 1113 718; x_wconf 90' lang='lat' dir='ltr'>auctoritas</span> 
     </span>
     <span class='ocr_line' id='line_1_5' title="bbox 136 752 1113 843; baseline 0 -23"><span class='ocrx_word' id='word_1_28' title='bbox 136 759 322 843; x_wconf 89' lang='lat' dir='ltr'>antiquitus</span> <span class='ocrx_word' id='word_1_29' title='bbox 347 765 420 822; x_wconf 89' lang='lat' dir='ltr'>erat</span> <span class='ocrx_word' id='word_1_30' title='bbox 443 758 478 821; x_wconf 93' lang='lat' dir='ltr'>in</span> <span class='ocrx_word' id='word_1_31' title='bbox 494 755 622 823; x_wconf 89' lang='lat' dir='ltr'>Aeduis</span> <span class='ocrx_word' id='word_1_32' title='bbox 646 775 855 841; x_wconf 80' lang='lat' dir='ltr'>magnaeque</span> <span class='ocrx_word' id='word_1_33' title='bbox 879 752 992 820; x_wconf 89' lang='lat' dir='ltr'>eorum</span> <span class='ocrx_word' id='word_1_34' title='bbox 1016 767 1113 821; x_wconf 88' lang='lat' dir='ltr'>erant</span> 
     </span>
     <span class='ocr_line' id='line_1_6' title="bbox 136 857 1113 944; baseline -0.001 -18"><span class='ocrx_word' id='word_1_35' title='bbox 136 860 325 944; x_wconf 76' lang='lat' dir='ltr'>clientelae,</span> <span class='ocrx_word' id='word_1_36' title='bbox 350 858 538 926; x_wconf 79' lang='lat' dir='ltr'>Germanos</span> <span class='ocrx_word' id='word_1_37' title='bbox 562 867 663 944; x_wconf 91' lang='lat' dir='ltr'>atque</span> <span class='ocrx_word' id='word_1_38' title='bbox 679 857 887 923; x_wconf 89' lang='lat' dir='ltr'>Ariovistum</span> <span class='ocrx_word' id='word_1_39' title='bbox 911 858 975 924; x_wconf 92' lang='lat' dir='ltr'>sibi</span> <span class='ocrx_word' id='word_1_40' title='bbox 997 859 1113 925; x_wconf 90' lang='lat' dir='ltr'>adiun-</span> 
     </span>
     <span class='ocr_line' id='line_1_7' title="bbox 136 962 1113 1050; baseline -0.003 -20"><span class='ocrx_word' id='word_1_41' title='bbox 136 974 257 1030; x_wconf 86' lang='lat' dir='ltr'>xerant</span> <span class='ocrx_word' id='word_1_42' title='bbox 282 986 404 1050; x_wconf 89' lang='lat' dir='ltr'>eosque</span> <span class='ocrx_word' id='word_1_43' title='bbox 427 963 472 1028; x_wconf 93' lang='lat' dir='ltr'>ad</span> <span class='ocrx_word' id='word_1_44' title='bbox 495 987 531 1028; x_wconf 88' lang='lat' dir='ltr'>se</span> <span class='ocrx_word' id='word_1_45' title='bbox 553 964 685 1046; x_wconf 87' lang='lat' dir='ltr'>magnis</span> <span class='ocrx_word' id='word_1_46' title='bbox 703 963 844 1027; x_wconf 90' lang='lat' dir='ltr'>iacturis</span> <span class='ocrx_word' id='word_1_47' title='bbox 859 962 1113 1049; x_wconf 89' lang='lat' dir='ltr'>pollicitationi-</span> 
     </span>
     <span class='ocr_line' id='line_1_8' title="bbox 115 1064 1114 1155; baseline -0.002 -21"><span class='ocrx_word' id='word_1_48' title='bbox 115 1069 265 1155; x_wconf 67' lang='lat' dir='ltr'>abusque</span> <span class='ocrx_word' id='word_1_49' title='bbox 276 1067 517 1154; x_wconf 87' lang='lat' dir='ltr'>perduxerant.</span> <span class='ocrx_word' id='word_1_50' title='bbox 529 1065 672 1132; x_wconf 90' lang='lat' dir='ltr'>Proeliis</span> <span class='ocrx_word' id='word_1_51' title='bbox 684 1088 764 1133; x_wconf 87' lang='lat' dir='ltr'>vero</span> <span class='ocrx_word' id='word_1_52' title='bbox 773 1064 999 1152; x_wconf 78' lang='lat' dir='ltr'>compluribus</span> <span class='ocrx_word' id='word_1_53' title='bbox 1012 1067 1114 1132; x_wconf 89' lang='lat' dir='ltr'>factis</span> 
     </span>
     <span class='ocr_line' id='line_1_9' title="bbox 137 1169 1114 1257; baseline -0.001 -21"><span class='ocrx_word' id='word_1_54' title='bbox 137 1171 294 1236; x_wconf 92' lang='lat' dir='ltr'>secundis</span> <span class='ocrx_word' id='word_1_55' title='bbox 311 1180 413 1257; x_wconf 91' lang='lat' dir='ltr'>atque</span> <span class='ocrx_word' id='word_1_56' title='bbox 430 1173 519 1236; x_wconf 91' lang='lat' dir='ltr'>omni</span> <span class='ocrx_word' id='word_1_57' title='bbox 535 1169 715 1236; x_wconf 88' lang='lat' dir='ltr'>nobilitate</span> <span class='ocrx_word' id='word_1_58' title='bbox 727 1169 919 1235; x_wconf 89' lang='lat' dir='ltr'>Aeduorum</span> <span class='ocrx_word' id='word_1_59' title='bbox 935 1171 1114 1235; x_wconf 89' lang='lat' dir='ltr'>interfecta</span> 
     </span>
     <span class='ocr_line' id='line_1_10' title="bbox 115 1276 1114 1360; baseline -0.003 -19"><span class='ocrx_word' id='word_1_60' title='bbox 115 1284 268 1341; x_wconf 76' lang='lat' dir='ltr'>4tantum</span> <span class='ocrx_word' id='word_1_61' title='bbox 289 1276 443 1360; x_wconf 90' lang='lat' dir='ltr'>potentia</span> <span class='ocrx_word' id='word_1_62' title='bbox 460 1282 727 1355; x_wconf 87' lang='lat' dir='ltr'>antecesserant,</span> <span class='ocrx_word' id='word_1_63' title='bbox 750 1283 788 1338; x_wconf 94' lang='lat' dir='ltr'>ut</span> <span class='ocrx_word' id='word_1_64' title='bbox 809 1293 967 1357; x_wconf 90' lang='lat' dir='ltr'>magnam</span> <span class='ocrx_word' id='word_1_65' title='bbox 983 1282 1114 1359; x_wconf 89' lang='lat' dir='ltr'>partem</span> 
     </span>
     <span class='ocr_line' id='line_1_11' title="bbox 137 1376 1115 1464; baseline -0.001 -21"><span class='ocrx_word' id='word_1_66' title='bbox 137 1378 310 1444; x_wconf 86' lang='lat' dir='ltr'>clientium</span> <span class='ocrx_word' id='word_1_67' title='bbox 326 1376 370 1442; x_wconf 92' lang='lat' dir='ltr'>ab</span> <span class='ocrx_word' id='word_1_68' title='bbox 382 1377 511 1443; x_wconf 82' lang='lat' dir='ltr'>Aeduis</span> <span class='ocrx_word' id='word_1_69' title='bbox 524 1378 569 1443; x_wconf 92' lang='lat' dir='ltr'>ad</span> <span class='ocrx_word' id='word_1_70' title='bbox 581 1400 617 1442; x_wconf 92' lang='lat' dir='ltr'>se</span> <span class='ocrx_word' id='word_1_71' title='bbox 630 1377 849 1442; x_wconf 82' lang='lat' dir='ltr'>traducerent</span> <span class='ocrx_word' id='word_1_72' title='bbox 862 1376 1115 1464; x_wconf 89' lang='lat' dir='ltr'>obsidesqueab</span> 
     </span>
     <span class='ocr_line' id='line_1_12' title="bbox 138 1478 1116 1568; baseline 0 -22"><span class='ocrx_word' id='word_1_73' title='bbox 138 1484 179 1546; x_wconf 92' lang='lat' dir='ltr'>iis</span> <span class='ocrx_word' id='word_1_74' title='bbox 203 1483 392 1568; x_wconf 91' lang='lat' dir='ltr'>principum</span> <span class='ocrx_word' id='word_1_75' title='bbox 426 1481 514 1547; x_wconf 91' lang='lat' dir='ltr'>filios</span> <span class='ocrx_word' id='word_1_76' title='bbox 549 1481 743 1566; x_wconf 82' lang='lat' dir='ltr'>acciperent</span> <span class='ocrx_word' id='word_1_77' title='bbox 775 1488 807 1544; x_wconf 93' lang='lat' dir='ltr'>et</span> <span class='ocrx_word' id='word_1_78' title='bbox 836 1478 970 1566; x_wconf 91' lang='lat' dir='ltr'>publice</span> <span class='ocrx_word' id='word_1_79' title='bbox 1004 1481 1116 1546; x_wconf 86' lang='lat' dir='ltr'>iurare</span> 
     </span>
     <span class='ocr_line' id='line_1_13' title="bbox 138 1581 1117 1671; baseline -0.003 -20"><span class='ocrx_word' id='word_1_80' title='bbox 138 1595 297 1671; x_wconf 81' lang='lat' dir='ltr'>cogerent</span> <span class='ocrx_word' id='word_1_81' title='bbox 319 1584 405 1650; x_wconf 92' lang='lat' dir='ltr'>nihil</span> <span class='ocrx_word' id='word_1_82' title='bbox 429 1607 465 1650; x_wconf 91' lang='lat' dir='ltr'>se</span> <span class='ocrx_word' id='word_1_83' title='bbox 481 1595 600 1651; x_wconf 89' lang='lat' dir='ltr'>contra</span> <span class='ocrx_word' id='word_1_84' title='bbox 617 1581 790 1671; x_wconf 84' lang='lat' dir='ltr'>Sequanos</span> <span class='ocrx_word' id='word_1_85' title='bbox 806 1581 939 1649; x_wconf 92' lang='lat' dir='ltr'>consilii</span> <span class='ocrx_word' id='word_1_86' title='bbox 964 1585 1117 1668; x_wconf 85' lang='lat' dir='ltr'>inituros,</span> 
     </span>
     <span class='ocr_line' id='line_1_14' title="bbox 141 1684 1117 1776; baseline -0.002 -21"><span class='ocrx_word' id='word_1_87' title='bbox 141 1700 174 1755; x_wconf 87' lang='lat' dir='ltr'>et</span> <span class='ocrx_word' id='word_1_88' title='bbox 196 1699 327 1776; x_wconf 88' lang='lat' dir='ltr'>partem</span> <span class='ocrx_word' id='word_1_89' title='bbox 349 1684 484 1754; x_wconf 85' lang='lat' dir='ltr'>finitimi</span> <span class='ocrx_word' id='word_1_90' title='bbox 508 1689 583 1771; x_wconf 90' lang='lat' dir='ltr'>agri</span> <span class='ocrx_word' id='word_1_91' title='bbox 606 1688 758 1772; x_wconf 88' lang='lat' dir='ltr'>pervim</span> <span class='ocrx_word' id='word_1_92' title='bbox 782 1694 981 1772; x_wconf 85' lang='lat' dir='ltr'>occupatam</span> <span class='ocrx_word' id='word_1_93' title='bbox 1009 1690 1117 1773; x_wconf 89' lang='lat' dir='ltr'>possi·</span> 
     </span>
     <span class='ocr_line' id='line_1_15' title="bbox 140 1789 1120 1878; baseline -0.001 -19"><span class='ocrx_word' id='word_1_94' title='bbox 140 1794 257 1859; x_wconf 91' lang='lat' dir='ltr'>derent</span> <span class='ocrx_word' id='word_1_95' title='bbox 282 1790 484 1878; x_wconf 79' lang='lat' dir='ltr'>Galliaeque</span> <span class='ocrx_word' id='word_1_96' title='bbox 517 1793 622 1856; x_wconf 90' lang='lat' dir='ltr'>totius</span> <span class='ocrx_word' id='word_1_97' title='bbox 655 1792 882 1876; x_wconf 90' lang='lat' dir='ltr'>principatum</span> <span class='ocrx_word' id='word_1_98' title='bbox 916 1789 1120 1858; x_wconf 90' lang='lat' dir='ltr'>obtinerent.</span> 
     </span>
     <span class='ocr_line' id='line_1_16' title="bbox 117 1893 1117 1981; baseline 0.001 -21"><span class='ocrx_word' id='word_1_99' title='bbox 117 1897 214 1978; x_wconf 72' lang='lat' dir='ltr'>tQua</span> <span class='ocrx_word' id='word_1_100' title='bbox 230 1897 434 1960; x_wconf 89' lang='lat' dir='ltr'>necessitate</span> <span class='ocrx_word' id='word_1_101' title='bbox 451 1894 620 1960; x_wconf 90' lang='lat' dir='ltr'>adductus</span> <span class='ocrx_word' id='word_1_102' title='bbox 634 1893 827 1958; x_wconf 90' lang='lat' dir='ltr'>Divitiacus</span> <span class='ocrx_word' id='word_1_103' title='bbox 844 1893 965 1958; x_wconf 85' lang='lat' dir='ltr'>auxilii</span> <span class='ocrx_word' id='word_1_104' title='bbox 980 1895 1117 1981; x_wconf 90' lang='lat' dir='ltr'>petendi</span> 
     </span>
     <span class='ocr_line' id='line_1_17' title="bbox 139 1997 1119 2084; baseline 0.001 -20"><span class='ocrx_word' id='word_1_105' title='bbox 139 2021 243 2064; x_wconf 87' lang='lat' dir='ltr'>causa</span> <span class='ocrx_word' id='word_1_106' title='bbox 266 2000 404 2064; x_wconf 88' lang='lat' dir='ltr'>Romam</span> <span class='ocrx_word' id='word_1_107' title='bbox 429 1997 474 2062; x_wconf 93' lang='lat' dir='ltr'>ad</span> <span class='ocrx_word' id='word_1_108' title='bbox 498 2006 652 2064; x_wconf 91' lang='lat' dir='ltr'>senatum</span> <span class='ocrx_word' id='word_1_109' title='bbox 675 1998 846 2083; x_wconf 90' lang='lat' dir='ltr'>profectus</span> <span class='ocrx_word' id='word_1_110' title='bbox 869 1998 1066 2084; x_wconf 88' lang='lat' dir='ltr'>imperfecta</span> <span class='ocrx_word' id='word_1_111' title='bbox 1083 2023 1119 2064; x_wconf 90' lang='lat' dir='ltr'>re</span> 
     </span>
     <span class='ocr_line' id='line_1_18' title="bbox 117 2100 1118 2187; baseline -0.001 -18"><span class='ocrx_word' id='word_1_112' title='bbox 117 2100 1118 2187; x_wconf 81' lang='lat' dir='ltr'>6redieratAdventaneaarisfaotacommutationererum,</span> 
     </span>
     <span class='ocr_line' id='line_1_19' title="bbox 140 2203 1119 2288; baseline 0 -17"><span class='ocrx_word' id='word_1_113' title='bbox 140 2204 314 2271; x_wconf 91' lang='lat' dir='ltr'>obsidibus</span> <span class='ocrx_word' id='word_1_114' title='bbox 337 2203 466 2270; x_wconf 86' lang='lat' dir='ltr'>Aeduis</span> <span class='ocrx_word' id='word_1_115' title='bbox 496 2204 650 2288; x_wconf 81' lang='lat' dir='ltr'>redditis,</span> <span class='ocrx_word' id='word_1_116' title='bbox 683 2203 854 2270; x_wconf 89' lang='lat' dir='ltr'>veteribus</span> <span class='ocrx_word' id='word_1_117' title='bbox 878 2203 1046 2271; x_wconf 90' lang='lat' dir='ltr'>clientelis</span> <span class='ocrx_word' id='word_1_118' title='bbox 1069 2229 1119 2272; x_wconf 90' lang='lat' dir='ltr'>re·</span> 
     </span>
     <span class='ocr_line' id='line_1_20' title="bbox 141 2307 1121 2395; baseline 0 -21"><span class='ocrx_word' id='word_1_119' title='bbox 141 2312 279 2393; x_wconf 86' lang='lat' dir='ltr'>stitutis,</span> <span class='ocrx_word' id='word_1_120' title='bbox 313 2309 410 2374; x_wconf 88' lang='lat' dir='ltr'>novis</span> <span class='ocrx_word' id='word_1_121' title='bbox 435 2331 495 2394; x_wconf 89' lang='lat' dir='ltr'>per</span> <span class='ocrx_word' id='word_1_122' title='bbox 511 2307 692 2375; x_wconf 83' lang='lat' dir='ltr'>Caesarem</span> <span class='ocrx_word' id='word_1_123' title='bbox 717 2311 932 2395; x_wconf 88' lang='lat' dir='ltr'>comparatis,</span> <span class='ocrx_word' id='word_1_124' title='bbox 963 2309 1053 2395; x_wconf 93' lang='lat' dir='ltr'>quod</span> <span class='ocrx_word' id='word_1_125' title='bbox 1074 2309 1121 2393; x_wconf 89' lang='lat' dir='ltr'>hi,</span> 
     </span>
     <span class='ocr_line' id='line_1_21' title="bbox 141 2411 1121 2501; baseline -0.001 -23"><span class='ocrx_word' id='word_1_126' title='bbox 141 2416 196 2501; x_wconf 91' lang='lat' dir='ltr'>qui</span> <span class='ocrx_word' id='word_1_127' title='bbox 221 2437 256 2479; x_wconf 92' lang='lat' dir='ltr'>se</span> <span class='ocrx_word' id='word_1_128' title='bbox 280 2413 325 2478; x_wconf 89' lang='lat' dir='ltr'>ad</span> <span class='ocrx_word' id='word_1_129' title='bbox 341 2434 454 2478; x_wconf 90' lang='lat' dir='ltr'>eorum</span> <span class='ocrx_word' id='word_1_130' title='bbox 471 2413 658 2480; x_wconf 89' lang='lat' dir='ltr'>amicitiam</span> <span class='ocrx_word' id='word_1_131' title='bbox 676 2422 960 2497; x_wconf 87' lang='lat' dir='ltr'>aggregaverant,</span> <span class='ocrx_word' id='word_1_132' title='bbox 983 2411 1121 2479; x_wconf 90' lang='lat' dir='ltr'>meliore</span> 
     </span>
     <span class='ocr_line' id='line_1_22' title="bbox 140 2515 1122 2604; baseline 0.001 -23"><span class='ocrx_word' id='word_1_133' title='bbox 140 2517 339 2583; x_wconf 91' lang='lat' dir='ltr'>condicione</span> <span class='ocrx_word' id='word_1_134' title='bbox 362 2526 463 2603; x_wconf 90' lang='lat' dir='ltr'>atque</span> <span class='ocrx_word' id='word_1_135' title='bbox 488 2519 646 2604; x_wconf 89' lang='lat' dir='ltr'>aequiore</span> <span class='ocrx_word' id='word_1_136' title='bbox 670 2518 809 2604; x_wconf 89' lang='lat' dir='ltr'>imperio</span> <span class='ocrx_word' id='word_1_137' title='bbox 834 2541 870 2583; x_wconf 91' lang='lat' dir='ltr'>se</span> <span class='ocrx_word' id='word_1_138' title='bbox 885 2519 935 2583; x_wconf 93' lang='lat' dir='ltr'>uti</span> <span class='ocrx_word' id='word_1_139' title='bbox 947 2515 1122 2601; x_wconf 86' lang='lat' dir='ltr'>videbant,</span> 
     </span>
     <span class='ocr_line' id='line_1_23' title="bbox 140 2619 1122 2708; baseline -0.003 -20"><span class='ocrx_word' id='word_1_140' title='bbox 140 2620 279 2707; x_wconf 90' lang='lat' dir='ltr'>reliquis</span> <span class='ocrx_word' id='word_1_141' title='bbox 292 2620 391 2685; x_wconf 89' lang='lat' dir='ltr'>rebus</span> <span class='ocrx_word' id='word_1_142' title='bbox 405 2643 518 2686; x_wconf 89' lang='lat' dir='ltr'>eorum</span> <span class='ocrx_word' id='word_1_143' title='bbox 531 2623 645 2705; x_wconf 89' lang='lat' dir='ltr'>gratia</span> <span class='ocrx_word' id='word_1_144' title='bbox 659 2621 893 2708; x_wconf 87' lang='lat' dir='ltr'>dignitateque</span> <span class='ocrx_word' id='word_1_145' title='bbox 905 2619 1122 2707; x_wconf 88' lang='lat' dir='ltr'>amplificata,</span> 
     </span>
     <span class='ocr_line' id='line_1_24' title="bbox 120 2723 1123 2811; baseline -0.001 -21"><span class='ocrx_word' id='word_1_146' title='bbox 120 2723 289 2811; x_wconf 72' lang='lat' dir='ltr'>tSequani</span> <span class='ocrx_word' id='word_1_147' title='bbox 312 2725 539 2810; x_wconf 87' lang='lat' dir='ltr'>principatum</span> <span class='ocrx_word' id='word_1_148' title='bbox 565 2723 774 2791; x_wconf 89' lang='lat' dir='ltr'>dimiserant.</span> <span class='ocrx_word' id='word_1_149' title='bbox 812 2726 852 2790; x_wconf 92' lang='lat' dir='ltr'>In</span> <span class='ocrx_word' id='word_1_150' title='bbox 876 2747 990 2790; x_wconf 91' lang='lat' dir='ltr'>eorum</span> <span class='ocrx_word' id='word_1_151' title='bbox 1013 2723 1123 2790; x_wconf 92' lang='lat' dir='ltr'>locum</span> 
     </span>
     <span class='ocr_line' id='line_1_25' title="bbox 142 2826 1122 2915; baseline 0.001 -24"><span class='ocrx_word' id='word_1_152' title='bbox 142 2828 236 2891; x_wconf 88' lang='lat' dir='ltr'>Remi</span> <span class='ocrx_word' id='word_1_153' title='bbox 254 2835 501 2910; x_wconf 85' lang='lat' dir='ltr'>successerant,</span> <span class='ocrx_word' id='word_1_154' title='bbox 517 2849 600 2914; x_wconf 92' lang='lat' dir='ltr'>quos</span> <span class='ocrx_word' id='word_1_155' title='bbox 616 2828 707 2915; x_wconf 92' lang='lat' dir='ltr'>quod</span> <span class='ocrx_word' id='word_1_156' title='bbox 723 2828 917 2914; x_wconf 90' lang='lat' dir='ltr'>adaequare</span> <span class='ocrx_word' id='word_1_157' title='bbox 932 2828 1023 2914; x_wconf 91' lang='lat' dir='ltr'>apud</span> <span class='ocrx_word' id='word_1_158' title='bbox 1039 2826 1122 2893; x_wconf 81' lang='lat' dir='ltr'>an-</span> 
     </span>
     <span class='ocr_line' id='line_1_26' title="bbox 143 2931 1123 3020; baseline 0.001 -26"><span class='ocrx_word' id='word_1_159' title='bbox 143 2953 252 2995; x_wconf 89' lang='lat' dir='ltr'>sarem</span> <span class='ocrx_word' id='word_1_160' title='bbox 276 2933 389 3014; x_wconf 88' lang='lat' dir='ltr'>gratia</span> <span class='ocrx_word' id='word_1_161' title='bbox 413 2931 685 3015; x_wconf 85' lang='lat' dir='ltr'>intellegebatur,</span> <span class='ocrx_word' id='word_1_162' title='bbox 709 2935 743 3014; x_wconf 86' lang='lat' dir='ltr'>ii,</span> <span class='ocrx_word' id='word_1_163' title='bbox 767 2933 825 3018; x_wconf 92' lang='lat' dir='ltr'>qui</span> <span class='ocrx_word' id='word_1_164' title='bbox 840 2941 976 3020; x_wconf 89' lang='lat' dir='ltr'>propter</span> <span class='ocrx_word' id='word_1_165' title='bbox 991 2938 1123 2998; x_wconf 87' lang='lat' dir='ltr'>veteres</span> 
     </span>
     <span class='ocr_line' id='line_1_27' title="bbox 146 3034 1123 3120; baseline 0.002 -23"><span class='ocrx_word' id='word_1_166' title='bbox 146 3035 342 3100; x_wconf 87' lang='lat' dir='ltr'>inimicitias</span> <span class='ocrx_word' id='word_1_167' title='bbox 364 3034 458 3101; x_wconf 94' lang='lat' dir='ltr'>nullo</span> <span class='ocrx_word' id='word_1_168' title='bbox 482 3035 581 3102; x_wconf 90' lang='lat' dir='ltr'>modo</span> <span class='ocrx_word' id='word_1_169' title='bbox 605 3058 681 3101; x_wconf 92' lang='lat' dir='ltr'>cum</span> <span class='ocrx_word' id='word_1_170' title='bbox 696 3035 825 3103; x_wconf 90' lang='lat' dir='ltr'>Aeduis</span> <span class='ocrx_word' id='word_1_171' title='bbox 848 3036 1009 3119; x_wconf 90' lang='lat' dir='ltr'>coniungi</span> <span class='ocrx_word' id='word_1_172' title='bbox 1031 3042 1123 3120; x_wconf 91' lang='lat' dir='ltr'>pote-</span> 
     </span>
     <span class='ocr_line' id='line_1_28' title="bbox 123 3136 1124 3220; baseline 0 -18"><span class='ocrx_word' id='word_1_173' title='bbox 123 3148 231 3220; x_wconf 80' lang='lat' dir='ltr'>arant,</span> <span class='ocrx_word' id='word_1_174' title='bbox 256 3160 292 3203; x_wconf 91' lang='lat' dir='ltr'>se</span> <span class='ocrx_word' id='word_1_175' title='bbox 304 3137 417 3203; x_wconf 90' lang='lat' dir='ltr'>Remis</span> <span class='ocrx_word' id='word_1_176' title='bbox 436 3141 470 3203; x_wconf 92' lang='lat' dir='ltr'>in</span> <span class='ocrx_word' id='word_1_177' title='bbox 483 3138 677 3204; x_wconf 89' lang='lat' dir='ltr'>clientelam</span> <span class='ocrx_word' id='word_1_178' title='bbox 697 3139 868 3206; x_wconf 89' lang='lat' dir='ltr'>dicabant.</span> <span class='ocrx_word' id='word_1_179' title='bbox 892 3139 964 3204; x_wconf 84' lang='lat' dir='ltr'>Hos</span> <span class='ocrx_word' id='word_1_180' title='bbox 980 3137 1032 3204; x_wconf 93' lang='lat' dir='ltr'>illi</span> <span class='ocrx_word' id='word_1_181' title='bbox 1049 3136 1124 3203; x_wconf 93' lang='lat' dir='ltr'>dili-</span> 
     </span>
     <span class='ocr_line' id='line_1_29' title="bbox 144 3241 1125 3330; baseline 0.002 -25"><span class='ocrx_word' id='word_1_182' title='bbox 144 3253 263 3325; x_wconf 83' lang='lat' dir='ltr'>genter</span> <span class='ocrx_word' id='word_1_183' title='bbox 279 3241 478 3326; x_wconf 81' lang='lat' dir='ltr'>tuebantur3</span> <span class='ocrx_word' id='word_1_184' title='bbox 494 3244 542 3307; x_wconf 91' lang='lat' dir='ltr'>ita</span> <span class='ocrx_word' id='word_1_185' title='bbox 560 3252 593 3308; x_wconf 89' lang='lat' dir='ltr'>et</span> <span class='ocrx_word' id='word_1_186' title='bbox 609 3260 732 3310; x_wconf 83' lang='lat' dir='ltr'>novant</span> <span class='ocrx_word' id='word_1_187' title='bbox 745 3254 777 3310; x_wconf 91' lang='lat' dir='ltr'>et</span> <span class='ocrx_word' id='word_1_188' title='bbox 793 3251 931 3330; x_wconf 89' lang='lat' dir='ltr'>repente</span> <span class='ocrx_word' id='word_1_189' title='bbox 944 3241 1125 3308; x_wconf 88' lang='lat' dir='ltr'>collectam</span> 
     </span>
     <span class='ocr_line' id='line_1_30' title="bbox 123 3347 1126 3429; baseline 0.003 -19"><span class='ocrx_word' id='word_1_190' title='bbox 123 3347 385 3413; x_wconf 63' lang='lat' dir='ltr'>tauctoritatem</span> <span class='ocrx_word' id='word_1_191' title='bbox 408 3347 582 3413; x_wconf 88' lang='lat' dir='ltr'>tenebant.</span> <span class='ocrx_word' id='word_1_192' title='bbox 621 3348 672 3413; x_wconf 85' lang='lat' dir='ltr'>Eo</span> <span class='ocrx_word' id='word_1_193' title='bbox 695 3359 766 3413; x_wconf 93' lang='lat' dir='ltr'>tum</span> <span class='ocrx_word' id='word_1_194' title='bbox 790 3358 882 3415; x_wconf 92' lang='lat' dir='ltr'>statu</span> <span class='ocrx_word' id='word_1_195' title='bbox 905 3371 959 3414; x_wconf 91' lang='lat' dir='ltr'>res</span> <span class='ocrx_word' id='word_1_196' title='bbox 983 3357 1066 3429; x_wconf 87' lang='lat' dir='ltr'>erat,</span> <span class='ocrx_word' id='word_1_197' title='bbox 1089 3356 1126 3413; x_wconf 91' lang='lat' dir='ltr'>ut</span> 
     </span>
     <span class='ocr_line' id='line_1_31' title="bbox 145 3448 1127 3536; baseline 0.003 -24"><span class='ocrx_word' id='word_1_198' title='bbox 145 3449 247 3533; x_wconf 90' lang='lat' dir='ltr'>longe</span> <span class='ocrx_word' id='word_1_199' title='bbox 262 3450 432 3536; x_wconf 91' lang='lat' dir='ltr'>principes</span> <span class='ocrx_word' id='word_1_200' title='bbox 449 3448 656 3516; x_wconf 89' lang='lat' dir='ltr'>haberentur</span> <span class='ocrx_word' id='word_1_201' title='bbox 672 3451 793 3536; x_wconf 87' lang='lat' dir='ltr'>Aedui,</span> <span class='ocrx_word' id='word_1_202' title='bbox 818 3451 1001 3517; x_wconf 87' lang='lat' dir='ltr'>secundum</span> <span class='ocrx_word' id='word_1_203' title='bbox 1017 3449 1127 3517; x_wconf 91' lang='lat' dir='ltr'>locum</span> 
     </span>
     <span class='ocr_line' id='line_1_32' title="bbox 146 3552 667 3635; baseline 0.006 -19"><span class='ocrx_word' id='word_1_204' title='bbox 146 3552 325 3635; x_wconf 85' lang='lat' dir='ltr'>dignitatis</span> <span class='ocrx_word' id='word_1_205' title='bbox 348 3553 442 3619; x_wconf 90' lang='lat' dir='ltr'>Remi</span> <span class='ocrx_word' id='word_1_206' title='bbox 466 3552 667 3620; x_wconf 87' lang='lat' dir='ltr'>obtinerent.</span> 
     </span>
    </p>
   </div>
   <div class='ocr_carea' id='block_1_3' title="bbox 0 0 1208 3924">
    <p class='ocr_par' dir='ltr' id='par_1_3' title="bbox 0 0 1208 3924">
     <span class='ocr_line' id='line_1_33' title="bbox 0 0 1208 3924; baseline 0 0"><span class='ocrx_word' id='word_1_207' title='bbox 0 0 1208 3924; x_wconf 95' lang='lat' dir='ltr'> </span> 
     </span>
    </p>
   </div>
  </div>
 </body>
</html>
