2376 3924
442 233 516 286 car.
537 234 646 284 co-cc.
973 233 1049 297 213>

60 447 157 510 quam
191 425 337 510 proxime
367 432 471 510 potest
492 423 601 488 Uliam
629 431 735 487 castra
769 426 882 487 castris
915 423 1039 488 confert

60 529 266 613 locorumque
295 530 424 613 cognita
446 537 579 610 natura,
614 548 677 612 quo
711 529 853 590 maxime
886 549 957 590 rom
985 527 1037 592 de·

60 632 178 695 ducere
206 631 352 713 volebat,
386 633 576 695 necessitate
609 639 658 694 est
686 629 834 712 edoctus,
869 641 905 694 ut
932 653 1037 715 neque

59 736 247 820 confligeret
269 732 375 818 (cuins
404 736 430 799 si
458 737 505 797 rei
532 733 668 798 facultas
695 742 794 815 esset,
822 736 972 799 resistere
994 737 1038 798 in-

59 842 163 903 citatis
186 838 338 903 militibus
366 861 430 902 non
453 834 594 922 poterat)
625 859 730 922 neque
752 839 867 922 vagari
891 836 1037 902 Cassium
1111 909 1113 912 Α

58 943 153 1007 latius
181 951 363 1028 pateretur,
398 963 439 1004 ne
470 941 576 1025 plures
605 943 752 1005 civitates
775 962 814 1004 ea
837 949 1035 1026 paterentur,

59 1069 142 1130 quae
174 1034 266 1131 'passi
303 1054 396 1110 erant
434 1043 670 1109 Cordubenses.
731 1043 876 1109 Castellis
913 1044 1058 1112 idoneiss

58 1151 134 1213 locis
158 1149 318 1213 collocatis
347 1147 562 1233 operibusque
595 1149 628 1211 in
662 1149 797 1211 circuitu
827 1148 935 1234 oppidi
965 1171 1036 1212 con·

57 1256 188 1317 tinuatis
230 1252 340 1317 Uliam
383 1250 594 1336 Cassiumque
638 1250 867 1315 munitionibus
913 1251 1034 1317 clausit.

58 1359 152 1438 Quae
189 1357 377 1441 priusquam
415 1354 668 1438 perficerentur,
707 1354 874 1438 Longinus
909 1376 1058 1425 omnemr,

58 1482 151 1522 suum
181 1462 359 1543 equitatum
388 1458 506 1539 emisit3
545 1478 641 1541 quem
676 1456 736 1521 sibi
769 1459 841 1521 usui
874 1457 943 1521 fore
971 1480 1036 1520 cre-

58 1561 166 1643 debat,
190 1564 215 1624 si
238 1559 386 1646 pabulari
408 1559 662 1645 frumentarique
684 1558 874 1624 Marcellum
895 1581 960 1624 non
983 1583 1036 1645 pa·
1072 1603 1077 1607 -

57 1675 193 1745 teretur,
222 1685 340 1750 magno
363 1671 472 1728 autem
494 1662 563 1727 fore
584 1663 830 1748 impedimento,
860 1666 886 1727 si
910 1662 1036 1728 clausus

58 1767 224 1831 obsidione
258 1778 290 1832 et
322 1766 452 1832 inutilis
480 1769 699 1832 necessarium
733 1778 936 1833 consumeret
973 1769 1036 1832 fru-

56 1881 209 1935 mentum.
886 1861 888 1864 ’

143 1976 194 2039 62.
218 1976 399 2061 Paucisque
422 1974 537 2040 diebus
561 1974 651 2040 Cassi
674 1975 787 2040 litteris
811 1979 952 2062 acceptis
975 2000 1056 2041 rex·

56 2078 173 2162 Bogud
195 2101 269 2142 cum
292 2081 390 2164 copiis
406 2079 495 2143 venit
517 2077 728 2164 adiungitque
744 2080 773 2142 ei
789 2079 914 2164 legioni,
938 2102 1036 2164 quam

57 2205 166 2244 secum
206 2181 405 2265 adduxerat,
440 2181 619 2266 complures
660 2182 807 2247 cohortes
850 2182 1036 2248 auxiliariae

57 2287 285 2368 Hispanorum.
320 2286 478 2370 Namque,
502 2295 538 2350 ut
560 2288 592 2348 in
616 2286 762 2349 civilibus
785 2286 1058 2350 dissensionibnsa

56 2387 205 2452 accidere
228 2390 412 2469 consuevit,
446 2390 491 2452 ita
514 2388 713 2473 temporibus
740 2387 799 2452 illis
822 2392 855 2453 in
877 2390 1036 2472 Hispania

56 2490 227 2555 nonnullae
267 2492 414 2554 civitates
448 2491 545 2555 rebus
580 2491 670 2556 Cassi
705 2492 893 2573 studebant,
929 2493 1036 2576 plures

56 2593 247 2659 Marcellum
274 2594 438 2659 fovebant.
477 2594 615 2659 Accedit
637 2618 711 2659 cum
734 2597 832 2680 copiis
854 2596 970 2680 Bogud
993 2597 1056 2661 ads

56 2700 233 2761 exteriores
256 2697 400 2762 Marcelli
430 2701 632 2763 munitiones.
677 2699 846 2784 Pugnatur
873 2702 1035 2784 utrimque

56 2805 183 2884 acriter,
208 2802 387 2888 crebroque
409 2803 443 2868 id
466 2802 584 2868 accidit
599 2803 729 2867 fortuna
744 2825 841 2888 saepe
857 2803 898 2866 ad
914 2811 1034 2867 utrum-

56 2930 119 2992 que
141 2909 312 2972 victoriam
339 2907 570 2989 transferente,
601 2929 662 2971 neo
684 2915 793 2970 tamen
815 2929 970 2992 umquam
992 2906 1034 2971 ab

57 3010 208 3096 operibus
232 3011 402 3096 depellitur
425 3011 608 3075 Marcellus.

142 3116 192 3178 63.
216 3116 352 3179 interim
367 3113 513 3200 Lepidus
536 3137 579 3179 ex
602 3115 750 3179 citeriore
772 3116 939 3200 provincia
962 3136 1035 3178 cum

55 3218 240 3282 cohortibus
263 3217 445 3302 legionariis
469 3234 565 3280 xxxv
587 3238 770 3303 magnoque
792 3240 926 3282 numero
949 3219 1035 3302 equi·

54 3331 124 3385 tum
146 3330 179 3386 et
200 3320 398 3407 reliquorum
420 3319 612 3385 auxiliorum
634 3323 724 3386 venit
738 3343 778 3386 ea
793 3331 900 3386 mente
916 3320 1034 3402 Uliam,

54 3433 91 3489 ut
124 3427 192 3489 sine
225 3423 289 3490 ullo
321 3422 429 3491 studio
461 3426 682 3509 contentiones
711 3423 802 3489 Cassi
825 3423 1034 3508 Marcellique

56 3535 276 3613 componeret.
299 3526 629 3623 apapermenus
643 3525 845 3593 dubitatione
860 3526 1057 3591 Marcellusr
