2376 3924
513 241 590 293 611.
608 245 652 292 o-
664 245 701 293 11.
1033 244 1095 308 299

119 441 169 496 est
190 430 277 514 deta,
301 440 334 495 et
356 454 376 496 a
397 431 551 497 militibus
573 435 691 497 nostris
713 433 874 498 interfecti
897 442 980 497 sunt.
1004 432 1118 498 Idem³

118 535 272 621 temporis
306 537 392 621 eapti
425 535 595 620 tabellarii,
629 538 684 621 qui
708 559 727 600 a
749 534 904 600 Corduba
933 536 976 601 ed
1005 537 1097 601 Pom-

119 642 227 726 peium
260 640 348 703 missi
381 649 475 704 erant
509 661 745 726 perperamque
775 639 817 704 ad
845 648 956 705 nostra
990 649 1098 706 eastra

119 753 345 829 pervenerant,
369 746 523 829 praecisis
545 743 695 809 manibus
718 747 806 809 missi
821 753 896 809 sunt
910 744 997 809 faeti.
1021 745 1119 809 Parit

119 847 351 912 consuetudine
373 848 483 933 vigilia
513 848 656 912 seeundo
679 871 721 912 ex
745 848 862 934 oppido
890 851 998 934 ignem
1019 849 1097 914 mul·

121 962 191 1016 tum
223 950 425 1035 telorumque
468 950 705 1015 multitudinem
739 952 888 1016 iactando
916 951 1000 1017 bene
1033 975 1098 1017 ma·

119 1077 220 1139 gnum
253 1063 380 1139 tempus
404 1064 671 1140 consumpserunt
693 1055 938 1141 compluresque
960 1056 1098 1121 vulneri-

119 1158 180 1222 bus
203 1158 388 1221 affeoernnt.
412 1158 592 1222 Praeterito
615 1167 760 1243 tempore
776 1161 878 1223 noetis
897 1163 1120 1246 eruptionem⁶

120 1260 162 1326 ad
199 1260 358 1345 legionem
395 1277 441 1324 v1.
479 1260 636 1343 lecerunt,
682 1282 755 1324 oum
792 1263 824 1325 in
863 1284 960 1346 opere
997 1265 1098 1327 nostri

119 1365 249 1430 distenti
262 1373 378 1446 essent,
395 1366 578 1449 acriterque
593 1386 740 1450 pugnare
752 1374 942 1451 coeperunt3
960 1387 1098 1453 quorum

119 1470 169 1532 vis
191 1489 340 1554 repressa
363 1491 382 1531 a
404 1470 531 1550 nostris,
566 1470 625 1531 etsi
654 1466 806 1553 oppidani
835 1470 1000 1555 superiore
1028 1468 1097 1534 loeo

119 1571 387 1636 defendebantur.
411 1571 455 1634 Hi
479 1593 553 1635 oum
569 1573 769 1656 eruptionem
784 1571 891 1637 lacere
908 1575 1119 1658 coepissentss

119 1685 229 1739 tamon
253 1678 372 1740 virtute
394 1674 530 1739 militnm
545 1683 738 1757 nostrornm,
763 1672 841 1760 [qui]
864 1679 924 1740 etsi
945 1675 1097 1741 inferiore

120 1779 188 1842 loeo
222 1778 463 1864 premebantur,
499 1773 630 1863 [tamen]
662 1778 782 1863 repulsi
812 1777 991 1844 adversarii
1012 1777 1096 1843 bene

120 1881 228 1947 multis
271 1880 459 1946 vulneribus
503 1882 610 1946 affecti
648 1883 681 1945 in
718 1880 873 1968 oppidum
917 1904 952 1946 se
989 1891 1097 1946 eontu-

122 1985 236 2050 lerunt.

207 2090 256 2155 13.
280 2090 414 2154 Postero
443 2088 496 2153 die
524 2090 697 2175 Pompeius
727 2112 768 2153 ex
798 2092 912 2154 eastris
940 2092 1005 2155 suis
1028 2088 1098 2153 bra-

120 2193 227 2258 ohium
250 2192 360 2256 ducere
382 2195 487 2278 eoepit
502 2193 545 2257 ad
560 2193 680 2256 flumen
696 2193 838 2276 Salsum3
863 2203 895 2258 et
910 2216 984 2258 eum
999 2194 1100 2257 nostri

121 2299 244 2382 equites
267 2299 361 2383 pauci
385 2299 418 2360 in
441 2298 578 2360 statione
600 2296 736 2360 fuissent
758 2320 778 2360 a
800 2296 946 2381 pluribus
968 2299 1097 2381 reperti,

120 2402 161 2466 de
184 2402 320 2466 statione
343 2409 418 2466 sunt
440 2399 556 2464 doieoti
580 2408 611 2463 et
634 2401 730 2464 oooisi
753 2408 828 2463 tres.
853 2399 902 2464 Eo
926 2400 978 2464 die
993 2398 1119 2463 Aulns2

120 2505 265 2590 Valgius,
289 2505 446 2568 senatoris
469 2501 562 2585 filius,
586 2503 676 2565 euius
699 2501 800 2565 frater
822 2503 855 2565 in
877 2504 990 2567 castris
1006 2501 1097 2565 Pom-

120 2609 173 2694 pei
194 2608 316 2690 fnisset‚
352 2606 500 2671 omnibus
523 2607 589 2670 suis
611 2603 708 2670 rebus
736 2604 855 2669 relietis
884 2626 1003 2690 equum
1027 2627 1098 2670 oon-

121 2711 246 2776 soendit
269 2720 301 2775 et
322 2711 413 2795 fugit.
439 2708 629 2795 speculator
644 2707 685 2772 de
701 2707 825 2792 legione
847 2725 883 2770 11.
900 2709 1120 2793 Pompeianas

121 2825 234 2901 eaptus
257 2839 277 2880 a
299 2814 452 2879 militibus
475 2823 508 2878 et
531 2811 720 2877 interfectus
743 2820 808 2894 est3
847 2810 998 2896 idemque
1021 2820 1098 2875 tem-

121 2922 208 3006 poris
231 2918 323 3004 glans
345 2920 443 2982 missa
466 2927 515 2981 est
537 2917 705 3000 inscripta:
730 2937 794 3000 quo
817 2914 870 2979 die
886 2915 929 2979 ad
945 2915 1098 3002 oppidum

121 3022 314 3109 capiendum
348 3022 550 3103 secederent,
585 3042 618 3084 se
647 3029 774 3085 scutum
806 3041 876 3084 esse
910 3023 1096 3106 positurum.

121 3127 197 3209 Qua
241 3149 297 3212 spe
340 3123 499 3200 nonnulli,
549 3125 628 3189 dum
672 3126 741 3187 sine
785 3123 926 3209 periculo
969 3136 1119 3187 murum⁴

122 3229 297 3294 ascendere
331 3238 363 3294 et
397 3227 514 3314 oppido
548 3229 642 3314 potiri
676 3250 770 3312 posse
803 3249 837 3292 se
871 3237 1012 3314 sperant,
1046 3249 1099 3312 po-

121 3342 206 3399 stero
244 3333 296 3398 die
333 3331 376 3396 ad
419 3353 548 3396 murum
586 3353 665 3417 opus
702 3331 810 3396 faeere
854 3340 1030 3417 coeperunt
1067 3339 1100 3395 et
1164 3348 1165 3351 ’

121 3435 205 3502 bene
238 3459 357 3522 magna
390 3438 505 3522 prioris
538 3438 622 3500 muri
655 3445 748 3521 parte
781 3435 907 3500 deiecta
931 3486 1098 3500 ......

123 3539 196 3622 Quo
233 3542 318 3606 fanto
356 3540 398 3604 ab
436 3539 613 3626 oppidanis,
659 3562 698 3604 ao
730 3542 757 3605 si
790 3561 923 3606 snorum
959 3541 1121 3626 partium
