2376 3924
115 243 177 306 246
415 241 465 291 nn
483 240 605 291 annno
625 237 783 290 onnnroo

113 439 259 518 pararet,
284 451 348 516 quo
373 429 437 495 sibi
460 430 644 513 resisteret,
674 428 733 495 sed
756 428 936 495 nonnullus
961 453 1004 494 ex
1032 451 1089 516 op·

114 536 202 621 pidis
232 534 432 617 demigrare,
467 557 510 599 ex
533 535 627 617 agris
658 533 821 618 diffugere
854 533 900 599 ad
927 556 1088 620 praesens

115 640 288 725 imperium
317 637 523 721 evitandum,
555 636 668 723 plures
697 639 732 702 in
761 647 875 724 partes
904 639 1090 704 exercitum

93 742 285 815 adimittere
302 742 491 806 constituit.
517 739 562 804 M.
577 740 762 806 Antonium
782 750 995 827 quaestorem
1013 764 1091 808 cum

113 847 247 929 legione
271 844 469 916 duodecima
500 843 566 909 sibi
589 846 774 929 coniungit.
813 842 850 910 0.
875 844 1020 912 Fabium
1042 845 1090 910 le-

113 960 230 1034 gatum
251 970 328 1013 cum
342 946 536 1013 cohortibus
560 965 633 1012 xxv
648 949 753 1015 mittit
769 950 804 1014 in
821 949 1090 1015 diversissimam

115 1062 246 1138 partem
259 1050 404 1134 Galliae,
417 1051 507 1137 quod
524 1051 571 1116 ibi
583 1051 748 1138 quasdam
760 1052 918 1118 civitates
936 1053 970 1117 in
988 1055 1091 1118 armis

115 1179 189 1222 esse
201 1155 363 1221 audiebat
381 1177 489 1241 neque
507 1152 544 1220 O.
564 1153 745 1220 Caninium
762 1154 917 1220 Rebilum
929 1155 1091 1240 legatum,

115 1261 218 1347 quiin
232 1259 299 1323 illis
313 1258 507 1343 regionibus
521 1268 604 1343 erat,
617 1259 702 1325 satis
715 1258 828 1324 firmas
843 1258 927 1325 duas
940 1259 1090 1345 legiones

94 1363 240 1429 8habere
257 1363 487 1429 existimabat.
504 1363 617 1429 Titum
632 1362 822 1429 Labienum
838 1362 883 1428 ad
900 1386 935 1428 se
952 1373 1090 1448 evocat3

114 1468 282 1552 legionem
298 1477 412 1533 autem
427 1485 496 1549 xv,
513 1488 599 1552 quae
615 1488 692 1532 oum
708 1489 746 1532 eo
759 1467 870 1533 fuerat
883 1469 917 1532 in
929 1466 1091 1552 hibernis,

116 1575 151 1637 in
173 1581 327 1656 togatam
351 1570 501 1636 Galliam
523 1571 628 1636 mittit
652 1569 697 1635 ad
720 1571 871 1636 colonias
888 1573 1013 1636 civium
1027 1569 1092 1637 Ro-

114 1698 290 1741 manorum
313 1675 468 1759 tuendas,
484 1697 527 1740 ne
543 1674 632 1761 quod
650 1673 758 1739 simile
774 1675 1021 1741 incommodum
1037 1697 1092 1741 ac-

116 1779 244 1846 cideret
259 1779 457 1843 decursione
468 1777 701 1860 barbarorum,
719 1798 759 1842 ac
776 1779 948 1863 superiore
959 1786 1093 1844 aestate

116 1883 326 1966 Tergestinis
339 1881 523 1966 acciderat,
537 1883 593 1967 qui
606 1880 782 1965 repentino
798 1880 978 1947 latrocinio
991 1890 1093 1968 atquc

95 1989 243 2075 eimpetu
265 1987 400 2052 illorum
423 1995 520 2053 erant
545 1988 707 2073 oppressi.
731 1987 808 2072 Ipse
832 1985 878 2050 ad
906 1984 1092 2052 vastandos

119 2084 1095 2177 depopulandosquefinesAmbiorigisproficiscitur3quem

116 2196 331 2281 perterritum
343 2216 384 2259 ac
406 2195 592 2278 fugientem
609 2215 684 2257 cum
700 2192 809 2276 redigi
832 2213 932 2277 posse
948 2193 983 2258 in
999 2215 1095 2283 suam

116 2309 320 2384 potestatem
350 2298 574 2383 desperasset,
596 2299 785 2384 proximum
808 2319 888 2362 suae
911 2295 1091 2380 dignitatis

119 2427 193 2469 esse
217 2402 373 2487 ducebat,
397 2401 483 2468 adeo
498 2402 583 2467 fines
600 2403 672 2466 eius
688 2411 827 2467 vastare
843 2400 986 2483 civibus,
1002 2400 1094 2485 aedi·

117 2509 214 2592 ficiis,
237 2530 368 2593 pecore,
395 2514 433 2572 ut
464 2505 542 2571 odio
572 2527 706 2571 suorum
736 2504 924 2585 Ambiorix,
955 2505 984 2568 si
1011 2524 1095 2590 quos

119 2613 254 2677 fortuna
277 2611 424 2696 reliquos
452 2610 602 2692 fecisset,
630 2607 758 2674 nullum
786 2608 931 2674 reditum
959 2616 1096 2695 propter

119 2724 234 2781 tantas
259 2715 474 2781 calamitates
498 2712 641 2780 haberet
664 2714 699 2777 in
722 2713 907 2778 civitatem.

222 2819 274 2883 25.
299 2816 382 2884 Cum
406 2822 440 2884 in
464 2840 577 2883 omnes
601 2826 716 2903 partes
744 2816 861 2882 finium
890 2815 1096 2900 Ambiorigis

120 2930 179 2988 aut
202 2922 354 3006 legiones
378 2932 438 2988 aut
462 2922 592 2989 auxilia
624 2921 827 2987 dimississet
855 2928 957 3005 atque
986 2920 1096 2984 omnia

119 3025 291 3109 caedibus,
316 3026 494 3110 incendiis,
516 3026 645 3113 rapinis
675 3032 858 3108 vastasset,
886 3044 1009 3108 magno
1036 3045 1096 3088 nu-

119 3151 209 3195 mero
232 3128 403 3194 hominum
425 3130 606 3195 interfecto
623 3137 682 3194 aut
698 3137 798 3215 capto
815 3127 1006 3195 Labienum
1021 3147 1098 3191 cum

100 3233 251 3299 adnabus
265 3232 674 3318 legionibusinTreveros
687 3233 791 3296 mittit
801 3254 810 3315 3
822 3253 963 3317 quorum
974 3230 1097 3295 civitas

119 3347 257 3423 propter
270 3335 473 3402 Germaniae
485 3337 698 3403 vicinitatem
710 3336 894 3401 cotidianis
909 3334 1097 3399 exercitata

119 3440 219 3506 bellis
232 3441 326 3506 cultu
336 3450 371 3506 et
388 3441 524 3507 feritate
540 3462 608 3505 non
623 3438 764 3505 multum
778 3460 799 3503 a
812 3437 991 3504 Germanis
1004 3434 1097 3500 diffe-
