2376 3924
275 230 324 280 AD
345 231 443 283 CAES.
461 230 566 282 BELL.
586 230 690 282 GALL.
709 233 770 294 Vll,
790 234 899 283 58-71.
993 234 1082 284 XXXI

203 436 227 471 6.
240 421 281 481 66,
295 423 324 472 5:
344 436 361 471 a
381 419 505 473 tribunis
524 420 646 474 utilitutu
663 421 833 488 reliquisque
844 420 907 491 [sed
920 421 962 492 et]
980 423 1080 490 equiti-

96 505 150 558 bus
166 505 305 560 Romauis
324 509 407 572 atque
430 506 552 559 66666666
574 521 656 573 equas
676 506 785 576 suasit]
809 510 894 559 verba
916 508 1080 562 sedetiam

96 607 115 642 6
133 593 330 642 vetustioribus
355 592 505 642 editoribus
530 593 641 658 explosa
669 595 761 659 spuria
784 611 843 645 esse
872 595 1011 647 luculente
1036 597 1081 648 de·

96 680 262 727 monstravit
284 677 415 743 Nipperd.
433 695 459 743 p.
480 679 537 740 101,
562 680 713 744 mirumque
736 686 784 743 est,
808 682 854 745 qui
880 696 913 730 66
937 683 1080 734 retinenda

96 765 159 815 vise
177 765 234 814 sint
252 763 429 828 Schneidero,
447 765 587 831 Frigellio‚
608 767 747 816 Dtibnero.

203 866 227 900 e.
248 851 289 910 66,
314 851 343 899 6:
370 865 438 902 uaru
460 878 496 889 —
518 850 587 917 quiu
612 867 691 904 ueuta
719 867 813 904 eoruru
837 852 973 921 propredi
999 853 1080 906 uado

95 940 181 989 extra
200 950 298 1003 aputeu
323 934 436 1001 audeat,
461 940 488 988 et
510 936 588 1003 ipsos
612 937 723 1003 quidem
743 953 801 990 uou
820 938 916 991 debere
940 939 1080 1003 dubitare,

97 1025 208 1088 et-quo
237 1021 343 1073 maiore
370 1020 484 1085 faeiaut
511 1022 605 1074 auimo
633 1022 719 1092 cett]
748 1024 941 1090 Nipperdeium
971 1031 1080 1076 secutus

43 1140 45 1144 ·
96 1109 216 1161 alterum
228 1111 260 1158 et
271 1124 320 1174 pro
332 1107 379 1169 id,
392 1108 464 1174 quod
477 1110 504 1157 in
519 1109 596 1158 codd.
610 1116 659 1170 est,
674 1112 789 1175 reposui.
810 1112 916 1161 Kraner
926 1111 1078 1176 (Teuchn.),

94 1193 211 1259 Frigell,
237 1194 351 1243 Dilbner
376 1194 508 1244 librorum
534 1197 696 1259 scripturam
720 1199 753 1246 et
780 1194 857 1263 ipsos
876 1231 882 1244 .
902 1232 908 1244 .
930 1233 936 1247 .
955 1195 997 1248 Ia
1026 1211 1079 1263 qua

96 1283 276 1343 retinuerunt,
303 1296 403 1330 novum
437 1282 608 1330 enuntiatum
635 1281 669 1330 ab
698 1280 745 1332 Ia
772 1283 892 1348 incipere
920 1289 1078 1333 statuentes.

94 1365 605 1428 1166666,Β166666.,Η61(16617616616
628 1372 739 1417 auctore
762 1370 789 1418 et
813 1373 876 1418 6666
905 1366 983 1434 ipsas
1003 1368 1075 1420 dele·

95 1459 206 1503 verunt.

201 1553 225 1586 c.
237 1538 280 1598 67,
295 1540 323 1586 1:
342 1552 401 1588 666
415 1553 432 1588 6
447 1536 541 1603 primo
560 1536 693 1607 apiuiuess
710 1554 736 1599 a,
750 1539 823 1604 quod
836 1540 913 1590 deest
926 1541 954 1589 in
968 1542 1078 1606 optimis

96 1623 182 1683 libris,
201 1624 230 1672 in
249 1625 338 1687 priore
361 1624 480 1674 editione
504 1625 663 1684 omiseram
689 1625 737 1675 sed
761 1642 822 1675 cum
846 1642 879 1676 ex
902 1626 1079 1677 antecedente

95 1708 233 1759 vocabulo
250 1710 279 1758 in
298 1724 316 1759 a
336 1709 476 1760 desinente
495 1716 618 1775 apertum
637 1711 681 1771 sit,
707 1728 755 1761 cur
778 1712 943 1776 praepositio
967 1711 1078 1763 111666-

96 1793 189 1845 cidere
207 1795 335 1860 potuerit,
354 1801 381 1844 66
394 1811 456 1844 cum
468 1795 574 1845 ratione
589 1798 767 1860 grammatice
785 1797 930 1862 flagitetur,
950 1800 1004 1848 iam
1017 1814 1079 1848 cum

95 1881 234 1946 plerisque
247 1879 396 1930 editoribus
407 1894 467 1930 eam
481 1880 664 1945 recipiendam
677 1897 738 1931 esse
751 1881 824 1931 duxi.
838 1910 870 1918 -
891 1885 913 1944 §-
928 1884 957 1932 3:
975 1882 1079 1944 iuter,

96 1967 170 2032 qnod
193 1967 258 2017 libri
281 1967 391 2026 666666,
415 1973 446 2016 66
463 1967 492 2016 in
513 1969 602 2032 priore
626 1968 744 2018 editione
768 1971 885 2020 servavi.
903 1970 1032 2035 Nipperd.
1052 1975 1079 2019 et

97 2055 207 2104 Krener
223 2051 304 2104 iutra
317 2054 477 2117 scipserunt.

202 2154 224 2188 c.
244 2139 285 2200 70,
303 2140 333 2187 22
351 2153 386 2190 ue
404 2153 461 2203 qua
479 2137 572 2190 subito
590 2137 716 2204 irruptio
735 2138 770 2190 ab
795 2139 917 2193 hostium
941 2139 1078 2207 peditatu

95 2222 172 2293 fiat]
192 2224 260 2274 6666
277 2225 363 2275 verbe
375 2225 480 2275 Holder
493 2231 602 2275 6666666
616 2225 689 2275 Guil.
702 2225 789 2277 Paulo
803 2235 832 2276 ut
845 2230 938 2293 spuria
956 2229 1077 2288 inclusit,

96 2310 145 2361 sed
162 2309 245 2375 plene
264 2312 385 2374 genuina
401 2325 435 2360 66
452 2311 553 2372 iudico,
575 2326 637 2360 cnm
654 2311 714 2361 iure
732 2312 897 2363 monendum
915 2314 1005 2377 fuerit,
1025 2330 1077 2380 quo

97 2395 212 2446 consilio
233 2395 334 2447 066666
350 2396 474 2462 legiones
492 2412 540 2461 pro
560 2399 656 2446 castris
677 2399 854 2448 constituerit,

201 2498 224 2532 6,
245 2483 285 2544 71,
304 2485 333 2535 4:
355 2481 455 2549 exipue
474 2481 584 2534 dierum
602 2497 636 2534 ee
653 2482 753 2535 babere
772 2482 863 2535 XXX
881 2483 1078 2555 frumeutum]

95 2567 220 2618 bociam
240 2568 333 2619 ordine
351 2569 437 2619 verba
460 2585 521 2618 curn
542 2569 672 2618 Ddbnero
697 2577 725 2618 et
743 2569 863 2619 Holdero
887 2586 920 2619 66
943 2585 1078 2621 66666666

96 2652 222 2703 codicum
239 2654 324 2720 Bong.
343 2660 371 2704 et
387 2654 515 2707 Moissac.
534 2656 672 2705 constitui.
696 2656 726 2705 in
744 2656 807 2705 eliis
828 2655 972 2705 codicibus
993 2656 1078 2707 verbe

96 2739 177 2790 611666
195 2754 225 2788 66
244 2741 392 2806 excipiunt,
415 2740 486 2791 unde
508 2747 615 2790 veteres
640 2740 756 2790 editores
776 2747 803 2790 66
821 2740 995 2806 Oudendorp.
1014 2740 1078 2806 fru-

95 2830 220 2879 mentum
238 2841 267 2879 66
285 2826 384 2896 cuique
408 2827 519 2879 dierum
536 2826 628 2879 XXX
650 2827 757 2893 babere,
781 2828 909 2893 Nipperd
928 2841 957 2878 66
980 2826 1078 2895 cuique

96 2912 208 2965 dierum
226 2913 349 2982 uiputta
366 2913 466 2965 habere
478 2913 652 2978 frumentum
666 2913 818 2966 ediderunt.
837 2913 941 2978 Frigell
954 2918 998 2962 set
1010 2915 1078 2964 mire

95 2999 238 3068 ccipere
255 2999 368 3053 dierum
383 2998 476 3051 XXX
493 2999 667 3064 frumentum
688 3001 858 3065 scripsit-
877 3003 901 3062 §-
920 3001 950 3047 5:
970 2999 1078 3065 equita-

95 3089 155 3138 tum
176 3084 357 3154 dimittit]
380 3086 451 3135 6666
475 3085 614 3150 volgatam
641 3087 803 3150 scripturam
826 3088 908 3135 661666
931 3100 1005 3135 6666
1023 3101 1077 3135 666-

95 3171 213 3222 6666666
239 3187 299 3221 esse
323 3170 396 3232 duxi,
420 3187 481 3220 curn
504 3169 635 3231 mittit,
663 3171 734 3236 quod
759 3188 793 3221 ex
817 3171 976 3221 melioribus
1000 3171 1078 3221 libris

96 3256 236 3322 Nipperd‚
254 3257 369 3317 Kraner,
387 3256 500 3321 Frigell,
517 3256 624 3318 Dinter,
641 3256 745 3306 Holder
763 3263 932 3323 receperunt,
951 3274 1006 3308 non
1024 3258 1078 3307 nisi

95 3349 153 3393 tum
170 3348 245 3393 recte
265 3342 366 3393 dictum
386 3351 465 3403 esset,
485 3344 508 3393 si
532 3349 625 3407 aperte
650 3350 722 3394 esset
745 3344 936 3410 significatum,
961 3359 1014 3408 quo
1033 3343 1077 3393 rel

97 3443 178 3492 quem
196 3430 227 3477 in
244 3427 323 3478 finem
349 3430 485 3493 equitatus
509 3430 608 3479 missus
626 3432 669 3481 sit
697 3430 811 3481 Dlibner
834 3429 937 3481 emittit
961 3429 1077 3494 scripsit,

98 3514 172 3578 qnod
190 3515 219 3562 in
240 3513 300 3564 cod
319 3513 396 3566 Rom.
414 3516 575 3564 correctoris
594 3530 676 3565 menn
694 3521 789 3566 exstat
