2376 3924
156 240 219 306 258
494 237 604 288 numu
622 235 794 287 1111101111

156 435 301 518 protinus
336 431 454 494 ducere
478 439 510 493 et
533 427 663 492 castella
691 427 816 490 munire
847 427 1044 510 propiusque
1068 426 1137 489 Sci·

157 539 285 621 pionem
308 533 464 619 capiendo
498 532 568 597 loca
601 530 729 595 excelsa
765 550 923 615 occupare
957 526 1137 610 contendit,

136 658 197 704 aaa
220 638 398 701 adversarii
432 635 654 719 magnitudine
688 636 854 719 copiarum
887 632 999 696 confisi
1026 635 1138 718 proxi-

158 762 247 804 mum
277 741 401 805 collem
419 748 613 824 occuparent
641 747 738 823 atque
760 740 805 801 ita
827 737 952 820 longius
980 736 1041 800 sibi
1065 760 1139 823 pro·

136 843 328 926 ggrediendi
351 846 513 928 eriperent
535 841 730 906 facultatem.
754 839 910 905 Eiusdem
932 838 1019 904 collis
1043 862 1138 905 occu-

156 946 256 1032 pandi
289 943 415 1031 [gratia]
450 946 616 1010 Labienus
650 943 816 1009 consilium
849 952 981 1028 ceperat
1003 951 1045 1025 et,
1071 964 1138 1026 quo

157 1051 307 1134 propiore
330 1048 399 1113 loco
421 1049 537 1130 fuerat,
562 1070 599 1112 eo
623 1047 758 1112 celerius
782 1054 976 1111 occurrerat.

242 1152 293 1216 50.
317 1153 398 1216 Erat
420 1151 572 1217 convallis
601 1152 678 1214 satis
706 1173 825 1234 magna
853 1148 1031 1231 latitudine,
1067 1148 1137 1213 alti-

156 1255 267 1320 tudine
290 1266 465 1342 praerupta
489 1256 612 1320 crebris
639 1254 716 1318 locis
739 1253 911 1339 speluncae
939 1254 973 1317 in
999 1252 1137 1318 modum

156 1359 307 1442 subrutis,
342 1380 427 1444 quae
460 1368 530 1423 erat
563 1357 831 1443 transgredienda
865 1355 1006 1439 Caesari,
1045 1366 1137 1422 ante-

156 1483 254 1546 quam
277 1463 320 1527 ad
342 1486 416 1527 eum
432 1462 554 1545 collem,
579 1484 675 1548 quem
692 1483 808 1546 capere
824 1460 962 1542 volebat,
985 1465 1136 1546 perveni·

156 1575 255 1649 retur,
278 1565 428 1651 ultraque
450 1588 523 1630 eam
538 1564 716 1630 convallem
732 1564 884 1629 olivetum
899 1572 993 1627 vetus
1008 1562 1136 1629 crebris

135 1668 326 1739 2arboribus
360 1669 566 1734 condensum.
612 1670 676 1733 Hic
698 1691 772 1732 cum
794 1668 960 1733 Labienus
988 1669 1135 1734 animad-

155 1774 314 1853 vertisset,
346 1771 529 1854 Caesarem,
553 1774 578 1835 si
601 1771 698 1836 vellet
726 1794 800 1835 eum
827 1771 934 1835 locum
962 1791 1134 1855 occupare,

155 1876 243 1958 prius
265 1897 396 1938 11000110
420 1896 489 1938 0110
513 1874 690 1938 convallem
706 1874 922 1959 olivetumque
937 1874 1134 1958 transgredi,

156 1997 267 2040 eorum
296 1975 439 2041 locorum
469 1980 591 2062 peritus
620 1981 653 2042 in
676 1979 798 2043 insidiis
828 2001 902 2043 cum
929 1983 1135 2064 11111οθ1111-

133 2086 242 2148 status
276 2078 405 2163 levique
438 2089 605 2146 armatura
639 2082 784 2147 consedit
806 2091 838 2145 et
860 2090 1030 2167 praeterea
1060 2093 1136 2168 post

154 2189 296 2245 montem
319 2186 442 2267 equites
465 2186 498 2248 in
520 2185 643 2250 occulto
660 2186 882 2269 collocaverat,
904 2193 950 2269 ut,
974 2188 1134 2272 cumipse

155 2307 198 2348 ex
220 2288 392 2371 improviso
422 2289 615 2372 legionarios
638 2290 771 2354 adortus
794 2299 888 2373 esset,
922 2312 965 2354 ex
993 2283 1073 2355 c'olle
1097 2314 1133 2357 se

153 2390 315 2473 equitatus
338 2391 531 2476 ostenderet,
554 2401 637 2456 0110
653 2392 771 2477 duplici
786 2392 994 2478 perturbatus
1009 2391 1133 2460 Caesar

153 2493 287 2576 eiusque
321 2497 483 2558 exercitus
516 2516 623 2580 neque
656 2505 744 2560 retro
777 2495 987 2582 regrediundi
1023 2519 1132 2584 neque

153 2595 237 2660 ultra
259 2597 456 2681 procedendi
479 2597 586 2663 oblata
614 2599 767 2664 facultate
796 2602 1035 2666 circumventus
1058 2624 1133 2668 con-

131 2698 325 2770 rcideretur.
349 2700 470 2765 Caesar
492 2689 664 2787 postquam
685 2704 832 2787 equitatu
854 2712 929 2767 ante
951 2706 1130 2789 praemisso

152 2803 270 2866 inscius
304 2803 493 2868 insidiarum
527 2801 623 2890 [cum]
657 2804 700 2868 ad
734 2828 808 2869 eum
843 2805 949 2871 locum
975 2809 1129 2893 venisset,

152 2901 254 2967 abditi
276 2907 344 2968 sive
379 2906 466 2971 obliti
496 2916 742 2993 praeceptorum
765 2908 903 2974 Labieni
932 2912 1000 2975 sive
1022 2914 1130 2996 veriti,

152 3025 192 3066 ne
215 3007 247 3067 in
270 3007 355 3072 fossa
378 3009 420 3072 ab
443 3010 604 3095 equitibus
627 3014 895 3096 opprimerentur,
917 3015 1130 3080 1111101111-

131 3106 217 3191 aguli
239 3107 280 3172 de
303 3133 383 3195 rupe
406 3112 535 3196 prodire
558 3123 591 3177 01
613 3137 738 3180 summa
761 3124 871 3201 petere
894 3116 990 3183 collis.
1036 3117 1129 3200 Quos

151 3208 299 3277 Caesaris
322 3218 446 3301 equites
469 3224 631 3284 consecuti
653 3224 772 3306 partim
793 3221 1033 3306 interfecerunt,
1056 3245 1130 3308 par·

129 3328 209 3391 etim
230 3326 380 3390 vivorum
417 3335 492 3390 sunt
527 3329 635 3412 potiti;
681 3326 798 3391 deinde
836 3328 981 3412 protinus
1014 3326 1130 3395 collem

152 3439 262 3516 petere
299 3431 535 3496 contenderunt
571 3440 669 3517 atque
705 3453 780 3496 eum
816 3432 951 3498 decusso
987 3430 1131 3499 Labieni
