2376 3924
144 262 207 325 238
482 259 592 308 ouum
611 257 780 308 lonicum

232 452 281 514 20.
309 449 430 514 Caesar
464 451 592 513 interim
626 457 732 512 castra
765 451 890 512 munire
925 448 1130 534 diligentiae,

147 553 308 640 praesidia
330 554 461 617 firmare
484 554 583 639 copiis
605 551 780 617 maioribus
802 551 987 637 vallumque
1012 551 1057 617 ab
1074 575 1133 640 op-

147 657 221 742 pido
250 657 395 740 Ruspina
428 676 531 740 usquc
565 655 608 720 ad
640 677 730 719 marc
764 655 883 720 ducere
912 663 944 718 ct
966 677 986 718 a
1009 659 1132 721 castris

148 759 284 824 alterum
307 758 430 842 eodem,
461 781 523 844 quo
547 762 646 824 tutius
668 759 751 824 ultro
775 762 919 844 citroque
942 781 1133 825 commeare

148 862 332 947 auxiliaque
355 864 423 925 sinc
446 863 587 948 periculo
610 863 671 927 sibi
694 885 882 927 succurrere
897 872 1039 948 possent,
1064 864 1134 929 tela

148 976 372 1051 tormentaque
395 989 438 1030 ox
460 966 598 1031 navibus
621 968 653 1030 in
677 975 782 1030 castra
798 975 1010 1051 comportare,
1035 969 1134 1032 remi-

149 1092 226 1154 gum
249 1079 374 1155 partem
397 1093 440 1133 ex
462 1069 573 1152 classe,
608 1069 784 1152 Gallorum,
817 1070 1029 1154 Rhodiorum,
1066 1075 1134 1159 epi·

149 1173 364 1258 batarumque
397 1196 525 1237 armare
559 1183 592 1238 et
624 1175 656 1238 in
691 1183 797 1238 castra
831 1196 977 1256 evocare,
1012 1177 1072 1258 uti,
1107 1179 1135 1240 si

151 1287 267 1361 posset,
302 1277 417 1341 eadem
439 1280 573 1361 ratione,
609 1299 674 1364 qua
697 1277 885 1360 adversarii,
921 1278 1000 1343 levis
1025 1302 1134 1344 arma-

151 1391 224 1445 tura
261 1382 429 1446 interiecta
466 1384 549 1446 inter
586 1385 709 1467 equites
747 1404 821 1446 suos
858 1385 1134 1467 interponeretur,

131 1487 390 1570 rsagittariisquc
413 1509 455 1549 cx
478 1485 626 1550 omnibus
659 1483 798 1550 navibus
820 1486 946 1570 Ityrcis,
981 1486 1078 1570 Syris
1102 1495 1136 1551 et

153 1594 306 1676 cuiusque
340 1592 468 1674 generis
499 1589 603 1653 ductis
626 1591 658 1652 in
682 1598 788 1652 castra
822 1587 1041 1674 compluribus
1071 1590 1135 1655 fre·

154 1695 332 1781 queritabat
366 1715 440 1757 suas
475 1694 583 1777 copias
621 1691 790 1776 (audiebat
827 1693 912 1756 enim
946 1692 1136 1778 Scipionem

153 1808 225 1885 post
258 1799 344 1862 diem
378 1797 508 1860 tertium
536 1797 604 1859 cius
633 1794 705 1878 diei,
741 1816 804 1879 quo
828 1794 985 1879 proelium
1006 1795 1137 1863 factum

153 1912 232 1984 erat,
267 1901 537 1986 appropinquare,
572 1900 680 1982 copias
710 1920 785 1962 suas
819 1919 893 1962 cum
920 1895 1070 1963 Labieno
1104 1909 1139 1967 et

153 2007 280 2070 Petreio
315 2005 524 2088 coniungere;
564 2004 654 2066 ouius
687 2005 798 2088 copiae
826 2001 989 2086 legionum
1012 2020 1080 2068 vm
1103 2014 1139 2073 ot

132 2110 298 2194 aequitum
320 2126 360 2171 111
382 2106 504 2170 milium
527 2127 597 2170 esse
619 2103 877 2189 nuntiabantur),
902 2105 1049 2171 officinas
1073 2108 1138 2173 fer·

155 2215 256 2278 rarias
279 2215 447 2294 instruere,
471 2213 605 2297 sagittas
627 2210 756 2295 telaque
771 2212 819 2274 uti
833 2211 950 2275 fierent
965 2210 1139 2297 complura

155 2341 279 2400 curare,
307 2316 442 2401 glandes
463 2315 610 2397 fundere,
645 2314 742 2378 sudes
776 2335 974 2400 comparare,
1008 2312 1139 2381 litteras

155 2426 187 2487 in
225 2420 364 2488 Siciliam
408 2421 602 2503 nuntiosque
645 2419 787 2497 mittere,
842 2425 879 2480 ut
922 2415 984 2481 sibi
1028 2428 1140 2487 metes

155 2527 387 2609 materiemque
421 2530 633 2606 congererent
666 2519 708 2584 ad
742 2521 868 2601 arietes,
903 2521 993 2584 cuius
1026 2522 1141 2609 inopie.

156 2633 188 2695 in
212 2629 325 2693 Africa
348 2637 443 2709 esset,
479 2633 649 2711 practerea
671 2624 805 2705 ferrum,
839 2621 1009 2708 plumbum
1031 2626 1140 2693 mitte·

135 2742 254 2798 cretur.
289 2732 397 2795 Etiam
420 2725 701 2792 animadvertebat
723 2726 884 2790 frumento
907 2746 942 2790 se
964 2727 999 2791 in
1021 2724 1141 2797 Ali-ica

158 2838 218 2899 nisi
250 2838 421 2919 importato
455 2835 501 2896 uti
534 2855 599 2896 non
633 2853 742 2916 posse:
780 2832 887 2917 priore
926 2831 1014 2895 enim
1050 2854 1140 2901 anno

158 2948 288 3024 propter
325 2938 585 3002 adversariorum
623 2934 775 3018 delectus,
814 2933 901 3020 quod
935 2934 1142 3019 stipendiarii

159 3053 302 3109 aratores
318 3042 433 3106 milites
449 3050 556 3105 essent
570 3041 657 3122 facti,
680 3059 818 3102 messem
833 3058 898 3103 non
913 3056 984 3103 esse
998 3036 1140 3125 factm

137 3158 329 3234 epraeterca
352 3168 394 3209 ex
418 3147 503 3209 omni
519 3143 632 3208 Africa
654 3144 852 3209 frumentum
874 3142 1084 3209 adversarios
1106 3144 1143 3211 in

160 3275 263 3337 pauca
286 3249 404 3336 oppida
420 3258 452 3313 et
465 3247 549 3313 benc
572 3250 695 3314 munita
711 3256 927 3333 comportasse
944 3266 1143 3335 omnemque
1159 3262 1167 3275 '

158 3358 323 3441 regionem
339 3355 471 3419 Africae
487 3355 669 3418 exinanisse
684 3352 856 3433 frumento,
874 3348 993 3437 oppida
1006 3358 1136 3437 praeter

160 3484 199 3525 ea
221 3484 335 3546 pauca,
370 3482 453 3545 quac
476 3460 536 3543 ipsi
565 3459 629 3521 suis
658 3455 827 3542 praesidiis
860 3454 944 3519 tueri
976 3460 1112 3541 potem

160 3564 284 3649 reliqua
318 3563 401 3627 dirui
435 3572 532 3645 atque
565 3558 665 3623 deleri
694 3566 726 3622 et
754 3566 872 3622 eorum'
898 3554 1020 3623 incolas
1052 3558 1087 3625 in
