2376 3924
120 221 160 289 10
453 224 503 274 on
521 223 642 275 senno
661 222 827 275 onnmco·

127 437 200 481 eam
223 436 294 480 rem
316 423 374 482 aut
399 435 480 480 suae
501 435 705 500 magnopere
726 416 847 481 virtuti
863 415 1028 483 tribueret
1043 428 1103 486 aut

105 522 216 605 eipsos
242 518 439 603 despiceret.
485 517 529 584 Se
557 520 605 585 ita
629 541 650 584 a
671 517 825 604 patribus
852 519 1104 607 maioribusque

128 625 197 689 suis
221 621 391 704 didicisse,
413 630 452 687 ut
474 623 583 706 magis
607 622 733 687 virtute
755 643 855 709 quam
873 621 949 688 dolo
966 633 1104 690 conten-

106 725 246 792 ⁷derent
258 734 318 790 aut
329 725 463 791 insidiis
475 728 673 792 niterentur.
690 723 804 806 Quare
815 748 858 791 ne
869 729 1105 811 committeret,

126 839 163 895 ut
186 832 215 895 is
238 829 344 911 locus,
369 829 426 895 ubi
449 829 694 913 constitissent,
718 851 760 894 ex
776 828 975 896 calamitate
989 830 1104 917 populi

126 935 269 1000 Romani
299 943 333 999 et
361 935 592 1001 internecione
621 935 938 1005 exereitus‘nomen
968 944 1106 1021 caperet

127 1047 186 1104 aut
209 1038 404 1104 memoriam
425 1037 593 1126 proderet.

233 1139 282 1206 14.
305 1142 369 1206 His
394 1139 521 1208 Caesar
544 1143 592 1207 ita
616 1139 805 1228 respondit:
842 1163 881 1206 eo
907 1140 972 1207 sibi
993 1143 1104 1207 minus

129 1245 352 1311 dubitationis
370 1245 454 1329 dari,
471 1244 560 1331 quod
576 1267 634 1310 eas
649 1267 716 1328 res,
732 1266 816 1331 quas
833 1243 939 1328 legati
955 1243 1106 1309 Helvetii

129 1357 456 1433 commemorassent,
469 1349 628 1414 memoria
644 1357 784 1432 teneret,
804 1357 905 1435 atque
916 1369 955 1412 eo
968 1349 1106 1433 gravius

129 1452 226 1536 ferre,
250 1474 314 1539 quo
329 1454 440 1518 minus
455 1455 575 1518 merito
596 1452 712 1540 populi
723 1452 865 1520 Romani
883 1452 1106 1520 accidissent:

108 1557 185 1640 aqui
210 1557 238 1621 si
262 1555 405 1622 alicuius
435 1557 580 1623 iniuriae
609 1555 675 1622 sibi
706 1557 862 1622 conscius
885 1556 1016 1638 fuisset,
1039 1577 1107 1621 non

129 1661 233 1726 fuisse
250 1659 387 1726 difficile
402 1682 541 1744 cavere,
565 1659 625 1726 sed
641 1683 679 1727 eo
696 1660 881 1748 deceptum,
898 1659 989 1748 quod
1000 1680 1109 1746 neque

130 1765 342 1831 commissum
365 1787 386 1829 a
403 1788 438 1831 se
461 1763 684 1848 intellegeret,
708 1786 812 1850 quare
834 1766 977 1846 timeret,
1000 1783 1109 1849 neque

108 1869 204 1932 asine
220 1890 324 1934 causa
340 1867 526 1934 timendum
541 1876 689 1953 putaret.
713 1866 811 1948 Quod
835 1868 864 1933 si
886 1868 1011 1933 veteris
1027 1887 1107 1932 oon·

130 1970 287 2038 tumeliae
311 1970 468 2037 oblivisci
482 1971 595 2055 vellet,
611 1994 690 2037 num
707 1973 809 2037 etiem
825 1972 1008 2037 recentium
1024 1971 1109 2036 iniu-

130 2077 264 2161 riarum,
288 2075 378 2163 quod
401 2097 439 2141 eo
463 2077 569 2143 invito
585 2077 652 2142 iter
666 2098 726 2162 per
741 2077 950 2162 provinciam
965 2097 1025 2161 per
1039 2075 1110 2139 vim

129 2176 1109 2269 temptassent,quodAeduos,quodAmbarros,quodAllo·

108 2283 255 2368 sbrogas
270 2293 464 2368 vexassent,
480 2285 675 2349 memoriam
692 2283 859 2369 deponere
870 2282 995 2371 posse?
1011 2280 1111 2364 Quod

131 2410 191 2453 sua
215 2389 361 2453 victoria
384 2396 455 2453 tam
483 2386 669 2453 insolenter
698 2387 928 2471 gloriarentur
956 2385 1112 2473 quodque

131 2500 200 2556 tam
224 2491 281 2556 diu
305 2513 340 2556 se
369 2492 502 2576 impune
532 2491 673 2556 iniurias
702 2489 824 2557 tulisse
847 2489 1109 2573 admirarentur,

110 2594 246 2660 neodem
269 2594 448 2679 pertinere.
472 2591 663 2660 Consuesse
686 2595 773 2658 enim
791 2592 870 2659 deos
893 2590 1111 2675 immortales,

132 2720 195 2784 quo
219 2699 357 2781 gravius
380 2697 531 2763 homines
560 2720 604 2763 ex
632 2697 893 2762 commutatione
917 2716 1029 2760 rerum
1054 2692 1112 2760 do·

131 2802 239 2886 leant,
269 2822 351 2888 quos
378 2822 438 2886 pro
468 2799 596 2866 scelere
626 2821 740 2866 eorum
762 2799 883 2866 ulcisci
906 2798 1029 2882 velint,
1058 2796 1121 2862 his—

133 2904 349 2970 secundiores
373 2903 541 2969 interdum
564 2926 618 2970 res
643 2913 676 2969 et
706 2903 947 2970 diuturniorem
970 2901 1112 2988 impuni-

111 3019 236 3074 etatem
253 3007 448 3074 concedere.
474 3005 557 3072 Cum
574 3031 614 3073 ea
630 3008 679 3073 ita
696 3008 773 3093 sint,
789 3018 913 3091 tamen,
931 3007 960 3072 si
977 3003 1113 3071 obsides

134 3112 177 3177 ab
201 3114 242 3176 iis
267 3111 332 3176 sibi
356 3110 487 3194 dentur,
515 3113 565 3176 uti
590 3133 640 3194 ea,
664 3133 750 3198 quae
779 3110 1014 3199 polliceantur,
1043 3108 1114 3173 fac·

133 3226 227 3280 turos
251 3212 440 3298 intellegat,
464 3222 497 3278 et
513 3216 542 3279 si
557 3212 685 3280 Aeduis
704 3215 745 3280 de
760 3214 904 3298 iniuriis,
928 3211 1114 3300 quaeipsis

136 3320 302 3405 sociisque
331 3341 443 3385 eorum
474 3317 665 3402 intulerint,
702 3321 783 3384 item
818 3321 846 3383 si
870 3314 1114 3399 Allobrogibus

136 3423 369 3506 satisfaciant,
409 3445 482 3489 sese
510 3444 586 3489 oum
615 3424 657 3489 iis
685 3440 803 3508 paoem
832 3445 906 3488 esse
935 3423 1114 3487 facturum.

113 3527 256 3594 ⁷Divico
280 3526 470 3614 respondit:
505 3527 559 3593 Ita
581 3526 758 3593 Helvetios
782 3550 802 3593 a
825 3524 1012 3591 maioribus
1043 3522 1116 3587 suis
