2376 3924
115 220 175 282 125
444 219 494 271 nn
513 218 633 269 annuo
654 218 766 269 civim

91 431 256 496 roperum,
280 418 348 475 tum
371 430 476 495 aquae
497 431 624 474 summa
651 409 759 495 inopia
787 411 928 476 affectos.
975 413 1098 479 Omnia

113 515 198 576 enim
226 512 359 576 flumina
388 520 486 597 atque
510 533 620 575 omnes
642 513 739 593 rivos,
769 514 824 598 qui
846 512 889 577 ad
911 535 1003 579 mare
1027 538 1097 601 per-

114 615 274 698 tinebant,
305 613 426 680 ansar
449 624 506 680 aut
527 624 691 681 averterat
713 625 770 681 aut
792 618 917 701 magnis
941 618 1096 703 operibus

113 718 330 801 obstruxerat,
363 728 461 804 atque
494 728 531 782 ut
563 729 656 784 erant
689 719 758 784 loca
792 730 961 786 montuosa
989 731 1024 785 et
1054 722 1098 787 ad

114 845 229 906 specus
262 823 431 906 angustiae
464 821 611 905 vallium,
650 822 710 887 has
744 822 873 887 sublicis
906 825 940 889 iu
973 833 1099 891 terram

114 925 260 989 demissis
304 934 550 1010 praesaepserat
593 935 778 1011 terramque
815 937 1023 1011 aggesserat,
1062 938 1099 994 ut

93 1050 234 1114 5aquam
262 1030 450 1093 contineret.
495 1030 610 1114 ltaque
641 1029 684 1093 illi
707 1032 888 1094 necessario
910 1030 981 1120 loca
1004 1034 1099 1117 sequi

114 1131 253 1196 demissa
287 1156 325 1197 ac
358 1131 512 1218 palustria
545 1141 577 1196 et
610 1143 723 1217 puteos
755 1132 866 1197 fodere
896 1133 1100 1220 cogebantur

115 1245 212 1321 atque
246 1235 332 1301 hunc
364 1234 508 1300 laborem
537 1235 579 1300 ad
607 1235 768 1300 cotidiana
792 1259 890 1323 opera
913 1238 1097 1322 addebant3

116 1344 170 1426 qui
205 1351 313 1406 tamen
346 1341 453 1405 fontes
481 1363 500 1403 a
529 1339 724 1426 quibusdam
757 1341 926 1425 praesidiis
958 1342 1101 1410 aberant

94 1447 240 1531 elongius
262 1429 296 1509 et
318 1444 465 1509 celeriter
487 1442 630 1508 aestibus
659 1444 904 1509 excrescebant.
950 1445 997 1510 At
1021 1447 1100 1513 Cae-

116 1553 196 1616 saris
226 1551 387 1614 exercitus
418 1551 538 1635 optima
568 1547 754 1613 valetudiue
778 1571 968 1636 summaque
991 1573 1100 1637 aquae

116 1658 207 1740 copia
229 1653 390 1735 utebatur,
414 1663 482 1717 tum
506 1662 703 1718 commeatus
726 1655 811 1717 ouini
834 1676 952 1739 genere
968 1665 1102 1741 praeter

123 1760 320 1822 frumentum
348 1756 551 1839 abundabam
586 1755 702 1841 quibus
736 1756 851 1822 cotidie
884 1757 999 1823 melius
1027 1760 1102 1825 sub·

119 1884 188 1932 esse
200 1873 325 1947 tempus
338 1862 556 1944 maioremque
567 1881 657 1945 spem
668 1863 852 1926 maturitate
864 1861 1103 1929 frumentorum

116 1968 251 2055 proponi
273 1963 437 2029 videbant.

203 2072 254 2136 50.
296 2070 336 2134 In
364 2089 448 2133 novo
481 2089 600 2152 genere
633 2067 708 2132 belli
740 2091 844 2133 novae
878 2068 920 2134 ab
953 2072 1103 2158 utrisque

117 2176 257 2243 bellandi
291 2174 430 2239 rationes
464 2171 718 2257 reperiebantur.
763 2171 831 2256 Illi,
861 2194 935 2238 cum
957 2174 1102 2241 animad-

116 2283 291 2347 vertissent
327 2300 369 2342 ex
406 2275 534 2362 ignibus
572 2284 665 2340 noete
702 2275 849 2342 cohortes
892 2285 1021 2343 nostres
1058 2279 1102 2346 ad

118 2387 310 2453 munitiones
332 2381 507 2463 excubare,
530 2379 654 2445 silentio
684 2383 829 2466 aggressi
850 2381 994 2447 universi
1016 2385 1104 2450 intra

119 2486 355 2558 miltitndinem
389 2488 522 2572 sagittas
556 2484 757 2550 coniciebant
795 2494 829 2551 et
864 2507 899 2550 se
931 2486 1103 2553 confestim

97 2594 161 2660 rad
201 2616 275 2658 suos
312 2589 521 2677 recipiebant.
589 2588 716 2671 Quibus
753 2588 852 2655 rebus
895 2591 997 2655 nostri
1041 2612 1107 2656 usu·

119 2699 204 2763 docti
234 2696 315 2761 haee
342 2693 549 2781 reperiebant
576 2692 734 2776 remedia,
763 2701 800 2758 ut
827 2692 888 2758 alio
917 2692 987 2759 loeo
1009 2693 1103 2778 ignes

120 2801 265 2865 facerent
308 2842 1098 2863 ...................

207 2901 258 2965 51.
282 2902 416 2966 Interim
439 2901 555 2965 certior
577 2900 682 2964 factus
705 2901 741 2964 P.
760 2899 858 2973 Sulla,
882 2920 980 2985 quem
1001 2900 1104 2967 disee·

120 3006 201 3071 dens
224 3005 337 3069 castris
359 3004 561 3088 praefecerat
576 3002 707 3086 Caesar,
737 3001 857 3068 auxilio
872 3003 997 3069 cohorti
1012 3006 1105 3071 venit

99 3133 195 3180 scum
223 3107 401 3193 legionibus
424 3107 565 3191 duabus,
601 3110 691 3173 euius
724 3107 868 3173 adventu
900 3105 995 3188 faeile
1028 3116 1105 3174 sunt

100 3211 241 3300 ²repulsi
263 3212 460 3297 Pompeiani.
498 3212 612 3297 Neque
634 3232 713 3276 vero
736 3220 944 3297 conspectum
967 3218 1026 3276 ant
1046 3212 1104 3277 inr-

122 3329 233 3404 petum
255 3325 438 3381 nostrorum
461 3314 611 3398 tulerunt,
635 3317 810 3402 primisque
832 3315 965 3381 deiectis
986 3313 1105 3402 reliqui

122 3443 157 3486 se
180 3429 350 3485 verterunt
377 3429 409 3484 et
431 3418 499 3484 loco
523 3427 697 3484 cesserunt.
732 3418 798 3486 sed
820 3421 1030 3504 insequente·
1049 3441 1106 3487 no·

123 3531 221 3606 stros,
251 3545 292 3588 ne
321 3521 447 3608 longius
484 3529 771 3607 prosequerentur,
807 3520 896 3589 Sulla
922 3524 1104 3590 revocavit.
