2376 3924
124 250 184 314 188
422 250 533 300 BELLI
551 249 800 301 ALEXANDRlNI

65 511 67 515 ,
119 451 217 526 atque
254 442 378 505 instrui.
423 440 576 506 Praeficit
612 439 687 504 huic
719 439 887 505 Tiberium
922 441 1097 507 Neronem.

119 543 373 608 Proficisountur
400 545 434 607 in
462 565 502 607 ea
524 541 626 607 classe
647 541 794 608 Rhodiae
816 565 917 609 naves
941 554 1042 632 atque
1065 549 1099 612 in

118 647 168 711 his
197 647 405 732 Euphranor,
441 648 509 710 sine
537 668 600 731 quo
629 645 716 711 nulla
749 667 905 731 umquam
933 648 1098 716 dimicatio

118 753 294 833 maritima,
322 749 409 814 nulla
431 752 529 814 etiam
551 772 666 836 parum
688 749 823 815 feliciter
845 751 993 816 confecta
1016 761 1096 818 erat.

97 855 165 920 4At
186 856 326 936 fortuna,
350 876 433 939 quae
449 854 639 939 plerumque
655 874 719 935 eos,
743 875 825 938 quos
840 854 985 939 plurimis
1001 855 1097 921 beue·

118 962 198 1025 ficiis
222 962 359 1042 ornavit,
383 958 425 1024 ad
448 959 612 1024 duriorem
635 980 746 1023 casum
767 968 931 1040 reservat,
955 962 1096 1044 superio

117 1087 190 1128 rum
205 1073 387 1148 temporum
398 1062 558 1128 dissimilis
569 1063 817 1148 Euphranorem
828 1061 1095 1147 prosequebatur.

97 1168 202 1231 sNam
225 1189 298 1230 cum
327 1166 370 1230 ad
393 1165 561 1251 Canopum
581 1174 716 1230 ventum
743 1174 843 1248 esset,
872 1168 1096 1253 instructaque

104 1316 109 1331 „
118 1273 281 1356 utrimque
322 1269 431 1335 classis
466 1270 672 1351 conflixisset,
704 1277 737 1334 et
770 1291 829 1334 sua
862 1270 1096 1336 consuetudine

117 1373 312 1460 Euphranor
327 1377 449 1460 primus
464 1374 620 1460 proelium
643 1375 853 1438 commisisset
874 1382 907 1438 et
928 1376 1096 1440 triremem

117 1478 256 1542 hostium
286 1478 481 1562 perforasset
503 1500 543 1542 ac
564 1477 785 1557 demersisset,
819 1479 1003 1564 proximam
1030 1477 1096 1544 lon-

117 1584 188 1666 gius
222 1584 385 1646 insecutus
419 1603 534 1667 parum
568 1580 714 1646 celeriter
746 1580 991 1665 insequentibus
1024 1582 1096 1647 reli-

95 1688 189 1770 equis
224 1687 463 1750 circumventus
497 1683 539 1748 ab
562 1683 795 1749 Alexandrinis
829 1692 887 1748 est.
933 1682 994 1750 Cui
1022 1684 1096 1750 sub-

118 1788 235 1853 sidium
257 1809 351 1852 nemo
374 1787 460 1869 tulit,
490 1790 558 1852 sive
580 1787 667 1874 quod
694 1790 819 1874 inipso
842 1790 919 1853 satis
942 1789 1096 1873 praesidii

118 1914 175 1976 pro
204 1894 324 1955 virtute
357 1913 396 1954 ac
428 1890 580 1955 felicitate
615 1894 683 1957 eius
718 1900 871 1978 putarent
904 1913 990 1975 esse,
1025 1894 1095 1957 sive

118 1994 205 2079 quod
232 1996 293 2080 ipsi
321 1993 383 2058 sibi
410 1993 576 2060 timebant.
621 1996 673 2061 Ita
695 1998 751 2081 qui
772 2017 857 2061 unus
880 2018 923 2061 ex
945 1994 1096 2061 omnibus

117 2121 154 2162 eo
178 2098 297 2183 proelio
313 2097 396 2162 bene
412 2121 482 2164 rem
497 2101 605 2184 gessit,
629 2099 714 2164 solus
730 2121 804 2164 curn
820 2120 879 2165 sua
894 2098 1094 2185 quadriremi

116 2204 248 2266 victrice
270 2204 362 2287 perit.

202 2306 252 2370 26.
284 2306 352 2373 Sub
375 2306 461 2370 idem
483 2315 610 2392 tempus
632 2306 838 2372 Mithridates
861 2308 1094 2393 Pergamenus,

116 2431 254 2494 magnae
276 2408 450 2474 nobilitatis
473 2408 560 2473 domi
583 2410 800 2494 scientiaeque
822 2410 855 2473 in
877 2407 961 2473 bello
983 2417 1018 2474 et
1031 2412 1095 2476 vir-

115 2516 202 2597 tutis,
224 2513 301 2578 fidei
325 2514 554 2598 dignitatisque
577 2515 610 2576 in
632 2514 773 2577 amicitia
795 2511 953 2595 Caesaris,
976 2514 1095 2579 missus

115 2621 148 2682 in
176 2619 305 2704 Syriam
333 2617 542 2702 Ciliciamque
575 2618 663 2680 initio
697 2615 771 2680 belli
800 2614 1017 2682 Alexandrini
1050 2617 1094 2683 ad

116 2721 236 2786 auxilia
259 2721 469 2803 arcessenda,
492 2722 620 2806 magnis
643 2722 757 2805 copiis,
787 2740 868 2804 quas
891 2718 1039 2786 celeriter
1061 2730 1095 2786 et

115 2827 365 2910 propensissime
392 2826 561 2889 civitatum
588 2823 755 2888 voluntate
785 2832 818 2888 et
844 2845 905 2888 sua
926 2823 1095 2910 diligentia

115 2929 308 3008 confecerat,
324 2931 438 2991 itinere
454 2927 606 3013 pedestri,
624 2950 686 3013 quo
704 2928 909 3011 coniungitur
920 2925 1093 3015 Aegyptus

93 3032 246 3115 asyriae,
270 3030 433 3094 Pelusium
456 3030 621 3113 adductis,
651 3030 685 3096 id
708 3029 863 3117 oppidum
885 3030 979 3097 firmo
1001 3053 1093 3117 prae·

114 3134 194 3200 sidio
218 3143 409 3219 occupatum
420 3132 567 3199 Achillae
590 3145 721 3220 propter
744 3137 1018 3220 opportunitatem
1032 3133 1093 3201 loci

114 3236 270 3325 (namque
304 3246 372 3301 tota
405 3235 577 3323 Aegyptus
610 3241 771 3303 maritimo
805 3260 940 3304 accessu
972 3238 1092 3321 Pharo,

113 3342 255 3429 pedestri
277 3340 405 3406 Pelusio
426 3340 516 3405 velut
544 3340 690 3406 claustris
720 3343 844 3406 munita
872 3339 1092 3428 existimatur)

113 3455 247 3532 repente
270 3446 396 3533 magnis
420 3443 657 3531 circumdatum
679 3446 788 3531 copiis,
811 3444 979 3530 multiplici
1001 3468 1093 3532 prae

113 3550 193 3615 sidio
221 3552 429 3635 pertinaciter
451 3548 747 3641 propugnantibus,
775 3557 808 3612 et
836 3551 1004 3634 copiarum
1026 3570 1092 3615 ma-
