2376 3924
151 256 229 322 -308
465 255 576 306 annm
593 255 850 307 msraumnsrs

165 456 282 512 statem
319 445 475 528 faciebat,
510 446 568 510 sed
601 468 644 511 ex
683 466 798 530 grumo
815 493 958 510 ......
976 444 1146 510 excelsum

164 550 324 614 tumulum
347 549 505 635 capiebat,
528 571 631 634 usque
654 571 692 614 eo
714 558 752 613 ut
772 551 955 613 necessario
971 558 1146 634 cogeretur

142 655 310 738 liniquum
333 653 437 717 locum
452 651 570 717 subire.
595 653 668 735 Quo
684 652 725 717 de
741 653 826 728 facto
842 675 916 717 oum
930 661 1144 737 utrorumque

165 760 277 842 copiae
309 757 469 821 tumulum
502 755 713 821 excellentem
747 758 911 840 petissent,
946 755 1099 840 prohibiti
1122 781 1144 821 a

163 863 281 925 nostris
309 869 393 942 sunt,
428 859 544 925 deiecti
579 858 724 944 planicie.
770 859 864 940 Quae
886 879 938 922 res
961 859 1144 925 secundum

142 965 280 1027 anostris
303 962 465 1027 efficiebat
487 962 651 1048 proelium.
696 963 850 1046 Undique
874 960 1063 1026 cedentibus
1087 962 1143 1027 ad·

163 1068 316 1130 versariis
348 1087 413 1130 non
442 1088 557 1151 parum
586 1087 706 1149 magna
728 1067 761 1128 in
789 1064 890 1129 caede
912 1063 1141 1130 versabantur.

164 1167 291 1251 Quibus
313 1191 420 1251 mons,
443 1191 508 1232 non
530 1171 633 1233 virtus
656 1168 750 1232 saluti
772 1168 841 1231 fuit.
888 1168 961 1249 Quo
985 1166 1131 1233 subsidio

162 1275 223 1336 nisi
266 1272 529 1358 advesperasset,
573 1295 593 1335 a
635 1270 841 1356 paucioribus
879 1272 996 1335 nostris
1041 1266 1142 1356 [omni

140 1372 293 1461 cauxilio]
323 1378 441 1461 privati
469 1384 585 1439 essent.
631 1375 715 1439 Nam
731 1373 917 1438 ceciderunt
939 1396 981 1438 ex
1004 1373 1067 1439 levi
1091 1398 1141 1439 ar-

162 1488 289 1543 matura
313 1494 486 1560 0001111111,
510 1501 553 1542 ex
582 1477 764 1562 legionariis
788 1492 960 1559 cxxxvm,
993 1487 1138 1562 praeter·

162 1604 260 1666 quam
283 1604 421 1667 quorum
443 1605 534 1648 arma
557 1591 590 1646 et
612 1581 713 1667 spolia
735 1580 831 1645 allata
854 1590 938 1645 sunt.
966 1581 1018 1645 Ita
1034 1582 1139 1666 pridie

161 1685 298 1750 duorum
337 1689 561 1751 centurionum
600 1685 739 1750 interitio
777 1683 839 1748 hac
876 1684 1140 1752 adversariorum

160 1812 265 1874 poena
287 1800 337 1854 001
357 1790 456 1855 litata.
812 1860 815 1866 ,

245 1891 296 1955 21).
334 1894 521 1978 Insequenti
550 1892 602 1956 die
630 1895 701 1977 pari
730 1892 961 1957 consuetudine
992 1914 1066 1957 eum
1094 1894 1139 1958 ad

159 1996 298 2060 eundem
319 1995 425 2059 locum
447 1996 515 2058 eius
538 1993 734 2083 praesidium
755 1997 906 2075 venisset,
930 1997 1063 2080 pristino
1085 1995 1138 2060 illo

159 2120 217 2163 suo
245 2097 421 2163 utebantur
448 2099 608 2162 instituto:
641 2120 718 2161 nam
745 2109 875 2184 praeter
903 2101 1027 2184 equites
1059 2099 1139 2165 nulli

137 2202 227 2267 aloco
251 2223 354 2287 aequo
378 2222 412 2264 00
435 2203 634 2265 committere
657 2201 831 2268 audebant.
876 2202 960 2269 Oum
981 2207 1082 2269 nostri
1103 2207 1138 2270 111

160 2327 256 2391 opere
280 2315 401 2381 essent,
430 2307 576 2391 equitum
604 2308 715 2392 copiae
739 2329 915 2373 concursus
936 2308 1045 2373 facere
1068 2330 1138 2373 coe·

159 2419 290 2494 parunt,
329 2409 486 2494 simulque
530 2409 783 2475 vociferantibus
819 2410 1017 2495 legionariis,
1062 2433 1137 2476 cum

158 2512 263 2576 locum
285 2513 502 2596 efflagitarent
523 2517 544 2596 t
566 2523 603 2578 ut
636 2516 779 2578 consueti
800 2515 927 2597 insequi
949 2515 1137 2580 existimare

158 2638 267 2700 posses
290 2619 509 2701 paratissimos
531 2639 602 2681 esse
625 2616 668 2681 ad
696 2615 924 2698 dimicandum,
958 2618 1060 2678 nostri
1093 2640 1136 2682 ex

159 2720 270 2783 humili
293 2719 437 2784 convalle
464 2719 548 2785 bene
576 2718 671 2805 longe
690 2727 769 2794 sunt
791 2720 912 2803 egressi
941 2725 973 2781 et
998 2717 1136 2802 planicie

135 2824 315 2906 uiniquiore
337 2821 406 2887 1000
426 2825 672 2890 constituerunt.
707 2822 756 2887 Illi
771 2831 881 2888 tamen
903 2821 1015 2908 procul
1036 2821 1135 2888 dubio

157 2924 199 2988 ad
222 2925 498 3010 congrediendum
524 2929 557 2990 in
587 2948 727 3011 aequum
754 2925 859 2990 locum
881 2948 946 2990 non
968 2934 1043 2989 sunt
1065 2930 1136 2991 ausi

159 3028 358 3094 descendere
380 3040 509 3114 praeter
531 3052 633 3094 unum
647 3028 825 3093 Antistium
839 3030 1054 3114 Turpionem3
1079 3033 1134 3113 qui

155 3131 260 3197 fidens
287 3132 412 3197 viribus
435 3155 477 3197 ex
500 3132 695 3197 adversariis
718 3132 779 3198 sibi
807 3154 921 3218 parem
943 3154 1014 3196 esse
1036 3134 1134 3197 nemi-

134 3254 232 3299 4nem
255 3239 379 3320 agitare
403 3239 515 3322 coepit.
554 3237 627 3318 Hic,
650 3245 687 3300 ut
708 3235 812 3301 fertur
834 3235 968 3301 Achillis
991 3236 1134 3300 Memno-

157 3341 271 3424 nisque
295 3360 500 3424 congressus,
536 3338 576 3419 Q.
601 3338 773 3424 Pompeius
795 3338 912 3423 Niger,
946 3359 1045 3423 eques
1072 3339 1134 3402 Ro·

156 3464 271 3507 manus
293 3443 481 3524 ItalicensiS,
505 3464 548 3507 ex
569 3444 638 3506 acie
660 3451 771 3506 nostra
793 3441 836 3507 ad
859 3440 1134 3526 congrediendum

134 3561 349 3630 5progressus
378 3555 436 3611 001.
483 3545 646 3626 Quoniam
674 3545 825 3610 ferocitas
847 3544 970 3610 11111011
992 3548 1134 3610 omnium
