2376 3924
371 245 483 296 mssa
500 245 535 309 11,
551 243 627 297 err.
649 245 723 292 1-2.
997 242 1038 306 59

65 438 75 459 ¹
95 444 122 489 et
140 437 271 500 Saburra,
296 436 380 487 lubae
403 436 475 501 regis
499 434 650 500 praefecto,
675 437 817 498 superatus
837 437 864 482 et
882 431 1038 483 interfectus

95 530 137 576 est
155 541 177 577 e.
190 525 301 575 38-42.
328 524 471 574 Exercitus
490 521 623 587 reliquiae
646 521 745 586 partim
763 519 792 568 in
811 516 932 570 Siciliam
950 534 980 569 se
997 536 1038 569 re-

95 618 233 678 ceperunt,
255 612 352 677 partim
372 611 441 659 Varo
462 626 490 660 se
510 608 678 670 dediderunt,
700 607 755 672 qui,
777 606 920 671 quominus
941 621 1040 673 magna

95 715 157 765 pars
176 716 193 751 a
211 697 281 750 Iuba
300 701 449 760 necaretur,
468 696 598 762 impedire
618 695 741 761 nequivit
758 709 780 743 o.
799 693 841 742 43.
859 693 902 741 44.
954 756 956 760 ι

150 856 176 919 1.
200 856 290 919 Dum
305 855 387 918 haee
401 854 434 917 in
449 853 608 938 Hispania
623 863 790 938 geruntur,
806 849 842 914 O.
859 850 1040 916 Trebonius

60 958 202 1043 legatus,
238 959 292 1041 qui
326 956 368 1020 ad
405 957 678 1041 oppugnationem
711 955 872 1019 Massiliae
905 955 1039 1019 'relictus

61 1070 140 1142 erat,
165 1059 291 1124 duabus
314 1059 525 1144 expertibus
548 1081 711 1144 aggerem,
734 1061 846 1122 vineas
869 1068 1040 1142 turresque

61 1165 103 1228 ad
127 1164 280 1250 oppidum
303 1187 400 1248 agere
416 1165 560 1227 instituit.
595 1163 671 1228 Una
687 1172 757 1227 erat
772 1164 920 1248 proxima
934 1166 1062 1248 portuie

61 1267 310 1353 navalibusque,
339 1268 441 1331 altera
464 1263 517 1352 [ad
541 1263 687 1352 partomi,
713 1276 847 1351 quaest
870 1267 976 1331 aditus
999 1291 1041 1331 ex

62 1371 167 1453 Gallia
191 1381 288 1455 atque
304 1372 471 1455 Hispania,
496 1370 538 1434 ad
560 1370 594 1434 id
616 1392 716 1451 mare,
740 1370 827 1455 quod
850 1370 976 1434 adiacet
999 1371 1040 1435 ad

63 1477 179 1538 ostium
193 1474 352 1539 Rhodani.
376 1475 519 1538 Massilia
542 1477 628 1539 enim
650 1476 718 1538 fere
742 1498 784 1538 ex
806 1473 909 1538 tribus
933 1474 1062 1561 oppidis

62 1579 208 1666 partibus
230 1580 312 1642 mari
335 1577 478 1661 alluitur;
502 1579 626 1663 reliqua
650 1589 766 1663 quarta
789 1589 846 1662 est,
870 1603 954 1665 quae
977 1579 1041 1643 adi-

62 1697 132 1751 tum
153 1683 274 1748 habeat
297 1682 338 1746 ab
361 1692 458 1747 terra.
496 1683 602 1747 Huius
626 1704 753 1768 quoque
777 1686 871 1769 spatii
894 1706 969 1770 pars
993 1707 1057 1766 ea,-

63 1812 146 1875 quae
169 1787 211 1852 ad
234 1808 343 1851 arcem
365 1788 513 1872 pertinet,
536 1786 596 1851 loci
611 1796 728 1852 natura
744 1797 776 1851 et
790 1788 873 1852 valle
890 1789 1042 1852 altissima

62 1895 185 1958 munita
218 1890 348 1975 longam
381 1900 414 1954 et
448 1890 611 1954 difficilem
639 1891 738 1955 habet
761 1894 1041 1977 oppugnationem.

62 1997 116 2061 Ad
146 2020 184 2060 oa
211 1993 409 2081 perficienda
439 2015 538 2079 opera
561 1993 595 2058 O.
620 1995 801 2059 Trebonius
824 2019 976 2081 magnam
999 1999 1064 2060 ius

62 2109 244 2164 mentorum
276 2106 374 2181 atque
409 2097 574 2161 hominum
606 2098 844 2163 multitudinem
878 2123 920 2163 ex
958 2103 1042 2163 omni

62 2204 228 2289 provincia
239 2209 350 2282 voeat3
363 2202 484 2265 vimina
495 2203 729 2287 materiamque
742 2206 935 2288 comportari
944 2203 1041 2267 iubet.

64 2306 190 2388 Quibus
224 2305 417 2388 comparatis
450 2302 548 2366 rebus
581 2327 735 2390 aggerem
772 2308 805 2368 in
842 2305 1043 2369 altitudinem

62 2410 182 2497 pedum
205 2427 298 2473 uxxx
323 2410 469 2473 exstruit.

148 2514 177 2575 2.
202 2513 268 2580 Sed
290 2513 370 2576 tanti
393 2522 486 2576 orant
509 2516 684 2598 antiquitus
707 2516 739 2577 iu
763 2516 878 2600 oppido
903 2518 1044 2580 omnium

63 2640 172 2682 rerum
195 2617 238 2681 ad
260 2615 380 2680 bellum
403 2625 578 2700 apparatus
607 2625 761 2701 tantaque
789 2618 959 2683 multitudo
983 2628 1043 2682 tor-

62 2731 253 2802 mentorum,
276 2729 446 2784 uteorum
467 2722 534 2783 vim
557 2720 661 2784 nullae
685 2707 855 2786 contextae
871 2722 1044 2788 viminibus

63 2827 177 2888 vineae
206 2825 364 2888 sustinere
393 2832 531 2909 possent.
578 2822 714 2888 Asseres
743 2827 828 2889 enim
851 2826 970 2912 pedum
993 2844 1067 2890 xus

64 2927 250 3013 cuspidibus
278 2928 416 3013 praefixi
439 2936 537 3011 atque
566 2928 599 2991 hi
628 2930 778 2993 maximis
800 2928 934 2994 ballistis
957 2933 1044 2995 missi

64 3056 122 3118 per
137 3048 193 3098 1111
211 3030 339 3095 ordines
352 3032 489 3095 cratium
504 3033 536 3094 in
559 3039 647 3096 terra
662 3031 898 3118 deligebantur.
929 3035 1066 3120 ltaquoe

65 3135 232 3220 pedalibus
260 3133 354 3220 lignis
382 3135 558 3200 coniunctis
587 3137 671 3200 inter
699 3159 733 3200 se
762 3140 903 3222 porticus
926 3141 1044 3224 intege-

64 3240 198 3321 bantur,
228 3247 325 3322 atque
353 3238 414 3302 hae
442 3261 544 3324 agger
566 3241 650 3303 inter
672 3263 786 3304 manus
810 3242 1043 3326 proferebatur.

65 3340 292 3406 Antecedebat
313 3333 440 3405 testudo
463 3341 583 3427 pedum
606 3360 651 3406 ux
674 3343 835 3429 aequandi
859 3343 918 3409 loci
948 3365 1067 3408 oausar

64 3447 151 3509 faeta
173 3447 250 3510 item
279 3468 322 3508 ex
349 3445 530 3509 fortissimis
558 3445 666 3532 lignis,
699 3447 870 3510 convoluta
898 3447 1045 3512 omnibus

64 3548 172 3631 rebus,
197 3549 313 3633 quibus
336 3551 419 3635 ignis
441 3551 544 3614 iaetus
560 3560 592 3614 et
612 3550 736 3634 lapides
752 3551 882 3615 defendi
905 3563 1044 3636 possent.
1096 3576 1098 3581 ·
