2376 3924
136 232 198 297 196
435 233 486 283 on
503 231 625 284 annno
644 231 804 308 aaumco

135 422 263 489 Caesar
275 422 318 488 ab
333 423 509 490 Divitiaco
526 423 592 490 sibi
607 422 770 490 traditum
786 445 830 489 ex
844 421 962 488 humili
972 421 1048 489 loco
1065 422 1112 489 ad

136 549 297 593 summam
311 526 512 613 dignitatem
526 527 743 614 perduxerat,
759 528 794 592 in
809 527 957 612 equitum
970 547 1110 593 numero

113 641 365 698 sconvcnerant
377 633 576 698 nominatim
587 631 632 697 ab
646 654 684 697 eo
698 633 841 698 evocati.
854 631 918 697 His
931 639 1004 698 erat
1020 631 1111 697 inter

134 759 171 803 se
194 737 236 802 de
257 737 451 823 principatu
467 736 650 820 contentio,
674 744 707 801 et
724 737 758 802 in
773 735 833 802 illa
848 736 1111 819 magistratuum

134 841 368 906 controversia
381 839 467 905 alter
478 861 538 925 pro
552 837 828 922 Convictolitavi,
848 837 936 905 alter
947 859 1006 924 pro
1023 836 1109 905 Octo

111 945 271 1009 asummis
302 942 420 1029 opibus
448 953 695 1029 pugnaverant.
730 943 787 1010 Ex
814 944 867 1009 bis
895 940 1111 1031 Eporedorix

134 1048 270 1129 cognito
279 1045 450 1113 Litavicci
463 1046 604 1111 oonsilio
627 1046 738 1113 media
762 1047 832 1112 fere
853 1056 954 1113 nocte
975 1069 1047 1113 rem
1064 1047 1110 1113 ad

132 1148 314 1215 Gaesarem
338 1150 462 1234 defert3
479 1159 563 1232 orat,
579 1172 622 1216 ne
636 1151 787 1236 patiatur
802 1152 977 1217 civitatem
991 1153 1109 1237 pravis

133 1253 400 1320 adulescentium
423 1254 574 1321 consiliis
595 1254 639 1321 ab
664 1257 815 1323 amicitia
837 1254 950 1342 populi
965 1255 1109 1321 Romani

134 1358 291 1441 deficere3
311 1358 400 1444 quod
412 1359 560 1425 futurum
572 1359 760 1445 provideat,
774 1360 802 1425 si
819 1382 855 1425 se
871 1368 922 1426 tot
936 1358 1107 1425 hominum

131 1460 226 1525 milia
249 1483 323 1527 oum
346 1461 499 1529 hostibus
523 1464 772 1548 coniunxerint,
800 1485 939 1550 quorum
962 1461 1109 1530 salutem

131 1588 239 1651 neque
261 1566 438 1653 propinqui
461 1565 651 1650 neglegere,
674 1588 782 1652 neque
805 1567 929 1633 civitas
954 1567 1022 1633 levi
1038 1588 1109 1634 mo·

133 1679 245 1735 mento
269 1670 451 1735 aestimare
473 1679 598 1756 posset.

217 1769 269 1837 40.
282 1772 409 1857 Magna
422 1772 563 1838 affectus
578 1772 877 1841 sollicitudinehoc
892 1776 1010 1841 nuntio
1023 1772 1107 1841 an-

133 1898 197 1952 sar,
206 1874 627 1961 quodsemperAeduorum
634 1877 766 1942 civitati
772 1876 1108 1964 praecipueindulse·

131 1989 196 2062 rat,
208 1977 302 2044 nulla
316 1980 515 2065 interposita
530 1979 744 2047 dubitatione
762 1980 913 2066 legiones
927 1981 1107 2068 expeditas

110 2091 293 2169 squattuor
307 2083 559 2169 equitatumque
568 2105 698 2149 omnem
713 2107 757 2150 ex
770 2086 893 2151 castris
907 2084 1032 2170 educit,
1043 2108 1108 2153 nec

131 2186 193 2251 fuit
207 2187 352 2273 spatium
360 2185 422 2253 tali
436 2195 584 2273 tempore
593 2187 1009 2275 adcontrahendacastra,
1017 2189 1108 2277 quod

110 2310 183 2356 ares
206 2292 320 2377 posita
343 2292 378 2356 in
401 2289 578 2357 celeritate
600 2291 798 2377 videbatur3
822 2289 947 2358 Gaium
960 2290 1108 2359 Fabium

130 2393 282 2477 legatum
305 2415 381 2460 cum
403 2393 594 2478 legionibus
620 2393 751 2461 duabus
782 2397 906 2462 castris
934 2395 1107 2484 praesidio

130 2497 300 2584 relinquit.
323 2498 463 2564 Fratres
484 2497 655 2564 Litavicci
678 2520 753 2566 cum
776 2499 1014 2587 comprehendi
1037 2501 1106 2566 ius·

108 2601 242 2685 ssisset,
257 2601 358 2687 paulo
374 2611 454 2667 ante
468 2604 615 2689 repperit
631 2601 677 2669 ad
690 2602 804 2670 hostes
819 2603 959 2688 fugisse.
973 2601 1107 2671 Adhor-

131 2713 224 2770 tatus
247 2705 383 2789 milites,
399 2728 442 2772 ne
464 2707 658 2772 necessario
674 2715 825 2793 tempore
840 2707 974 2774 itineris
989 2706 1108 2775 labore

129 2818 398 2894 permoveantur,
406 2808 633 2896 cupidissimis
641 2809 795 2876 omnibus
803 2831 1004 2897 progressus
1012 2809 1108 2879 milis

129 2932 290 2997 passuum
302 2929 376 2978 xxv
389 2934 510 2997 agmen
522 2912 714 2981 Aeduorum
727 2917 943 3002 conspicatus
956 2915 1106 2983 immisso

130 3016 284 3101 equitatu
305 3016 370 3082 iter
393 3039 507 3083 eorum
521 3027 672 3085 moratur
693 3027 794 3105 atque
809 3019 951 3107 impedit
966 3020 1107 3088 interdi-

108 3119 242 3204 scitque
265 3119 430 3205 omnibus,
453 3144 497 3187 ne
519 3143 719 3209 quemquam
742 3124 958 3191 interficiant.
981 3124 1106 3212 Epore-

132 3221 283 3304 dorigem
297 3232 330 3288 et
342 3224 604 3311 Viridomarum,
621 3247 703 3313 quos
717 3226 769 3294 illi
781 3229 977 3297 interfectos
990 3229 1107 3297 existi·

130 3326 280 3409 mabant,
287 3327 377 3394 inter
385 3330 514 3415 equites
522 3332 653 3397 versari
665 3352 810 3418 suosque
817 3331 989 3419 appellare
1001 3331 1105 3400 iubet.

110 3430 195 3495 eHis
219 3433 366 3516 cognitis
390 3441 423 3498 et
445 3432 618 3501 Litavicci
645 3434 765 3501 fraude
787 3446 965 3526 perspecta
992 3435 1106 3505 Aedui

130 3555 250 3600 manus
273 3534 413 3603 tendere
438 3535 655 3621 [deditionem
671 3535 878 3627 significare]
894 3549 928 3607 et
943 3541 1105 3627 proiectis
