2376 3924
133 255 196 319 230
473 256 583 305 uotum
601 255 772 304 armetur

134 453 319 529 querentur,
354 444 449 509 modo
482 467 594 516 rursus
625 445 668 510 ab
698 445 859 529 equitibus
892 447 926 509 in
954 444 1117 530 oppidum

133 546 374 632 repellerentur,
414 547 598 613 cohortibus
620 549 731 634 paucis
754 571 797 612 ex
818 550 992 631 veteranis,
1029 568 1117 633 quas

134 673 243 715 secum
276 650 429 733 habebat,
463 653 497 714 in
531 660 677 716 extremo
715 653 844 736 agmine
881 650 1046 716 collocatis
1081 662 1117 718 et

134 764 226 840 parte
249 757 411 839 equitatus
433 757 494 818 iter
516 753 631 819 leniter
654 776 728 818 cum
749 754 881 839 reliquis
908 755 1018 818 facere
1043 778 1116 821 coc·

113 861 189 944 opit.
213 859 264 922 lta
287 868 407 943 quanto
423 858 548 942 longius
564 858 606 923 ab
623 858 740 945 oppido
757 858 995 942 discedebatur,
1018 869 1116 925 tanto

113 962 292 1027 rtardiores
315 962 358 1026 ad
381 962 617 1047 insequendum
644 971 737 1027 erant
758 962 928 1027 Numidae.
973 963 1117 1028 Interim

133 1069 166 1130 in
188 1068 302 1131 itinere
336 1088 378 1130 ex
413 1066 537 1153 oppidis
560 1075 593 1130 et
615 1066 753 1132 castellis
787 1067 963 1151 legationes
996 1071 1116 1134 venire

133 1180 165 1234 et
193 1169 333 1255 polliceri
365 1170 562 1234 frumentum
596 1179 802 1256 paratosque
824 1192 904 1254 esse,
942 1193 1027 1257 quae
1057 1175 1116 1236 im-

133 1283 287 1359 perasset,
324 1275 442 1340 facere.
487 1275 603 1359 Itaque
637 1297 674 1338 eo
708 1274 761 1338 die
798 1283 905 1339 castra
938 1278 1047 1361 posuit
1071 1276 1117 1341 ad

134 1378 287 1463 oppidum
309 1380 498 1464 Ruspinam,
521 1377 595 1443 Kal.
619 1379 787 1443 Ianuariis.
1150 1384 1153 1389 '

220 1482 248 1546 7.
273 1482 354 1547 Inde
376 1484 478 1546 movit
499 1490 532 1545 et
554 1481 767 1566 pervenitad
791 1482 946 1568 oppidum
968 1483 1116 1569 Leptim,

132 1584 267 1650 liberam
301 1587 464 1650 civitatem
493 1594 525 1649 et
552 1586 737 1649 immunem.
782 1585 900 1671 Legati
922 1608 965 1649 ox
993 1587 1117 1673 oppido

134 1689 264 1752 obviam
293 1690 436 1770 veniunt,
471 1686 608 1751 libenter
637 1709 671 1751 se
700 1689 806 1751 omnia
838 1687 992 1770 facturos,
1027 1711 1117 1775 quae

112 1794 239 1875 avellet,
274 1791 473 1879 pollicentur.
519 1793 634 1875 Itaque
662 1790 901 1855 centurionibus
931 1790 973 1855 ad
1001 1802 1117 1876 portas

135 1896 243 1981 oppidi
266 1904 299 1959 et
321 1894 474 1958 custodiis
497 1896 662 1979 impositis,
696 1915 738 1958 ne
761 1895 832 1978 quis
854 1892 946 1958 miles
967 1895 1002 1958 in
1025 1899 1117 1982 oppi-

134 1999 212 2063 dum
234 2000 381 2062 introiret
404 2005 460 2061 aut
481 1998 630 2061 iniuriam
659 1997 782 2061 faceret
808 1999 949 2082 cuipiam
978 1998 1116 2084 incolae,

134 2125 199 2168 non
222 2102 316 2187 longe
345 2102 387 2166 ab
411 2100 528 2187 oppido
563 2101 742 2166 secundum
776 2100 850 2165 litus
882 2101 961 2165 facit
994 2111 1117 2168 castra.

112 2207 325 2291 oEodemque
348 2227 449 2270 naves
472 2207 639 2270 onerariae
662 2214 695 2269 et
716 2205 832 2290 longae
847 2204 1019 2270 nonnullae
1036 2228 1119 2272 casu

136 2312 354 2393 advenerunt3
393 2307 547 2394 reliquae,
570 2319 607 2373 ut
629 2317 678 2372 est
700 2311 730 2372 ei
752 2310 945 2392 nuntiatum,
969 2310 1118 2375 incertae

114 2415 279 2480 *locorum
301 2415 432 2479 Uticam
454 2434 569 2477 versus
598 2420 708 2496 petere
731 2414 820 2476 visae
849 2421 932 2476 sunt.
977 2411 1118 2478 Interim

136 2518 258 2584 Caesar
291 2542 311 2583 a
343 2521 426 2584 mari
462 2539 528 2583 non
565 2516 693 2599 digredi
731 2538 837 2602 neque
873 2515 1118 2583 mediterranea

136 2634 246 2709 petere
279 2633 411 2710 propter
444 2623 577 2687 navium
611 2641 764 2702 errorem,
803 2621 1049 2706 equitatumque
1081 2624 1119 2687 in

136 2727 274 2791 navibus
297 2749 425 2791 omnem
449 2729 625 2808 continere,
659 2734 696 2790 ut
717 2723 868 2807 arbitror,
901 2746 944 2790 ne
965 2727 1039 2812 agri
1061 2748 1119 2793 va·

115 2840 314 2906 sererentur-3
351 2854 470 2916 aquam
492 2834 525 2895 in
547 2851 649 2895 naves
670 2830 761 2895 iubet
782 2829 1119 2916 comportariRemi·

137 2955 194 3017 ges
217 2936 354 3016 interim,
378 2938 432 3019 qui
455 2944 609 3019 aquatum
633 2957 651 2999 e
673 2933 812 3001 navibus
828 2936 985 3016 exierant,
1008 2932 1119 3001 subito

138 3039 264 3120 equites
286 3037 394 3100 Mauri
418 3059 524 3122 neque
548 3037 754 3124 opinantibus
778 3037 982 3104 Caesarianis
1010 3036 1120 3103 adorti

137 3141 253 3206 multos
286 3141 397 3206 iaculis
431 3141 713 3225 convulnerarunt,
747 3142 915 3208 nonnullos
948 3141 1119 3209 interfece-

116 3256 222 3311 ⁶runt
267 3247 388 3310 Latent
417 3248 557 3310 enimin
580 3247 702 3312 insidiis
726 3270 799 3311 eum
822 3249 913 3332 equis
934 3247 1022 3311 inter
1043 3268 1120 3313 con·

137 3349 247 3431 valleS,
282 3359 318 3413 ut
348 3348 453 3414 subito
482 3351 649 3433 exsistant,
686 3372 751 3415 non
773 3353 865 3415 utin
888 3368 1003 3434 campo
1033 3372 1121 3417 com·

137 3455 241 3516 minus
264 3452 460 3539 depugnent.
