2376 3924
362 229 411 277 AD
429 229 532 280 anun.
553 229 645 280 urso.
665 231 774 284 ro-m.
907 220 1048 286 Lxxxrn

171 434 194 467 er
212 418 253 478 32,
273 420 302 466 2:
330 432 364 470 coc
387 418 509 471 hostiam
532 419 620 473 araris
645 424 727 473 scota
751 426 777 474 et
798 423 862 490 pilo
887 438 942 491 pro
965 424 1047 491 cailo,

63 519 119 571 pro
140 503 262 571 caespite
286 504 426 557 cadavera
450 504 673 574 collocabantur,
700 507 818 575 irrsaper
846 509 989 562 absciso
1016 511 1047 562 ia

65 588 226 658 pladiorara
250 606 380 644 macrone
403 592 501 659 capita
524 593 666 647 booriaara
691 594 828 647 ordinata
852 597 891 649 od
909 596 1046 663 oppidano

65 691 208 741 coaoersa,
226 682 256 727 ut
270 684 296 728 et
309 678 344 728 ad
361 678 483 731 bostiam
502 679 627 732 tiatorem
645 679 815 747 uirtutisque
830 681 957 751 iasiprtia
970 683 1046 735 oide-

65 769 129 816 reat
152 768 178 816 et
202 763 275 815 uallo
298 763 586 818 circumcludereatar
614 766 802 837 aduersarii]
830 769 973 822 abscisa
997 789 1045 837 pro

65 851 151 905 occisi
169 853 341 902 scribendum
362 869 429 913 esse,
449 855 517 903 vidit
533 854 705 920 Oudendorp.
730 855 815 907 occisi
833 857 989 923 Nipperdey
1006 860 1046 907 in-

66 940 155 990 clusit.
186 939 257 988 idem
282 945 409 1004 corrupta
432 940 561 989 librorum
580 941 665 991 verba
682 970 717 979 —
735 941 767 994 ia
783 941 880 1010 plodio
898 948 932 995 at
949 959 1044 996 macro

64 1031 91 1078 et
110 1027 187 1087 ahl,
216 1029 242 1077 et
260 1024 372 1093 alodios
390 1029 423 1077 at
442 1041 572 1079 nracroae
590 1031 617 1079 et
634 1027 699 1081 f-
717 1031 833 1078 correxit
851 1029 994 1080 scribendo
1013 1029 1045 1082 ia

63 1111 226 1180 alodiorum
249 1125 387 1163 aracroae.
414 1141 446 1148 —
474 1129 568 1163 vocem
590 1112 775 1181 aaioersa,
803 1130 883 1179 quam
902 1116 967 1165 libri
984 1121 1045 1181 post

64 1214 197 1249 conversa
220 1198 333 1259 habent,
361 1203 390 1247 ut
410 1215 441 1248 ex
463 1198 646 1264 dittographia
665 1205 750 1249 ortam
770 1217 830 1250 cum
850 1202 979 1252 Diibnero
999 1202 1043 1252 de-

62 1285 127 1338 levi.
144 1286 300 1336 -inserui
319 1286 414 1335 deinde
434 1286 545 1336 voculas
563 1289 603 1337 at
621 1290 653 1338 et
671 1285 726 1352 ad,
746 1303 806 1337 cum
827 1289 867 1337 sic
886 1288 965 1338 modo
979 1294 1044 1354 apta

63 1373 229 1422 constructio
248 1371 319 1422 effici
339 1373 428 1436 possit.
454 1400 489 1410 -
511 1377 573 1437 post
597 1371 723 1424 tiatorem
746 1373 909 1439 Nipperdey,
929 1376 1044 1438 Kraner,

62 1458 176 1508 Dilbner
202 1459 318 1508 lacunae
345 1460 450 1523 signum
474 1464 636 1524 posuerunt,
664 1459 762 1508 Dinter
784 1476 849 1509 vero
873 1461 971 1510 edidit:
1000 1461 1043 1513 ia-

61 1559 148 1612 saper
163 1543 341 1612 praefica
360 1543 403 1596 ad
420 1543 622 1612 pladioram
640 1558 822 1596 aracroacs
841 1545 938 1612 capita
956 1545 1042 1598 bomi-

61 1648 130 1685 aam
142 1630 279 1683 ordinata
291 1629 329 1682 ad
342 1628 478 1696 oppidani
496 1644 630 1682 cortraco
648 1629 801 1698 [aniverso]
821 1630 944 1685 bostiam
963 1632 1043 1684 tioro-

60 1734 118 1771 rem
141 1718 288 1792 augebant,
306 1753 397 1769 ......
415 1715 584 1783 uirtutisque
602 1715 730 1785 iasiprria
747 1717 898 1784 proposita
915 1717 1043 1772 adasai

61 1809 124 1858 cett.
142 1832 176 1843 —
194 1806 244 1855 ib.:
262 1806 387 1872 itaque
407 1808 516 1872 scripsi,
534 1806 590 1858 ita
609 1806 686 1860 codd.
732 1814 734 1818 ’

164 1908 187 1941 c.
206 1895 247 1957 33,
268 1896 295 1943 1:
325 1891 430 1945 Caesar
448 1907 482 1945 ea
498 1891 606 1960 proelio
625 1893 728 1943 Munda
747 1891 903 1946 monitione
924 1894 1042 1947 circom-

61 1979 132 2032 data
153 1977 312 2031 Cordubam
335 1976 436 2047 vertit]
467 1977 605 2031 Munda
629 1984 659 2028 ut
686 1984 768 2029 antea
795 1986 904 2029 auctore
931 1980 1041 2031 Olarkio

60 2066 200 2131 supplevi,
227 2066 293 2116 licet
311 2067 416 2115 Kraner
435 2082 477 2115 me
497 2067 703 2130 vituperaverit,
726 2072 862 2131 tamquam
883 2083 936 2116 non
955 2067 1040 2116 vidis-

60 2168 115 2204 sem
137 2152 232 2202 eodem
250 2152 327 2202 modo
347 2168 370 2201 c.
388 2152 422 2200 34
441 2151 495 2201 dici
519 2165 554 2203 err
571 2149 679 2217 proelio
703 2165 787 2217 qaas
811 2151 1041 2204 circammmtitos

59 2237 193 2306 saperius
213 2237 481 2305 deutortstraoiaras;
499 2239 557 2302 ipse
572 2254 635 2288 vero
655 2255 708 2288 non
728 2238 952 2289 animadvertisse
965 2238 1040 2287 vide-

59 2331 111 2387 tur,
140 2327 168 2375 in
187 2325 230 2374 his
249 2325 339 2375 verbis
359 2325 468 2386 adesse,
497 2325 567 2390 quod
586 2340 668 2390 aegre
686 2327 714 2373 in
734 2325 872 2390 superiore
891 2322 952 2373 loco
971 2323 1040 2373 desi·

59 2398 181 2472 deretur,
209 2409 432 2476 significationem
452 2411 512 2461 dico
537 2425 664 2472 eoram,
692 2411 740 2475 qui
758 2411 908 2459 munitione
927 2411 1040 2459 circum-

59 2496 116 2548 dati
134 2498 198 2546 sint.

162 2599 184 2633 c.
203 2583 245 2649 34,
265 2585 292 2632 1:
317 2581 483 2635 discordare
501 2586 652 2649 coeperant
669 2596 757 2648 aseae
775 2596 814 2642 eo,
833 2585 866 2633 at
885 2578 990 2632 clamor
1007 2578 1039 2631 ia

58 2672 156 2722 castra
171 2669 338 2735 perverteret,
365 2666 434 2736 [fere
452 2667 527 2720 iuter
546 2666 735 2720 Caesarianos
754 2671 781 2720 et
797 2666 873 2719 inter
891 2665 1038 2732 Pompeia-

57 2751 145 2823 aos].]l
164 2770 249 2804 uncos
267 2755 353 2820 posui,
373 2770 433 2804 cum
446 2755 531 2804 verba
549 2769 582 2803 ex
600 2754 823 2819 interpretatione
838 2753 962 2818 magistri
980 2757 1040 2802 orta

58 2856 117 2891 esse
135 2840 288 2903 rideantur,
309 2841 356 2904 qui
375 2839 539 2890 discordiam
557 2841 584 2888 in
605 2840 703 2904 oppido
723 2840 794 2890 iuter
813 2839 992 2890 Caesarianos
1012 2845 1039 2889 et

57 2926 237 2993 Pompeianos
256 2927 392 2976 exstitisse
411 2925 597 2976 adnotaverat.
623 2955 660 2964 -
686 2927 709 2988 §-
729 2927 758 2976 2:
786 2926 836 2992 qai
853 2925 885 2977 ia
905 2923 1037 2977 Caesaris

57 3011 181 3066 adserito
212 3010 394 3063 discedere
423 3009 603 3081 coeperantfl
639 3011 781 3064 discedere
811 3028 880 3062 corr.
910 3012 1037 3075 Dtibner3

57 3099 132 3149 codd.
157 3097 329 3150 descendere.
359 3103 440 3148 antea
461 3115 522 3147 cum
541 3098 706 3164 Nipperdeio
732 3097 899 3150 discordare
923 3099 1037 3163 scripse-

56 3200 121 3235 ram.
139 3211 175 3222 -
192 3183 216 3249 ξ.
229 3185 259 3233 3:
283 3182 352 3252 iepio
365 3182 456 3236 XIII.
475 3183 611 3250 oppidum
630 3182 778 3248 defeudere
797 3183 894 3250 coepit.
922 3182 1036 3234 stertire

56 3285 117 3323 cam
140 3269 199 3322 iam
223 3268 429 3338 depoprtorart,
457 3273 551 3322 torres
574 3285 608 3322 ea
630 3274 714 3337 porte
738 3275 765 3322 et
787 3285 899 3322 marano
917 3283 1035 3335 occupa-

56 3355 151 3427 ruva]
170 3372 218 3421 pro
237 3355 335 3405 tradito
353 3369 410 3407 rroa
428 3354 460 3425 (ri
479 3357 505 3421 f)
525 3362 588 3407 ante
607 3372 670 3409 cam
687 3355 745 3408 iam
763 3356 943 3422 wigonem,
963 3355 1036 3420 quod

55 3457 124 3494 unus
146 3441 167 3497 b
191 3441 286 3503 habet,
315 3442 360 3491 edi
377 3442 454 3493 solet.
485 3443 607 3508 equidem
628 3441 728 3496 ereata
745 3444 832 3509 posui,
852 3441 988 3507 syllabam
1007 3444 1034 3492 et

55 3533 163 3595 propter
186 3527 302 3578 similem
327 3528 514 3580 antecedentis
538 3529 664 3579 vocabuli
686 3529 902 3579 terminationem
922 3524 1036 3595 coep]r’t

849 3625 882 3679 (ἡ
