2376 3924
378 237 489 291 mnne
506 239 566 304 vn,
585 239 660 292 cre.
680 242 790 292 ris-sc.
1010 241 1071 306 195

94 430 378 497 subitomilitibus
386 431 578 515 lacrimans,
594 432 665 518 ‘quo
677 425 938 519 proficiscimur',
952 434 1092 520 inquit,2

88 529 252 600 ‘militesf
269 533 386 600 Omnis
398 545 514 601 noster
527 536 707 622 equitatus,
722 538 828 600 omnis
845 535 1007 602 nobilitas
1021 540 1069 603 in·

94 638 205 721 teriit3
228 639 400 725 principes
417 640 579 722 civitatis,
597 639 809 725 Eporedorix
828 648 860 704 et
878 639 1069 708 Viridoma·

94 765 162 824 rus,
170 742 358 808 insimulati
371 742 573 829 proditionis
590 741 633 807 ab
649 743 809 808 Romanis
822 743 953 809 indicta
966 768 1070 812 causa

95 846 268 911 interfecti
292 856 378 912 sunt.
403 847 498 912 Haec
527 845 570 911 ab
595 848 677 931 ipsis
706 848 911 931 cognoscite,
942 851 997 934 qui
1028 865 1094 914 ext

95 952 170 1036 ipsa
186 949 291 1015 caede
307 950 482 1034 fugerunt,
498 973 575 1015 nam
593 970 655 1033 ego
671 949 833 1016 fratribus
851 961 951 1037 atque
969 955 1072 1018 omni·

94 1053 159 1120 bus
182 1055 267 1119 meis
296 1055 494 1140 propinquis
522 1053 709 1119 interfectis
740 1054 855 1119 dolore
882 1055 1072 1142 prohibeor,

96 1180 183 1244 quac
206 1167 304 1242 gesta
328 1165 407 1222 sunt
428 1154 666 1243 pronuntiare?
688 1157 923 1224 Producuntur
940 1161 974 1244 ii,
991 1178 1095 1246 quos⁴

96 1261 155 1327 ille
163 1262 347 1328 edocuerat
359 1283 445 1347 quae
459 1261 526 1326 diei
534 1260 647 1345 vellet,
662 1270 764 1347 atque
775 1262 904 1347 eadem,
919 1284 1004 1348 quae
1016 1264 1074 1329 Li·

96 1367 250 1431 taviccus
263 1365 554 1452 pronuntiaverat,
567 1364 777 1430 multitudini
788 1377 975 1452 exponunt:
984 1370 1096 1455 equi-⁵

96 1478 149 1535 tes
173 1479 206 1534 ct
228 1469 351 1534 multos
368 1467 562 1535 Aeduorum
585 1469 791 1552 interfectos,
809 1470 897 1555 quod
914 1470 1074 1537 collocuti

97 1596 171 1639 oum
179 1573 341 1640 Arvernis
351 1573 558 1657 dicerentur3
574 1574 665 1660 ipsos
674 1596 710 1638 se
722 1575 810 1639 inter
824 1574 1074 1641 multitudinem

98 1679 243 1744 militum
267 1677 458 1744 occultasse
481 1686 582 1764 atque
606 1701 649 1743 ex
671 1677 784 1744 media
808 1679 912 1743 caede
936 1678 1074 1762 fugisse.

98 1781 322 1848 Conclamant
337 1781 447 1848 Aedui
465 1791 498 1847 ot
514 1783 729 1848 Litaviccum
751 1783 940 1866 obsecrant,
957 1793 995 1848 ut
1010 1781 1097 1847 sibit

99 1884 265 1951 consulat.
288 1877 406 1966 ‘Quasi
430 1885 531 1970 vero',
551 1887 660 1971 inquit
683 1886 751 1970 ille,
769 1885 918 1953 ‘consilii
943 1887 986 1950 sit
1009 1903 1097 1968 res,r

99 2009 140 2053 ac
163 2010 231 2054 non
253 1984 392 2054 necesse
415 1989 459 2055 sit
482 1988 581 2055 nobis
598 1986 805 2073 Gergoviam
820 1989 1025 2056 contendere
1043 1999 1075 2054 et

99 2114 175 2157 cum
198 2091 361 2157 Arvernis
383 2101 514 2158 nosmet
541 2094 756 2176 coniungere.
786 2092 840 2158 An
872 2093 1099 2178 dubitamus,s

100 2197 181 2284 quin
203 2197 333 2263 nefario
357 2197 510 2263 facinore
534 2196 682 2262 admisso
705 2198 847 2262 Romani
864 2199 931 2262 iam
955 2197 1001 2262 ad
1015 2219 1076 2262 nos

101 2300 353 2366 interficiendos
370 2300 598 2366 concurrant?
613 2300 768 2384 Proinde,
786 2302 814 2366 si
831 2300 912 2386 quid
928 2301 962 2364 in
979 2299 1077 2365 nobis

101 2407 205 2471 animi
229 2414 291 2487 ost,
318 2427 560 2491 persequamur
590 2426 701 2470 eorum
724 2413 874 2487 mortem,
905 2405 961 2489 qui
992 2404 1078 2468 indi·

101 2507 1078 2594 guissimeinterierunt,atquehoslatronesinterficiamus'

102 2612 262 2680 Ostendit
286 2612 378 2678 cives
400 2612 579 2694 Romanos,
604 2612 660 2697 qui
683 2614 753 2676 eius
777 2609 939 2696 praesidii
955 2611 1102 2677 fiducia⁹

102 2739 169 2785 una
185 2725 301 2801 crant3
317 2736 478 2800 magnum
493 2737 667 2781 numerum
684 2715 844 2779 frumenti
860 2726 1080 2782 commeatus·

101 2842 166 2907 que
191 2820 317 2906 diripit,
340 2821 432 2905 ipsos
455 2819 639 2885 crudeliter
667 2819 880 2883 excruciatos
910 2819 1080 2885 interficit.

101 2925 249 2990 Nuntios
258 2932 331 2991 tota
341 2925 480 2989 civitate
493 2923 687 2990 Aeduorum
697 2923 848 3005 dimittit,
862 2923 979 2989 eodem
988 2946 1079 2988 men·
1092 2939 1117 2977 1⁰

103 3026 202 3093 dacio
227 3027 269 3093 de
297 3027 403 3094 caede
433 3029 583 3114 equitum
612 3037 645 3094 et
673 3029 862 3114 principum
891 3036 1082 3127 permovet3

102 3130 271 3217 hortatur,
294 3139 332 3196 ut
356 3132 460 3197 simili
476 3134 619 3218 ratione,
636 3142 737 3220 atque
759 3133 831 3220 ipse
852 3132 982 3214 fecerit,
1003 3154 1081 3196 suas

103 3235 246 3302 iniurias
269 3245 526 3323 persequantur.

205 3337 257 3403 39.
272 3338 486 3426 Eporedorix
499 3339 646 3423 Aeduus,
657 3361 783 3405 summo
796 3338 869 3405 loco
881 3348 982 3405 natus
999 3338 1082 3403 adu·

100 3442 235 3509 lesocns
248 3451 282 3510 et
294 3463 445 3511 summae
458 3443 550 3510 domi
562 3444 747 3530 potentiae,
764 3453 797 3509 et
813 3466 879 3508 una
892 3442 1083 3509 Viridoma·
1166 3458 1172 3479 ¹

99 3567 175 3632 rus,
197 3547 271 3635 pari
285 3555 402 3614 aetate
417 3556 452 3614 et
467 3541 591 3631 gratia,
614 3546 675 3613 sed
691 3567 815 3631 genere
832 3546 971 3633 dispari,
986 3566 1027 3633 ur

890 3647 945 3702 tu*
