2376 3924
160 221 204 286 50
463 220 513 270 DE
533 217 653 269 BELLO
676 217 833 270 Gannico

159 407 382 495 principibus,
416 410 479 495 'qui
515 409 668 476 dicerent
697 408 833 476 Aeduos
870 433 891 474 a
919 408 1066 475 Caesare
1101 413 1135 476 in

159 515 353 578 servitutem
384 513 541 579 redactos
571 535 683 578 omnes
715 514 937 597 indignitates
965 523 1136 580 contume-

159 617 288 702 liaeque
311 616 469 704 perferre,
493 628 527 681 et
550 616 593 683 ab
616 617 745 682 Aeduis
769 617 933 683 defecisse
956 627 988 680 et
1011 617 1135 702 populo

136 721 307 792 rRomano
323 720 446 786 bellum
463 720 629 785 intulisse.
651 720 718 800 Qui
734 723 804 786 eius
821 720 954 787 consilii
966 722 1136 806 principes

158 824 310 908 fuissent,
334 824 423 909 quod
446 822 693 908 intellegerent,
720 833 882 910 quantam
904 823 1136 889 calamitatem

136 929 291 1000 scivitati
307 927 512 1011 intulissent,
528 929 563 992 in
575 927 788 993 Britanniam
800 928 999 1013 profugisse.
1014 927 1135 993 Petere

144 1050 223 1098 “non
248 1032 354 1097 solum
376 1030 592 1114 Bellovacos,
616 1030 677 1096 sed
699 1034 800 1097 etiam
822 1053 882 1116 pro
911 1030 963 1096 his
985 1031 1135 1115 Aeduos,

157 1149 193 1202 ut
223 1158 284 1200 sua
308 1134 488 1201 clementia
511 1158 551 1200 ac
580 1135 838 1201 mansuetudine
860 1136 896 1200 in
920 1157 976 1200 eos
1005 1144 1133 1201 utatur.

135 1240 257 1321 cQuod
272 1241 300 1303 si
317 1239 443 1322 fecerit,
456 1239 648 1305 Aeduorum
661 1241 900 1305 auctoritatem
912 1238 1002 1325 apud
1019 1260 1133 1304 omnes
1160 1253 1161 1256 ’

156 1341 1133 1429 Belgasamplifieaturum3quorumauxiliisatqueopibus,

157 1450 184 1512 si
209 1468 275 1532 qua
297 1445 387 1511 bella
412 1445 602 1530 inciderint,
630 1456 821 1512 sustentare
844 1447 1047 1511 consuerint.

243 1547 292 1613 15.
321 1547 449 1615 Caesar
470 1549 605 1615 honoris
627 1549 793 1615 Divitiaci
816 1559 919 1635 atque
939 1550 1133 1615 Aeduorum

154 1677 257 1720 causa
272 1676 344 1718 sese
357 1675 412 1718 eos
426 1655 461 1717 in
474 1652 576 1719 fidem
583 1664 795 1739 recepturum
808 1662 841 1718 et
854 1661 1134 1718 conservaturum

156 1758 259 1841 dixit,
282 1757 460 1842 quoderat
484 1759 607 1822 civitas
622 1777 747 1840 magna
764 1759 853 1821 inter
867 1755 993 1840 Belgas
1017 1765 1132 1822 aucto-

153 1863 255 1926 ritate
276 1871 377 1946 atque
398 1860 567 1926 hominum
588 1860 803 1926 multitudine
824 1858 1033 1946 praestabat,
1057 1882 1132 1925 sex·

132 1972 269 2028 soentos
294 1964 428 2030 obsides
451 1966 615 2051 poposcit.
660 1964 724 2029 His
747 1962 883 2030 traditis
912 1962 1132 2049 omnibusque

153 2069 254 2132 armis
272 2091 314 2132 ex
330 2066 452 2154 oppido
468 2067 602 2134 collatis
626 2067 669 2133 ab
686 2090 724 2133 eo
748 2067 822 2133 loco
845 2069 879 2132 in
894 2068 978 2133 fines
993 2066 1131 2133 Ambia-

153 2193 269 2236 norum
298 2173 467 2256 pervenit,
496 2173 552 2257 qui
582 2194 618 2237 se
648 2194 775 2257 suaque
805 2172 917 2236 omnia
942 2173 1015 2236 sine
1036 2193 1132 2237 mora

131 2298 143 2337 a
154 2273 365 2340 dediderunt.
382 2275 506 2340 Eorum
518 2275 601 2340 fines
614 2274 730 2340 Nervii
742 2273 975 2358 attingebant,
992 2296 1132 2360 quorum

152 2379 194 2443 de
217 2388 340 2444 natura
362 2377 577 2464 moribusque
600 2375 728 2443 Caesar
756 2399 832 2443 cum
857 2387 1052 2465 quaereret,
1082 2381 1131 2444 sie

130 2481 341 2568 treperiebat
352 2506 359 2546 :
372 2481 501 2548 nullum
514 2482 645 2548 aditum
657 2505 731 2547 esse
743 2480 789 2548 ad
801 2503 857 2547 eos
868 2479 1131 2565 mercatoribus,

150 2585 234 2650 nihil
257 2587 329 2671 pati
357 2587 429 2650 vini
450 2584 720 2671 reliquarumque
751 2606 862 2649 rerum
891 2583 937 2649 ad
960 2583 1131 2650 luxuriam

149 2691 390 2775 pertinentium
413 2689 546 2772 inferri,
570 2687 660 2775 quod
681 2690 724 2753 iis
747 2688 849 2754 rebus
872 2687 1130 2772 relanguescere

152 2795 281 2858 animos
311 2792 446 2876 [eorum]
479 2803 512 2858 et
538 2789 666 2875 remitti
689 2793 848 2858 virtutem
878 2792 1132 2874 existimarent,

131 2917 225 2962 cesse
241 2896 391 2961 homines
412 2896 501 2961 seros
525 2917 735 2982 magnaeque
756 2895 909 2979 virtutis3
926 2895 1131 2980 increpitare

152 3009 254 3085 atque
277 3001 433 3064 incusare
455 2999 603 3085 reliquos
625 2998 763 3083 Belgas,
786 3001 843 3085 qui
866 3021 901 3064 se
923 2995 1044 3084 populo
1065 2997 1129 3061 Ro·

151 3126 249 3168 mano
264 3102 475 3168 dedidissent
490 3105 702 3189 patriamque
717 3105 877 3168 virtutem
891 3101 1131 3188 proiecissent3

150 3207 347 3272 confirmare
364 3229 437 3271 sese
453 3228 561 3292 neque
577 3206 709 3290 legatos
724 3209 886 3275 missuros
902 3226 1009 3291 neque
1024 3203 1130 3271 ullam

149 3312 381 3378 condicionem
402 3313 499 3397 pacis
523 3321 732 3398 accepturos.

236 3414 284 3480 16.
308 3413 466 3502 Compar
482 3437 596 3481 eorum
618 3416 703 3481 fines
725 3415 875 3482 triduum
890 3415 956 3481 iter
977 3413 1128 3499 iecisset,

148 3520 344 3586 inveniebat
363 3543 406 3586 ex
425 3521 571 3607 captivis
588 3518 704 3587 Sabim
720 3520 844 3586 flumen
859 3518 904 3584 ab
919 3520 1044 3585 eastris
1060 3520 1130 3585 suis
