2376 3924
125 210 167 275 32
432 212 483 262 DE
501 211 621 262 BELLO
640 211 798 264 olomeo

125 400 247 466 sidium
262 422 362 487 quam
378 402 627 485 amicissimum,
651 403 680 467 si
696 401 777 490 quid
793 425 875 490 opus
891 403 983 469 facto
1000 414 1101 490 esset,

53 586 55 589 .
103 502 275 569 thaberct.
300 502 399 584 Quod
414 526 489 570 oum
504 505 610 590 fieret,
625 527 694 571 non
709 505 882 574 irridieule
898 505 1036 593 quidam
1058 531 1103 574 ex

123 607 288 674 militibus
313 609 464 675 decimae
485 608 630 694 legionis
655 608 757 675 dixit:
780 608 867 696 plus,
890 631 990 696 quam
1005 610 1102 697 polli-

123 715 211 779 citus
235 723 336 798 esset,
358 710 540 778 Caesarem
563 712 692 779 facere:
714 711 902 798 pollicitum
926 735 962 779 sc
985 715 1020 779 in
1043 736 1101 780 eo·

122 814 229 883 hortis
244 818 435 905 praetoriae
451 817 525 883 loco
542 815 707 882 decimam
718 815 884 901 legionem
897 815 1101 904 habiturum,

122 918 168 986 ad
192 943 312 1007 equum
334 920 532 987 rescribere.
586 942 592 950 ’

224 1021 276 1090 43.
299 1023 469 1091 Planicies
485 1034 559 1091 erat
574 1045 699 1109 magna
715 1035 749 1092 et
763 1025 799 1091 in
815 1047 855 1091 ea
871 1025 1018 1092 tumulus
1035 1034 1100 1092 ter·

120 1149 221 1194 renus
246 1130 331 1194 satis
355 1127 507 1213 grandis.
551 1128 617 1194 Hic
644 1128 739 1195 locus
763 1150 870 1216 aequo
893 1130 963 1196 fere
988 1131 1098 1216 spatio

120 1229 165 1296 ab
181 1233 303 1297 castris
318 1231 485 1299 Ariovisti
501 1242 533 1298 et
549 1230 708 1299 Caesaris
724 1232 852 1301 aberat.
880 1233 942 1318 Eo,
965 1242 1003 1299 ut
1026 1243 1100 1299 erat

100 1336 258 1421 ²dictum,
282 1335 327 1402 ad
342 1335 545 1424 colloquium
559 1346 734 1403 venerunt.
757 1337 944 1422 Legionem
960 1334 1100 1422 Caesar,

120 1462 220 1526 quam
244 1442 337 1527 equis
363 1440 557 1525 devexerat,
579 1438 736 1528 passibus
760 1440 915 1507 ducentis
932 1439 976 1507 ab
993 1461 1031 1506 eo
1048 1450 1099 1506 tu·

97 1543 208 1611 amulo
231 1547 419 1611 constituit.
448 1545 535 1611 Item
558 1546 686 1631 equites
709 1543 874 1611 Ariovisti
897 1545 974 1631 pari
994 1545 1099 1611 inter·

118 1647 216 1713 vsllo¹
232 1650 467 1715 constiterunt.
505 1648 716 1733 Ariovistus,
745 1671 789 1714 ex
815 1650 908 1736 equis
932 1658 968 1714 ut
992 1647 1098 1714 collo·

118 1762 300 1840 querentur
329 1763 361 1819 et
389 1762 525 1840 praeter
554 1775 590 1818 se
620 1752 725 1818 denos
752 1761 790 1818 ut
821 1753 866 1819 ad
891 1752 1100 1840 colloquium

96 1856 338 1941 redducerent,
360 1855 557 1944 postulavit.
580 1857 648 1924 Ubi
668 1879 706 1922 eo
722 1865 859 1923 ventum
882 1867 944 1940 est,
968 1855 1099 1924 Caesar

118 1962 214 2026 initio
245 1961 408 2027 orationis
437 1983 498 2027 sua
522 1970 725 2048 senatusque
757 1961 794 2026 in
828 1982 903 2026 eum
932 1959 1099 2028 beneficia

118 2068 402 2149 commemoravit,
425 2064 515 2152 quod
535 2088 597 2132 rex
613 2064 803 2153 appellatus
820 2074 909 2131 esset
926 2087 947 2131 a
963 2076 1096 2152 senatu,

118 2169 208 2255 quod
223 2170 365 2254 amicus,
380 2169 470 2256 quod
484 2191 623 2235 munera
641 2168 846 2256 amplissime
861 2169 980 2254 missa3
996 2191 1099 2257 quam

122 2295 193 2338 rem
216 2282 250 2339 et
272 2274 389 2360 paucis
419 2272 603 2357 contigisse
633 2282 665 2338 et
688 2293 748 2359 pro
771 2274 903 2357 magnis
927 2271 1103 2343 hominum

96 2397 109 2436 5
125 2376 244 2442 officiis
268 2398 448 2443 consuesse
464 2374 568 2442 tribui
586 2375 746 2459 docebat3
768 2375 873 2462 illum,
896 2399 972 2443 cum
987 2398 1097 2464 neque

43 2566 44 2569 Ἴ
119 2479 247 2545 aditum
274 2502 383 2566 neque
412 2501 551 2546 causam
572 2479 768 2566 postulandi
797 2480 921 2545 iustam
944 2478 1097 2565 haberet,

115 2581 277 2650 beneficio
303 2605 343 2650 ac
366 2583 574 2650 liberalitate
599 2605 661 2648 sua
676 2604 717 2648 ac
733 2591 872 2648 senatus
889 2605 930 2649 ea
945 2585 1097 2669 praemia

93 2698 342 2754 sconsecutum.
362 2687 518 2754 Docebat
535 2688 648 2771 etiam,
665 2707 764 2772 quam
780 2696 912 2753 veteres
929 2708 1096 2774 quamque

115 2792 224 2858 iustae
240 2814 365 2858 causae
380 2788 643 2857 necessitudinis
662 2791 744 2877 ipsis
761 2812 837 2857 oum
848 2790 976 2856 Aeduis
992 2793 1095 2858 inter·

114 2897 288 2980 cederent3
318 2917 403 2982 quae
427 2893 722 2993 senatusconsulta
745 2897 899 2981 quotiens
930 2916 1095 2982 quamque

93 2999 300 3067 rhonorifica
324 3002 358 3066 in
388 3023 444 3067 eos
473 3001 566 3066 facta
593 3009 722 3083 essent3
760 3009 796 3065 ut
827 3002 915 3065 omui
945 3009 1095 3087 tempore

115 3105 217 3168 totius
243 3102 379 3169 Galliae
402 3105 629 3191 principatum
643 3102 754 3169 Aedui
777 3104 978 3187 tenuissent,
1000 3104 1095 3190 prius

93 3208 228 3291 setiam,
248 3228 348 3293 quam
364 3216 517 3273 nostram
529 3207 715 3273 amicitiam
731 3208 950 3293 appetissent.
973 3207 1095 3293 Populi

114 3311 255 3376 Romani
278 3309 367 3377 hanc
392 3333 466 3376 esse
489 3311 775 3395 consuetudinem,
798 3320 835 3375 ut
860 3312 969 3375 socios
992 3319 1094 3398 atque

115 3417 240 3480 amicos
264 3436 332 3481 non
354 3413 454 3480 modo
478 3415 529 3480 sui
552 3413 637 3479 nihil
662 3413 861 3500 deperdere,
886 3413 946 3479 sed
969 3417 1093 3500 grstia,

116 3517 301 3604 dignitate,
332 3518 458 3584 honore
482 3519 651 3584 auctiores
671 3516 754 3584 velit
777 3539 866 3583 esse:
900 3516 990 3603 quod
1011 3540 1095 3586 vero
