2376 3924
117 222 157 286 28
444 221 495 270 DE
514 220 633 269 BELLO
657 219 769 269 ClVlLl

95 414 292 497 spertinent,
327 409 369 474 ab
392 409 528 474 Afranio
561 412 769 494 imperantur.
815 408 943 490 Quibus
977 411 1097 473 coactis

116 513 261 578 celeriter
294 513 441 576 Petreius
475 535 533 597 per
561 512 717 576 Vettones
751 511 793 575 ad
820 510 993 574 Afranium
1027 532 1097 596 per-

114 620 218 699 venit,
253 617 513 700 constituuntque
548 616 707 678 communi
737 613 866 677 consilio
899 612 1020 677 bellum
1055 614 1097 678 ad

114 716 254 786 Ilerdam
285 729 415 805 propter
445 721 544 804 ipsius
574 717 633 783 loei
667 720 939 803 opportunitatem
971 738 1096 801 gerere.

200 825 250 888 39.
275 823 388 906 Erant,
411 832 569 907 utsupra
592 821 846 885 demonstratum
870 831 927 904 est,
954 821 1097 905 legiones

115 929 242 994 Afranii
270 937 351 1010 tres,
380 927 502 990 Petreii'
531 925 630 1008 duae,
660 935 828 1011 praeterea
851 933 995 990 scutatae
1023 928 1097 989 eite-

115 1035 207 1097 rioris
245 1033 428 1116 provinciae
466 1039 498 1094 et
535 1039 677 1093 cetratae
722 1029 881 1094 ulterioris
918 1030 1098 1114 Hispaniae

116 1137 263 1200 cohortes
297 1136 424 1198 circiter
453 1151 550 1197 Lxxx
584 1136 792 1219 equitumque
826 1137 993 1219 utriusque
1027 1158 1098 1220 pro-

94 1241 241 1305 nvinciae
271 1240 398 1301 circiter
421 1255 441 1299 v
465 1236 560 1301 milia.
608 1237 728 1301 Caesar
755 1238 896 1321 legiones
925 1241 957 1302 in
981 1240 1097 1324 Hispa-

116 1346 202 1407 niam
217 1345 429 1428 praemiserat
444 1361 489 1406 vl.
518 1341 572 1407 Ad
588 1342 640 1405 illa
656 1342 776 1406 auxilia
792 1343 936 1428 peditum
952 1362 973 1406 v
997 1343 1095 1427 milia,

116 1449 259 1532 equitum
282 1465 320 1510 111
344 1445 446 1530 milia,
477 1469 559 1531 quae
589 1446 736 1510 omnibus
765 1446 983 1531 superioribus
1005 1445 1098 1512 bellis

115 1550 290 1634 habuerat,
322 1562 354 1616 et
376 1574 489 1636 parem
511 1573 552 1615 ex
576 1550 682 1616 Gallia
704 1545 885 1633 numerum,
909 1572 1007 1635 quem
1028 1553 1098 1637 ipse

116 1666 289 1742 paraverat
317 1658 506 1720 nominatim
536 1678 576 1719 ex
609 1655 757 1719 omnibus
791 1655 976 1720 civitatibus
1009 1654 1098 1720 nobi-

116 1759 233 1824 lissimo
263 1781 391 1843 quoque
421 1767 570 1842 evocato,
600 1763 629 1820 et
656 1760 731 1823 hinc
760 1761 870 1845 optimi
893 1761 1021 1842 generis
1043 1761 1098 1824 ho-

115 1865 238 1926 minum
261 1885 302 1926 ex
326 1863 498 1947 Aquitanis
521 1865 756 1947 montanisque,
783 1865 837 1948 qui
861 1863 1000 1928 Galliam
1026 1886 1098 1949 pro-

94 1969 255 2029 nvinciam
285 1969 462 2050 attingunt,
496 1967 676 2030 addiderat.
721 1966 882 2033 Audierat
907 1969 1098 2054 Pompeium

116 2092 174 2154 per
196 2070 426 2133 Mauritaniam
455 2092 528 2135 cum
555 2070 735 2154 legionibus
762 2073 823 2136 iter
849 2073 881 2135 in
904 2073 1098 2157 Hispaniam

115 2174 222 2237 facere
246 2173 476 2258 confestimque
500 2196 569 2238 esse
584 2183 767 2238 venturum.
792 2172 893 2240 Simul
916 2197 935 2238 a
958 2174 1098 2241 tribunis

115 2276 250 2342 militum
279 2277 583 2363 centurionibusque
612 2287 740 2349 mutuas
762 2279 916 2363 pecunias
944 2282 1096 2365 sumpsit,

93 2381 174 2446 ‹has
197 2384 352 2446 exercitui
383 2381 553 2446 distribuit.
600 2383 673 2464 Quo
696 2381 781 2446 facto
809 2380 890 2446 duas
912 2403 965 2446 res
988 2404 1097 2447 conse-

115 2495 207 2549 cutus
240 2496 302 2568 est,
341 2484 428 2569 quod
461 2487 595 2570 pignore
629 2486 752 2548 animos
786 2487 1009 2550 centurionum
1044 2485 1096 2550 de-

115 2592 220 2653 vinxit
242 2599 275 2654 et
298 2590 465 2673 largitione
492 2588 628 2653 militum
651 2588 833 2654 voluntates
862 2588 1008 2655 redemit.

200 2694 251 2756 40.
276 2692 400 2757 Fabius
415 2694 624 2757 finitimarum
647 2694 814 2757 civitatum
837 2695 961 2758 animos
982 2693 1097 2760 litteris

116 2799 298 2880 mmtiisque
325 2796 514 2882 temptabat.
546 2798 584 2860 ln
608 2798 718 2862 Sicore
732 2797 864 2861 flumine
886 2807 1000 2884 pontes
1023 2798 1096 2863 effe-

116 2908 205 2962 cerat
238 2899 319 2963 duos
353 2900 508 2964 distantes
542 2903 625 2965 inter
659 2923 693 2964 se
726 2900 813 2965 milia
847 2923 1000 2986 passuum
1031 2921 1095 2966 1111.

116 3002 176 3066 His
207 3000 356 3086 pontibus
385 3002 574 3087 pabulatum
607 3002 766 3087 mittebat,
802 3005 888 3088 quod
922 3027 976 3088 ea,
1012 3026 1096 3090 quae

117 3108 197 3169 citra
225 3104 346 3167 flumen
375 3105 518 3189 fuerant,
549 3106 767 3192 superioribus
791 3106 905 3173 diebus
928 3129 1096 3195 consump-

94 3216 211 3277 2serat.
257 3208 329 3271 Hoc
358 3205 444 3270 idem
460 3209 534 3297 ,fere
557 3218 654 3293 atque
677 3208 792 3273 eadem
819 3209 859 3274 de
883 3232 981 3276 causa
1003 3213 1096 3277 Pom-

115 3313 222 3398 peiani
251 3313 412 3375 exercitus
446 3312 544 3376 duces
578 3312 754 3396 faciebant,
796 3313 975 3399 crebroque
1011 3317 1097 3381 inter

115 3440 150 3482 se
173 3416 376 3503 equestribus
405 3416 532 3502 proeliis
556 3417 802 3483 contendebant.
848 3420 924 3484 Huc
949 3440 1024 3484 cum
1046 3441 1096 3484 co·

93 3521 239 3588 stidiana
268 3520 499 3587 consuetudine
523 3543 713 3606 congressae
740 3521 984 3608 pabulatoribus
1004 3544 1096 3610 prae
