2376 3924
392 243 503 294 mene
521 242 543 309 1,
564 242 640 293 cnr.
661 245 735 294 t-o.
1035 245 1055 308 9

72 435 287 498 demonstrat:
320 433 403 498 velle
431 434 621 517 Pompeium
651 455 685 496 se
709 432 841 499 Caesari
869 443 1077 520 purgatum‚³

72 561 113 604 ne
136 561 191 621 ea,
215 559 298 623 quae
321 537 518 624 reipublicae
541 559 640 601 causa
663 540 780 622 egerit,
810 540 844 602 in
868 561 960 602 suam
984 562 1054 603 con-

73 643 237 708 tumeliam
266 651 381 705 vertat.
429 642 563 726 Semper
593 664 627 705 se
655 641 853 727 reipublicae
887 643 1055 706 commoda

72 750 206 834 privatis
229 746 519 812 necessitudinibus
534 745 686 810 habuisse
709 748 842 832 potiora.
879 746 1053 811 Gaesarem

72 874 200 937 quoque
228 874 286 936 pro
316 873 375 913 sua
398 849 555 934 dignitate
579 849 698 913 debere
721 859 754 914 et
776 850 918 914 studium
941 861 972 915 et
996 853 1079 914 ira-¹

72 955 223 1021 cundiam
246 977 339 1018 suam
360 953 557 1038 reipublicae
573 952 734 1017 dimittere
758 975 863 1038 neque
886 954 967 1018 adeo
983 979 1054 1039 gra·

71 1062 154 1124 viter
176 1059 272 1122 irasci
293 1059 443 1139 inimicis,
474 1066 524 1140 ut,
554 1079 629 1121 eum
657 1056 716 1121 illis
738 1080 854 1122 nocere
878 1081 912 1122 se
935 1068 1053 1143 speret,

72 1162 266 1247 reipublicae
281 1170 405 1226 noceat.
429 1163 539 1225 Pauca
555 1160 700 1225 eiusdem
715 1164 842 1245 generis
866 1162 957 1226 addit
980 1185 1075 1230 curus

72 1270 279 1331 excusatione
307 1268 440 1351 Pompei
472 1267 652 1330 coniuncta.
698 1266 824 1330 Eadem
853 1267 920 1330 fere
955 1277 1053 1351 atque

72 1371 193 1436 eisdem
214 1369 324 1435 verbis
347 1378 476 1455 praetor
491 1372 625 1434 Roscius
648 1372 716 1454 agit
739 1393 812 1434 eum
828 1369 967 1435 Caesare
983 1370 1054 1434 sibi-

73 1498 134 1560 que
157 1476 347 1560 Pompeium
370 1496 637 1537 commemorasse
660 1473 868 1539 demonstrat.

157 1579 186 1643 9.
217 1580 310 1660 Quae
332 1601 384 1642 res
407 1580 466 1644 etsi
488 1579 566 1643 nihil
589 1579 630 1642 ad
654 1578 808 1642 levandas
831 1580 963 1642 iniurias
987 1602 1080 1663 per--

72 1687 173 1748 tinere
201 1681 412 1765 videbantur,
446 1692 555 1747 tamen
589 1681 721 1745 idoneos
754 1689 869 1745 nactus
899 1681 1054 1763 homines,

71 1810 128 1873 per
152 1808 232 1873 quos
255 1808 304 1868 ea,
328 1807 411 1870 quae
427 1785 534 1867 vellet,
558 1786 600 1849 ad
624 1807 698 1848 eum
720 1785 951 1870 perferrentur,
976 1787 1067 1870 petit

71 1889 112 1954 ab
141 1900 294 1975 utroque,
325 1892 478 1974 quoniam
500 1891 633 1974 Pompei
664 1889 820 1954 mandata
843 1889 885 1953 ad
908 1912 942 1953 se
966 1890 1053 1953 detu-

69 1994 242 2075 le1·int‚ne
272 2003 450 2078 graventur
480 2015 538 2057 sua
567 2016 695 2078 quoquc
724 1993 768 2057 ad
797 2016 871 2058 eum
893 1993 1053 2078 postulata

70 2097 206 2178 deferre,
230 2099 256 2160 si
280 2119 381 2182 parvo
404 2095 514 2160 labore
537 2119 673 2180 magnas
690 2098 926 2161 controversias
942 2097 1053 2161 tollere

70 2210 167 2284 atque
196 2222 323 2263 omnem
351 2199 479 2264 Italiam
512 2209 602 2263 metu
636 2199 774 2264 liberare
808 2202 938 2285 possint.
985 2200 1076 2269 Sibi2

70 2326 197 2388 semper
220 2305 357 2388 primam
373 2302 569 2389 reipublicae
592 2303 690 2367 fuisse
715 2303 905 2387 dignitatem
921 2305 1052 2387 vitaque

69 2409 234 2491 potiorem.
280 2404 430 2470 Doluisse
453 2428 504 2489 se,
535 2406 620 2490 quod
651 2405 759 2491 populi
788 2408 924 2471 Romani
959 2406 1053 2469 bene-

69 2513 178 2574 ficium
212 2506 272 2573 sibi
300 2533 358 2595 per
391 2509 619 2574 contumeliam
650 2509 691 2573 ab
721 2511 856 2573 inimicis
885 2518 1053 2594 extorque-

69 2624 172 2696 retur,
202 2624 377 2699 ercptoque
407 2615 576 2678 semenstri
607 2616 740 2698 imperio
763 2615 795 2677 in
818 2611 933 2676 urbem
955 2622 1053 2678 retra·

69 2719 209 2800 heretur,
233 2720 323 2783 cuius
345 2716 487 2781 absentis
509 2719 668 2780 rationem
689 2715 803 2781 haberi
826 2718 981 2800 proximis
1005 2739 1054 2780 co-
1145 2755 1148 2760 ·

68 2826 164 2887 mitiis
194 2822 330 2908 populus
359 2823 511 2885 iussisset.
557 2822 682 2885 Tamen
710 2819 795 2884 hane
817 2822 976 2884 iacturam
998 2820 1075 2890 hos

68 2929 154 2990 noris
170 2929 219 2990 sui
234 2924 430 3010 reipublicae
454 2945 552 2988 causa
575 2945 679 3008 aequo
702 2925 808 2987 animo
831 2922 956 2988 tulisse:
980 2947 1054 2990 cum

68 3029 190 3093 litteras
206 3029 248 3093 ad
272 3037 419 3092 senatum
442 3029 574 3109 miserit,
598 3036 633 3090 ut
657 3049 767 3091 omnes
791 3026 832 3091 ab
856 3028 1053 3093 exercitibus

68 3133 283 3214 discederent,
306 3154 347 3196 ne
369 3133 403 3196 id
427 3132 558 3217 quidem
581 3132 814 3218 impetravisse.
853 3133 937 3196 Tota
958 3132 1075 3197 Italia4

69 3236 211 3300 delectus
227 3235 351 3318 haberi,
374 3238 504 3301 retineri
521 3236 661 3322 legiones
675 3254 712 3318 11,
737 3258 820 3320 quac
843 3236 885 3299 ab
909 3257 942 3298 se
959 3238 1051 3299 simu-

68 3341 186 3405 latione
202 3340 346 3404 Parthici
361 3339 435 3404 belli
459 3342 522 3404 sint
544 3339 715 3421 abductae,
740 3340 904 3403 civitatem
928 3360 997 3401 csse
1021 3342 1053 3402 in

69 3447 175 3508 armis.
210 3446 361 3526 Quonam
383 3443 465 3508 haee
488 3445 593 3507 omnia
615 3444 676 3507 nisi
699 3440 742 3505 ad
765 3462 856 3504 suam
878 3443 1053 3526 perniciem

69 3548 252 3632 pertinere?
298 3547 363 3614 Sed
386 3557 496 3612 tamen
525 3546 568 3611 ad
591 3549 697 3612 omnia
720 3567 754 3610 se
776 3544 974 3610 descendere
996 3563 1073 3630 pas
