2376 3924
406 251 516 301 amna
534 251 555 314 1,
575 249 652 301 etr.
671 250 782 301 rrsssr.
1041 251 1083 317 35

188 444 240 508 49.
264 443 310 508 At
325 446 487 508 exercitus
502 441 630 507 Afranii
652 445 794 507 omnium
815 465 923 506 rerum
939 442 1081 509 abunda·

102 547 158 612 bat
182 550 281 634 copia.
320 548 459 611 Multum
482 556 553 611 erat
567 547 766 611 frumentum
782 549 946 632 provisum
962 555 994 611 et
1009 570 1080 612 con-

101 661 231 715 vectum
260 650 478 736 superioribus
507 650 723 736 temporibus,
758 651 894 716 multum
924 676 967 715 cx
995 655 1081 717 omni

101 757 266 839 provincia
298 755 575 841 comportabatur,
605 779 724 841 magna
753 758 845 841 copia
874 756 981 841 pabuli
1009 779 1080 841 sup-

100 860 240 944 petebat.
286 862 413 926 Harum
437 863 578 925 omnium
601 884 710 925 rerum
733 860 903 925 facultates
926 861 994 924 siue
1017 859 1101 924 ullo²

100 963 242 1047 periculo
258 986 338 1049 pons
360 964 485 1028 Ilerdae
501 963 680 1049 praebebat
703 974 734 1028 et
756 963 825 1028 loca
848 973 937 1028 trans
959 963 1079 1027 flumen

98 1069 234 1151 integra,
259 1090 322 1152 quo
346 1070 473 1132 omnino
497 1065 617 1131 Caesar
640 1068 729 1132 adire
753 1078 974 1153 non'potcrat.

185 1171 235 1235 50.
270 1173 343 1237 Hae
373 1182 622 1258 permanserunt
650 1194 755 1257 aquae
784 1172 853 1236 dies
888 1173 1076 1257 complures.

99 1275 241 1340 (leuatus
267 1284 315 1339 est
338 1273 459 1338 Caesar
481 1275 616 1338 reficere
639 1284 768 1360 pontes,
793 1274 851 1339 sed
873 1298 935 1339 nec
956 1278 1077 1360 magni·

98 1379 176 1443 tudo
192 1380 333 1443 fluminis
349 1378 566 1464 permittebat,
590 1400 696 1463 neque
719 1378 762 1442 ad
777 1380 882 1464 ripam
904 1379 1076 1464 dispositae

99 1482 245 1546 cohortes
262 1482 522 1546 adversariorum
537 1481 649 1566 perfici
664 1481 879 1566 patiebantur.
905 1482 1001 1563 Quod
1018 1482 1098 1546 illis2

98 1586 269 1670 prohibere
293 1595 363 1649 erat
377 1585 470 1649 facile
487 1608 560 1648 eum
576 1587 674 1670 ipsius
690 1585 830 1649 fluminis
846 1594 963 1650 natura
978 1596 1076 1671 atque

97 1712 201 1773 aquae
224 1689 456 1774 magnitudine,
480 1698 549 1753 tum
572 1688 658 1773 quod
682 1712 723 1754 ex
747 1690 820 1752 totis
835 1691 912 1774 ripis
928 1691 961 1754 in
976 1713 1076 1755 unum

96 1803 193 1877 atque
216 1803 389 1880 angustum
412 1793 517 1858 locum
538 1783 603 1858 tela
630 1792 846 1876 iaciebantur3
879 1803 976 1879 atque
1006 1804 1076 1859 erat

96 1896 225 1962 difficile
254 1897 368 1962 eodem
402 1907 546 1982 tempore
574 1896 777 1983 rapidissimo
810 1898 942 1962 flumine
977 1921 1075 1984 opera

94 2001 251 2085 perficere
274 2011 307 2066 et
328 2000 393 2066 tela
414 2003 527 2066 vitare.

181 2107 232 2170 51.
267 2107 443 2171 Nuntiatur
466 2104 602 2170 Afranio
625 2129 759 2192 magnos
783 2118 995 2192 commeatus,
1019 2111 1074 2194 qui

93 2213 157 2273 iter
186 2209 352 2274 habebant
374 2210 416 2275 ad
440 2209 628 2294 Caesarem,
663 2211 706 2276 ad
733 2212 854 2275 flumen
883 2215 1071 2278 constitisse.

55 2386 59 2393 ¹
94 2315 262 2377 Venerant
284 2335 322 2377 eo
344 2316 501 2399 sagittarii
524 2337 567 2379 ex
589 2316 733 2399 Rutenis,
757 2316 882 2400 equites
901 2339 943 2380 ex
966 2316 1071 2382 Gallia

93 2439 167 2480 cum
189 2416 296 2481 multis
319 2420 636 2505 earris‘magnisque
664 2419 916 2505 impedimentis,
946 2431 982 2486 ut
1008 2421 1072 2486 fert

93 2521 217 2586 Gallica
251 2522 458 2587 consuetudo.
503 2524 608 2588 Erant
640 2533 810 2610 praeterea
836 2525 990 2610 cuiusque
1017 2540 1092 2611 ge·²

92 2627 177 2689 neris
205 2626 372 2690 hominum
399 2626 485 2692 milia
509 2630 635 2692 circiter
659 2645 694 2691 vl
718 2651 791 2692 cum
820 2631 921 2693 servis
950 2629 1069 2695 liberis-

92 2752 170 2814 que3
194 2730 252 2795 sed
275 2730 379 2794 nullus
396 2730 484 2814 ordo,
508 2731 630 2796 nullum
645 2734 815 2817 imperium
838 2743 971 2818 certum,
996 2758 1069 2800 cum

91 2853 148 2896 suo
177 2834 313 2917 quisque
342 2833 472 2898 consilio
502 2844 647 2900 uteretur
681 2845 778 2920 atque
809 2849 920 2902 omnes
943 2841 1011 2904 sine
1033 2843 1068 2905 ti-

90 2958 179 2999 more
207 2937 268 3000 iter
291 2936 436 3003 facerent
461 2941 511 3003 usi
533 2941 735 3024 superiorum
760 2950 941 3026 temporum
970 2954 1067 3029 atque

89 3041 241 3105 itinerum
273 3040 410 3106 licentia.
456 3043 560 3108 Erant
588 3044 767 3129 complures
800 3046 926 3111 honesti
960 3048 1088 3112 adele-⁸

89 3154 232 3227 scentes,
262 3154 448 3211 senatorum
478 3146 535 3212 filii
562 3156 595 3212 et
624 3148 744 3213 ordinis
771 3152 944 3234 equestris3
974 3163 1067 3216 erant

88 3248 264 3332 legationes
306 3251 489 3335 civitatum
532 3261 625 3316 erant
657 3252 755 3339 legati
790 3253 946 3319 Caesaris
996 3256 1065 3320 Hos

88 3374 199 3417 omnes
231 3353 365 3419 flumina
399 3355 615 3422 continebant.
660 3358 715 3423 Ad
747 3359 806 3423 hos
839 3359 1087 3445 opprimendos«

88 3478 162 3520 cum
196 3460 281 3522 omni
315 3461 461 3544 equitatu
493 3459 660 3547 tribusque
697 3462 876 3557 legionibus
909 3462 1064 3528 Afranius

87 3557 128 3623 de
155 3569 249 3626 nocte
278 3561 505 3648 proficiscittur
536 3564 823 3651 imprudentesque
851 3576 926 3633 ante
959 3568 1063 3632 missis

875 3672 910 3720 «p
