2376 3924
395 233 505 284 116111
517 234 553 293 11,
567 233 642 284 cnr.
655 235 730 284 1-6.
1012 233 1053 298 63

77 442 265 491 extremum
294 428 380 490 vitae
403 427 581 512 periculum
611 428 701 491 adire
725 425 893 512 cogebant.
938 424 1077 508 Itaque2

78 554 121 595 ex
144 553 181 595 eo
204 552 338 594 numero
361 532 494 594 navium
516 530 603 594 nulla
626 530 809 595 desiderata
825 538 890 592 est:
913 551 956 591 ex
971 528 1055 591 Mas-

78 635 252 698 siliensium
276 635 376 700 classe
400 655 420 699 v
445 646 519 700 sunt
549 636 732 722 depressae,
763 653 799 698 lv
830 642 962 718 captae,
990 655 1056 696 una

78 760 152 801 cum
174 739 358 803 Nasidianis
381 739 538 825 profugit3
563 761 647 823 quae
671 761 781 802 omnes
804 739 985 801 citeriorem
1000 736 1055 798 Hi-

79 844 226 926 spaniam
254 845 447 928 petiverunt.
492 842 539 907 At
567 866 609 906 611
638 843 768 927 reliquis
791 864 856 904 una
880 841 1078 924 praemissas
1175 850 1176 854 ’

79 947 255 1011 Massiliam
285 947 379 1010 huius
409 949 512 1011 nuntii
541 947 726 1032 perferendi
753 947 858 1030 gratia
889 966 962 1008 cum
992 945 1057 1006 iam

79 1053 353 1136 appropinquaret
375 1051 458 1134 urbi,
482 1053 584 1115 omnis
600 1073 670 1114 sese
686 1049 855 1114 multitudo
879 1048 1005 1129 effudit,
1025 1058 1057 1111 et

79 1177 114 1217 16
138 1157 265 1239 cognita
280 1163 389 1218 tantus
404 1154 509 1218 luctus
526 1156 663 1238 excepit,
687 1163 723 1217 ut
746 1153 823 1217 urbs
846 1151 888 1215 ab
911 1151 1056 1215 hostibus

79 1268 174 1343 capta
197 1258 311 1322 eodem
332 1259 469 1343 vestigio
492 1258 668 1322 videretur.
707 1256 924 1321 Massilienses
947 1265 1079 1319 tamena

79 1361 177 1424 nihilo
201 1363 305 1424 secius
328 1361 371 1424 ad
395 1360 615 1425 defensionem
636 1359 726 1424 urbis
749 1359 873 1444 reliqua
897 1381 1055 1445 apparare

79 1475 262 1550 coeperunt.

166 1569 195 1633 8.
230 1571 290 1634 Est
313 1570 574 1634 animadversum
604 1570 646 1634 ab
669 1568 863 1654 legionibus,
896 1570 950 1652 qui
980 1566 1056 1630 dex-

80 1685 165 1750 tram
195 1683 322 1760 partem
352 1677 456 1761 operis
487 1673 765 1757 administrabant,
794 1695 836 1735 611
859 1670 981 1736 crebris
1004 1671 1057 1734 ho-

81 1780 178 1841 stium
200 1777 421 1863 eruptionibus
444 1801 562 1864 magno
585 1779 646 1844 sibi
676 1802 746 1842 esse
769 1777 929 1864 praesidio
952 1798 1055 1862 posse,

80 1883 106 1943 si
134 1881 179 1944 ibi
209 1904 266 1966 pro
298 1881 426 1946 castello
457 1906 496 1947 ac
525 1882 727 1967 receptaculo
751 1884 867 1945 turrim
889 1904 932 1944 611
957 1879 1057 1944 latere

80 1985 139 2048 sub
163 2007 255 2049 muro
278 1985 438 2050 fecissent.
484 1987 592 2068 Quam
615 1989 717 2071 primo
741 1986 783 2050 ad
806 1986 990 2071 repentinos
1012 1986 1056 2047 in·

80 2112 193 2153 cursus
215 2089 369 2153 humilem
391 2111 592 2175 parvamque
614 2090 769 2155 fecerunt.
814 2091 889 2154 Huc
916 2112 950 2152 se
976 2088 1078 2153 refe-s

79 2192 210 2276 rebant3
249 2196 340 2276 hinc,
372 2196 397 2258 si
431 2216 496 2279 qua
525 2197 628 2258 maior
658 2202 862 2279 oppresserat
890 2195 955 2275 vis,
987 2215 1057 2277 pro-

80 2298 286 2383 pugnabant3
317 2300 392 2365 hinc
422 2299 465 2363 ad
494 2299 715 2384 repellendum
742 2308 774 2362 et
796 2296 1057 2382 prosequendum

80 2402 207 2465 hostem
237 2403 481 2488 procurrebant.
526 2403 666 2468 Patebat
687 2403 769 2466 haec
792 2423 920 2486 quoquo
943 2421 1058 2464 versus

80 2505 180 2589 pedes
196 2524 280 2590 xxx,
304 2506 363 2571 sed
384 2510 545 2592 parietum
568 2505 746 2571 crassitudo
762 2505 861 2590 pedes
879 2523 908 2569 v.
940 2505 1079 2568 Posteas

81 2631 171 2691 vero,
195 2621 231 2675 ut
254 2621 303 2675 661
324 2633 435 2675 rerum
457 2613 599 2674 omnium
614 2612 768 2695 magister
783 2631 869 2691 usus,
893 2607 1059 2671 hominum

80 2712 226 2776 adhibita
244 2713 384 2778 sollertia
399 2717 567 2778 inventum
582 2724 631 2778 est
646 2735 763 2797 magno
780 2735 849 2776 esse
865 2714 936 2775 usui
955 2733 1057 2797 posse,

81 2818 108 2878 si
125 2816 206 2880 haec
228 2827 314 2881 esset
336 2820 369 2881 in
392 2817 593 2882 altitudinem
615 2819 714 2880 turris
736 2816 829 2881 olata.
864 2816 904 2880 ld
925 2815 987 2880 hac
1010 2839 1058 2879 ra-

80 2922 166 2983 tione
189 2920 369 3007 perfectum
391 2930 449 2984 est.

168 3024 197 3087 9.
222 3023 287 3089 Ubi
310 3027 408 3089 turris
431 3024 565 3089 altitudo
588 3026 746 3111 perducta
768 3035 817 3090 est
841 3027 882 3090 ad
907 3026 1058 3090 contabu-

80 3128 241 3211 lationem,
265 3151 338 3192 eam
360 3131 394 3192 in
415 3131 555 3215 parietes
578 3133 811 3214 instruxerunt,
834 3133 879 3196 ita
901 3139 937 3193 ut
953 3132 1058 3215 capita

80 3234 243 3318 tignorum
280 3244 427 3298 extrema
464 3237 624 3320 parietum
661 3244 824 3300 structura
860 3242 1058 3320 tegerentur,

80 3359 120 3400 ne
144 3338 222 3421 quid
245 3339 417 3420 emineret,
446 3336 503 3401 ubi
532 3339 615 3423 ignis
637 3338 777 3402 hostium
800 3336 1057 3401 adhaeresceret.

80 3441 176 3505 Hanc
198 3464 295 3528 super
318 3442 606 3526 contignationem,
637 3452 794 3527 quantum
816 3449 937 3505 tectum
960 3439 1080 3526 pluteis

81 3567 119 3609 ac
152 3547 322 3611 vinearum
358 3567 490 3632 passum
522 3555 587 3630 661,
624 3545 789 3611 latericulo
826 3544 1059 3611 adstruxerunt
